1835 2906
203 95 287 136 350

658 103 807 133 SEXTI
845 103 1045 134 POMPElI
1082 102 1216 133 FEST!

206 198 423 248 Larvati‚³
444 197 613 247 furiosi,
634 201 678 239 et
697 201 842 238 mente
863 197 982 252 moti,
1004 197 1133 250 quasi
1153 197 1287 238 larvis
1310 196 1516 236 exterriti.

207 267 350 307 Latex
364 265 379 287 b
401 278 428 306 a
452 265 597 319 lapsu,
626 266 845 319 profluens
872 278 990 319 aqua
1009 265 1193 306 dicitur:
1224 264 1384 305 utimur
1404 268 1549 305 tamen
1564 263 1647 304 hoc

262 333 477 374 vocabulo
491 338 534 374 et
555 335 597 374 in
618 334 733 375 vino.

206 400 362 441 Latine
387 401 542 455 loquic
579 415 605 442 a
637 401 763 442 Latio
794 400 961 456 dictum
991 403 1071 449 est,
1104 412 1205 452 quae
1236 398 1404 439 locutio
1435 397 1548 439 adeo
1582 401 1652 437 est

265 480 405 517 versa,
425 473 473 508 ut
494 469 571 509 vix
592 469 680 509 ulla
700 480 803 522 pars
823 468 919 522 ejus
938 471 1115 508 maneat
1135 467 1180 507 in
1200 464 1407 506 notitia.¹⁶

208 535 516 576 Latitaverunt
531 534 547 558 ‘¹
570 535 684 577 Cato
702 536 849 589 posuit
865 549 945 589 pro
963 548 1085 589 saepe
1105 534 1315 576 tulerunt.

210 603 414 644 Latraree
437 603 604 644 Ennius
626 617 705 657 pro
727 615 910 656 poscere
934 603 1094 656 posuit.

211 669 450 712 Latronesf
493 684 573 712 eos
605 671 777 725 antiqui
808 671 1025 721 dicebant,
1057 671 1131 724 qui
1162 669 1366 711 conducti
1393 666 1654 715 militabant,

819 788 935 802 οοοοοο

256 859 296 887 16
320 855 387 887 Alii
405 856 480 887 libri
497 855 639 887 innoxia.

939 788 1055 801 eeeeee

864 941 1001 974 NOTAE

214 1011 249 1038 et
277 1006 468 1042 Laurentiae,
499 1012 533 1038 et
566 1007 611 1038 ita
642 1008 750 1039 Varro
787 1008 846 1040 lib.
876 1018 910 1039 v.

215 1056 316 1087 Ovid.
341 1057 397 1087 lib.
414 1066 468 1088 ιιι.
487 1058 580 1089 Fast.
626 1058 692 1089 Sed
715 1059 912 1100 DionysiuS,

214 1106 432 1146 Plutarchus,
448 1106 538 1138 Gell.
566 1108 720 1139 Macrob.
755 1110 911 1141 Lactant.

216 1156 404 1198 praeferunt
449 1158 600 1189 Larentia
637 1164 672 1190 et
719 1160 910 1191 Larentalia.

218 1208 330 1238 Livius
349 1208 451 1238 etiam
468 1208 525 1238 lib.
540 1218 564 1240 1.
587 1210 596 1226 ⁴
615 1209 669 1240 Ab
686 1219 726 1241 eo
745 1210 786 1240 ad
803 1210 913 1241 stabu-

216 1257 248 1287 la
270 1258 435 1289 Larentiae
459 1259 554 1289 uxori
578 1259 772 1290 educandos
795 1260 915 1292 datoS.r

217 1308 262 1338 Et
276 1307 403 1338 'rabula
432 1307 524 1338 Fast.
551 1318 661 1339 mense
687 1309 864 1340 Decembri
883 1319 913 1340 Ε.

219 1365 300 1388 ιΑιι.
319 1365 377 1387 NP.
403 1356 437 1387 id
464 1364 527 1388 est.
551 1357 561 1374 ‘
584 1359 777 1390 Larentalia
804 1359 914 1390 nefas-

219 1412 272 1438 tus
290 1407 421 1447 primo.'
469 1409 562 1439 Libri
581 1410 718 1449 quidam
737 1420 797 1450 pro
813 1411 914 1441 nutri-

218 1457 259 1487 tii
290 1458 414 1488 liabent
450 1458 630 1498 inventoris,
662 1459 750 1499 quod
789 1461 917 1500 placuit

219 1509 402 1549 Scaligcro,
420 1509 564 1550 miliique
582 1511 682 1541 etiam
702 1512 824 1550 placet.
863 1512 916 1542 In-

220 1562 326 1589 ventor
358 1559 432 1599 plus
463 1565 514 1590 est
547 1570 646 1600 quam
672 1561 834 1599 nutritius,
862 1562 916 1601 qui

220 1609 391 1650 expositos
408 1610 543 1641 sustulit
560 1616 662 1652 atque
676 1611 851 1650 educavit;
869 1612 917 1642 iu·

221 1660 314 1691 venti
341 1660 429 1690 enim
454 1660 599 1692 infantes
626 1662 785 1693 dicuutur
811 1663 839 1693 οἱ
859 1674 918 1702 χα-

221 1711 400 1751 μαιῤῥιφεῖς,
418 1717 453 1742 et
469 1713 526 1754 qui
544 1714 688 1753 expositi
707 1719 797 1752 suut,
819 1723 920 1754 prop-

225 1768 318 1793 terea
335 1763 367 1793 in
386 1764 686 1795 constitutionibus
702 1765 786 1796 dicti
802 1776 919 1803 χαμευ-

224 1813 317 1853 ρετοί.
351 1814 551 1854 Quanquam
569 1824 633 1845 uon
650 1815 805 1856 displicet
819 1816 920 1847 nutri-

226 1864 274 1894 tii.
301 1864 385 1894 Dae.

268 1918 282 1934 ²
304 1913 451 1954 Larvati]
476 1913 531 1945 Sic
555 1915 690 1954 proprie
708 1914 921 1954 dicebantur,

227 1964 283 2004 qui
301 1963 362 1994 sibi
379 1964 500 2000 larvas,
516 1964 549 1994 id
567 1969 629 1999 est,
646 1970 812 1995 nocturna
828 1966 923 1996 terri-

228 2014 431 2049 culamenta,
462 2018 643 2045 nocturnos
670 2014 839 2045 dcemoues
877 2015 922 2045 vi-

227 2063 307 2093 dere
322 2063 534 2098 videbantur,
552 2064 656 2105 iisque
671 2069 766 2095 erant
783 2065 924 2095 exterri-

230 2114 267 2144 ti.
312 2113 400 2144 Vide
424 2117 432 2131 ‘
450 2113 626 2144 Cerritus.'
650 2115 747 2145 Idem.

270 2163 284 2184 b
309 2163 425 2203 Latex]
452 2164 574 2194 Melius
596 2165 729 2195 Servius
753 2175 771 2195 a
794 2165 926 2199 latendo,

231 2214 310 2254 quia
327 2214 372 2244 ibi
390 2215 464 2245 latet
479 2214 614 2246 humor:
639 2216 724 2245 latex
749 2219 860 2245 autem
891 2215 927 2245 li-

232 2274 369 2303 quorem
395 2270 525 2296 tantum
548 2265 727 2305 significat.
771 2266 781 2283 ‘
801 2264 928 2296 Lethaei

234 2315 274 2344 ad
293 2314 438 2345 fluminis
456 2315 577 2346 undam
595 2316 736 2347 Securos
759 2315 877 2346 latices
893 2320 929 2345 et

236 2365 333 2405 longa
359 2366 484 2396 oblivia
513 2365 655 2406 potant.’
700 2366 836 2406 LaticeS,
853 2366 874 2396 i.
892 2365 929 2396 li-

235 2425 385 2455 quorem,
402 2415 539 2448 fluenta.
588 2418 629 2447 Et
647 2417 741 2456 alibi,
764 2418 773 2433 ‘
791 2417 931 2447 Lenaeos

235 2466 367 2502 latices,
384 2467 588 2508 laticemque
607 2466 773 2508 Lyaeum.'
810 2466 850 2498 Id
869 2471 933 2506 est,

238 2516 365 2546 Bacchi
382 2516 556 2556 liquorem.
582 2518 679 2548 Idem.

281 2571 294 2586 Ε
322 2566 433 2596 Latine
463 2567 560 2607 loqui]
598 2567 761 2608 Polybius
792 2566 850 2598 iib.
878 2575 934 2597 ιιι.

239 2615 357 2646 eadem
376 2615 492 2646 scribit
515 2616 555 2646 de
583 2618 718 2658 antiqua
745 2618 865 2648 Latina
888 2617 933 2648 lo·

241 2666 396 2697 cutione:
408 2665 816 2707 τηλικαύτηγὰρ,ἰηᾳυίτ,ἦ
828 2668 932 2705 διαφο-

961 1006 999 1047 ρὰ
1012 1006 1126 1046 ’γέγονε
1141 1006 1197 1042 τῆς
1212 1005 1388 1044 διαλέκτου,
1413 1002 1462 1034 καὶ
1488 1002 1567 1043 παρὰ
1588 1001 1659 1033 Ῥω-

963 1056 1061 1096 μαίοις
1081 1058 1146 1088 τοῖς
1172 1057 1224 1087 νῦν
1242 1056 1317 1096 πρὸς
1335 1055 1393 1092 τὴν
1411 1055 1556 1095 ἆρχαῖαν,
1580 1053 1660 1084 ὥστε

963 1107 1037 1139 τοὺς
1059 1106 1290 1139 συνετωτάτους
1307 1105 1370 1137 ἔνια
1383 1104 1472 1143 μόλις
1488 1105 1519 1143 ἐξ
1534 1102 1661 1134 ἐπιστά-

966 1170 1042 1190 σεως
1057 1159 1243 1199 διευκρινεῖν.
1267 1158 1338 1190 Fal.
1358 1157 1464 1187 Ursin.

1009 1211 1124 1241 Latine
1139 1209 1236 1250 loqui]
1251 1208 1376 1239 Omnia
1392 1205 1569 1247 sequeutia
1585 1209 1664 1235 suut

968 1260 1080 1291 Pauli.
1127 1261 1191 1292 Qui
1209 1257 1359 1290 fateatur
1382 1257 1437 1286 vix
1461 1256 1561 1286 ullam
1578 1255 1664 1286 noti-

968 1311 1048 1341 tiam
1073 1310 1186 1341 Latini
1215 1308 1376 1339 sermonis
1408 1315 1598 1345 superesse,
1624 1314 1664 1334 ue

969 1369 1141 1400 speremus
1159 1359 1200 1390 ab
1215 1369 1254 1390 eo
1271 1355 1448 1389 Latinitati
1466 1356 1668 1393 consultum,

969 1411 1022 1451 qui
1041 1411 1097 1441 illo
1115 1409 1260 1440 barbaro
1274 1408 1400 1439 saeculo
1415 1407 1553 1437 Festum
1571 1406 1665 1436 nobis

969 1460 1151 1491 mutilavit.
1175 1460 1244 1490 Jos.
1262 1458 1344 1490 Scal-

1011 1510 1026 1530 (Ι
1042 1509 1277 1548 Lutum-erunt]
1297 1508 1323 1539 A
1343 1509 1460 1548 latum,
1474 1508 1582 1539 latito.
1618 1506 1667 1537 Ut

973 1570 991 1590 a
1008 1560 1148 1599 dictum,
1161 1560 1293 1591 dictito.
1317 1560 1413 1591 Idem.

1016 1614 1029 1630 e
1042 1609 1350 1650 Latrare]Quidam
1366 1610 1431 1640 buc
1448 1607 1601 1639 referunt
1619 1608 1666 1638 lo-

974 1671 1049 1692 cum
1067 1661 1164 1692 Ennii
1185 1661 1240 1692 lib.
1259 1670 1311 1691 ix.
1337 1659 1460 1691 Annal.
1485 1661 1494 1676 ‘
1513 1659 1668 1690 Animus-

974 1723 1037 1753 que
1067 1713 1099 1743 in
1129 1717 1270 1752 pectore
1299 1710 1424 1742 latrat.’
1476 1710 1541 1740 Sed
1574 1718 1667 1740 vero-

976 1763 1081 1794 simile
1109 1772 1173 1793 non
1201 1766 1252 1792 est
1278 1770 1318 1792 eo
1342 1762 1479 1792 Festum
1506 1759 1671 1797 allusisse,

977 1820 1035 1844 aut
1051 1814 1077 1844 si
1094 1814 1258 1851 alluserit,
1274 1821 1453 1852 perperam
1467 1810 1589 1841 fecisse
1603 1818 1672 1840 cer·

979 1870 1049 1895 tum
1066 1868 1128 1894 est.
1167 1863 1235 1894 Hic
1253 1863 1340 1893 enim
1357 1863 1465 1900 latrat,
1483 1870 1549 1891 non
1562 1859 1673 1900 poscit,

977 1914 1035 1945 sed
1064 1915 1188 1953 clamat,
1217 1914 1433 1944 tumultuatur.
1499 1911 1598 1945 Quod
1629 1919 1671 1941 ex

980 1965 1118 1995 llomeri
1143 1964 1300 2004 Odyssea
1325 1962 1495 2002 expressit
1526 1960 1672 1992 Ennius:

979 2014 1093 2055 Κραδίη
1123 2014 1147 2044 δ’
1179 2014 1208 2045 οἷ
1234 2012 1318 2044 ἔνδον
1348 2011 1484 2043 ὑλάκτει.
1540 2010 1674 2041 Latrare

978 2075 1060 2096 vero
1078 2075 1137 2105 pro
1152 2073 1273 2104 poscere
1286 2063 1398 2103 posuit
1412 2063 1549 2092 Lucret.
1565 2060 1620 2090 lib.
1635 2069 1675 2090 ιι.

980 2117 989 2132 ‘
1011 2115 1066 2146 Nil
1084 2115 1173 2145 aliud
1190 2114 1250 2144 sibi
1268 2118 1421 2143 naturam
1449 2112 1588 2144 latrare.
1610 2109 1675 2140 nisi

981 2170 1018 2195 ut
1050 2173 1148 2205 quom
1179 2163 1330 2203 Corpore
1371 2161 1541 2202 sejunctus
1577 2159 1674 2190 dolor

982 2213 1092 2245 absit.‘
1115 2214 1212 2244 Idem.

1025 2262 1036 2284 f
1056 2262 1224 2302 Latrones]
1246 2262 1356 2293 Varro
1386 2261 1444 2291 lib.
1466 2268 1516 2291 vt.
1540 2259 1600 2290 ἀπὸ
1621 2261 1676 2290 τοῦ

982 2313 1115 2354 λα’τρουε
1138 2314 1160 2344 i.
1177 2311 1346 2344 mercede.
1372 2311 1443 2342 Ful.
1464 2310 1571 2341 Ursin.

1028 2365 1193 2405 Latrones]
1229 2364 1322 2403 Lege
1347 2362 1406 2393 ἀπὸ
1428 2363 1484 2393 τοῦ
1506 2360 1635 2402 λάτρου,
1657 2373 1676 2392 α

984 2415 1075 2455 stipe,
1097 2420 1132 2446 et
1163 2415 1210 2445 ita
1233 2414 1294 2444 viri
1318 2413 1420 2444 docti.
1459 2412 1574 2442 Plaut.
1603 2411 1677 2442 Mil.

986 2465 1042 2496 Gt.
1060 2469 1122 2496 1.l.
1139 2466 1147 2481 ‘
1161 2465 1248 2496 Nam
1263 2474 1321 2495 rex
1336 2464 1495 2494 Seleucus
1510 2472 1562 2492 me
1574 2471 1677 2502 opere

987 2517 1097 2547 oravit
1113 2525 1278 2554 maxumo,
1302 2514 1351 2545 Ut
1375 2513 1437 2543 sibi
1461 2513 1607 2542 latrones
1624 2521 1679 2542 co-

990 2575 1102 2606 gerem
1142 2569 1243 2606 atque
1273 2561 1544 2595 conscriberem!
1593 2561 1678 2592 Inde

988 2615 1169 2646 latrocinari
1194 2624 1254 2655 pro
1274 2614 1408 2644 militare
1431 2611 1518 2642 idem
1545 2611 1681 2642 ibidem.

992 2666 1038 2696 Ut
1063 2670 1175 2696 autem
1200 2663 1359 2694 militibus
1380 2660 1497 2701 λάτρων
1511 2662 1678 2693 latronum
