1835 2906
362 170 423 199 DE
458 168 729 200 VERBORUM
762 167 1167 199 SIGNIFICA'PIONE
1209 170 1302 201 [AB.
1335 171 1365 200 Ι.

1525 161 1582 203 93

142 264 255 305 Arse
285 275 424 313 verse,
447 267 592 304 averte
626 264 767 316 ignem
791 262 1033 315 significat:
1065 262 1313 303 Tuscorum
1349 261 1465 303 enim
1498 263 1582 304 lin-

199 344 283 383 gua
303 343 418 380 arse,
440 334 609 372 averte:
641 343 778 380 verse,
812 330 958 383 ignem
991 333 1166 371 constat
1194 329 1435 383 appellari:
1464 331 1581 372 unde

195 397 405 438 Afranius
438 398 524 439 ait:
556 399 777 439 Inscribat
794 398 954 451 aliquis
976 398 1020 437 in
1043 398 1175 446 ostio,
1202 408 1325 438 ARSE
1347 403 1551 438 VERSE.¹¹¹

138 464 409 515 Arsineum,¹¹
439 470 735 506 ornamentum
764 466 925 518 capitis
945 465 1178 505 muliebris.

138 531 366 574 Artifices⁰
399 533 520 583 dicti,
552 532 670 587 quod
698 533 925 573 scientiam
959 546 1084 574 suam
1104 545 1184 586 per
1200 537 1321 573 artus
1344 537 1578 585 exercent;

784 676 927 710 NOTAE

135 754 151 783 ὁ
173 753 323 792 τοξότης,’
348 756 356 772 ‘
376 760 520 794 arentes,
544 754 572 785 οἵ
593 755 736 794 τοξόται.’
782 755 826 785 Et

138 804 308 835 ‘arcites.'
353 805 483 836 Glossae
500 806 638 845 Isidori,
661 807 671 823 ‘
689 806 826 840 arcites,

132 854 325 893 sagittarii!
377 855 433 886 Sic
463 856 504 886 ab
528 857 672 895 ‘armis‚’
702 858 710 873 ‘
729 857 827 887 armi-

134 903 206 941 tes‚’
219 903 354 944 ὁπλῖται,
367 905 423 946 qui
438 907 446 922 ‘
457 906 626 941 arniutes,'
642 913 677 937 ut
693 917 711 936 a
725 909 732 923 ‘
744 906 822 937 flex-

132 952 193 990 us,'
216 955 224 970 ⁶
241 952 391 989 flexitis,'
414 959 448 986 et
474 954 658 995 ‘flexutes,'
681 957 823 997 equiteS.

132 1004 230 1035 Idem·

173 1057 195 1072 ¹¹¹
218 1053 299 1084 Arse
320 1054 421 1094 verse]
460 1056 516 1086 Ita
544 1066 658 1087 versus
691 1055 825 1088 Afranii

129 1104 292 1144 legendus
318 1109 390 1136 est:
417 1105 573 1138 Inscribat
606 1108 720 1147 aliquis
744 1108 824 1139 Arse

134 1154 229 1186 Vorse
247 1155 281 1185 in
305 1156 395 1186 ostio.
440 1156 480 1186 In
499 1167 564 1197 quo
582 1158 746 1189 versiculo
771 1168 821 1189 os-

128 1205 280 1236 tenditur
296 1206 491 1246 superstitio
506 1208 683 1247 Veterum,
705 1209 761 1250 qui
779 1209 820 1240 ad

128 1255 375 1295 deprecandum
422 1257 616 1288 incendium
662 1259 820 1290 inscribe-

127 1305 207 1336 bant
235 1307 266 1336 in
293 1307 379 1337 ostio
399 1308 514 1338 nescio
540 1308 635 1349 quid,
661 1309 749 1350 quod
779 1310 821 1340 ad

127 1365 199 1386 eam
219 1365 286 1387 rem
303 1355 447 1388 faceret.
481 1358 611 1390 Plinius
628 1360 684 1390 lib.
697 1368 821 1392 xxxu.

124 1405 134 1421 ‘
162 1406 273 1436 Etiam
312 1408 457 1446 parietes
495 1409 724 1440 incendiorum
762 1411 820 1441 de-

125 1456 378 1494 precationibus
417 1459 706 1490 conscribuntur.'
750 1461 819 1492 Jos.

124 1506 207 1537 Scal.

167 1558 248 1590 Arse
262 1560 363 1601 verse]
391 1560 455 1591 His
480 1561 651 1593 vocabulis
679 1562 819 1593 uteban-

125 1612 179 1638 tur
195 1609 235 1639 ad
250 1612 469 1641 avertendum
489 1611 692 1645 incendium.
727 1614 817 1645 Plin.

124 1657 180 1688 lib.
203 1667 344 1691 xxvru.
365 1661 374 1677 ⁴
392 1661 502 1692 Etiam
529 1663 677 1701 parietes
703 1663 818 1694 incen-

123 1706 253 1740 diorum
278 1710 576 1750 deprecationibus
599 1713 817 1744 conscribun-

124 1758 201 1788 tur.’
248 1760 370 1800 Neque
392 1771 473 1800 arse,
503 1766 632 1798 averte,
656 1773 753 1801 verse,
769 1764 817 1803 ig-

122 1817 210 1846 nem,
224 1818 298 1840 cum
309 1811 412 1841 Festo
426 1812 649 1852 interpretor:
668 1813 726 1843 sed
740 1823 817 1844 con·

123 1862 176 1888 tra
199 1869 267 1889 arse
292 1860 429 1892 videtur
454 1872 513 1902 pro
530 1864 653 1901 arsisse,
676 1868 711 1895 et
733 1874 818 1896 verse

121 1917 183 1947 pro
198 1913 294 1947 verte,
309 1910 341 1940 id
359 1917 423 1951 est,
445 1918 572 1944 averte.
621 1914 697 1945 Nisi
722 1915 815 1945 malis

119 1958 192 1988 haec
209 1960 321 1990 omnia
336 1969 410 1991 esse
427 1961 468 1992 ad
486 1962 660 1994 arbitrium
674 1963 765 2000 ficta,
780 1968 816 1995 ut

120 2007 219 2039 hodie
241 2008 312 2040 fieri
343 2011 495 2043 videmus
515 2012 556 2043 ab
580 2013 628 2044 his
652 2014 707 2055 qui
725 2019 815 2046 artes

118 2059 267 2098 magicas
285 2064 445 2092 tractant.
469 2062 549 2093 Duc.

170 2108 325 2140 Inscribat
360 2111 491 2152 uliquis]
529 2112 632 2144 Hunc
680 2123 814 2146 versum

120 2155 251 2189 Afranii
277 2160 325 2190 sic
352 2161 435 2201 legit
461 2163 634 2203 Scaliger:
658 2164 816 2197 Inscribat

118 2208 229 2248 aliquis
252 2210 333 2241 Arse
355 2211 450 2242 Vorse
474 2213 508 2243 in
533 2214 620 2244 ostio.
679 2215 814 2256 Opinor

119 2262 231 2288 autem
260 2269 334 2292 esse
363 2270 440 2292 eum
473 2273 514 2294 ex
541 2263 674 2296 Afranii
699 2264 815 2298 fabula

118 2307 128 2323 ⁴
147 2307 330 2340 incendio.’
353 2311 450 2344 Idem.

161 2357 366 2399 ”Arsinezmss
385 2362 469 2393 Cato
483 2363 624 2405 Origine
640 2375 703 2397 vn.
714 2367 723 2384 ‘
738 2366 814 2398 Mu·

118 2405 220 2437 lieres
236 2412 372 2447 opertas
388 2419 468 2441 auro
486 2422 717 2456 purpuraque,
732 2417 814 2447 arsi-

117 2456 186 2495 nia,
210 2461 297 2496 rete,
324 2457 492 2495 diadema,
517 2472 657 2495 coronas
685 2475 815 2507 aurem,

118 2515 251 2537 russeas
276 2506 411 2548 fascias,
437 2510 586 2552 galbeos,
612 2513 726 2554 lineas,
744 2518 815 2556 pel-

117 2554 177 2594 les,
202 2555 424 2590 redimicula!
469 2560 697 2594 Glossarium:
722 2567 731 2582 ‘
749 2565 813 2596 Ar-

118 2605 240 2645 sinum‚
256 2606 419 2648 διάκριμα.’
440 2610 509 2640 Jos.
526 2610 609 2642 Scal-

159 2655 341 2699 Arsineum]
373 2658 449 2689 Non
466 2661 548 2691 satis
565 2667 699 2693 constat
715 2665 813 2703 quale

118 2712 347 2739 ornamentum
369 2708 483 2741 fuerit.
531 2710 568 2742 In
598 2717 680 2744 vett.
703 2714 813 2746 Gloss.

881 753 1076 793 exponitur,
1101 752 1275 794 ’διάκριμα,
1299 752 1581 784 discerniculum)

881 803 981 834 Unde
1007 803 1171 843 suspicari
1198 804 1278 835 licet
1301 809 1457 835 ornatum
1474 802 1580 834 fuisse

882 863 947 894 quo
963 854 1078 893 capilli
1106 854 1139 884 in
1165 854 1249 885 duos
1266 854 1401 885 ordines
1417 855 1579 886 discrimi-

880 904 1060 943 nabantur,
1074 904 1164 945 quod
1189 904 1291 936 fiebat
1311 905 1410 941 vitta,
1429 906 1578 945 pectine,

881 959 916 984 et
938 963 1011 993 acu,
1039 964 1113 995 quae
1141 954 1218 985 inde
1235 954 1471 986 discriminalis
1487 955 1579 986 dicta

880 1008 941 1035 est.
973 1004 1107 1034 Arsinei
1124 1004 1275 1035 meminit
1291 1005 1376 1036 Cato
1392 1005 1425 1035 in
1443 1005 1577 1045 Origin.

879 1061 946 1084 vn.
970 1054 1154 1085 ‘Mulieres
1180 1060 1317 1094 opertas
1340 1065 1434 1095 auro,
1451 1065 1576 1096 purpu-

878 1113 1000 1144 raque:
1029 1105 1164 1144 affinia,
1183 1111 1270 1145 rete,
1296 1105 1466 1145 diadema,
1482 1116 1577 1137 coro-

879 1163 936 1184 nas
959 1164 1087 1190 ειη-935,
1114 1163 1244 1186 russeus
1271 1154 1404 1191 fascias,
1427 1156 1578 1196 galbeos,

876 1203 994 1242 lineas,
1023 1205 1142 1244 pelles,
1167 1204 1389 1237 redimicula.'
1432 1205 1471 1236 Iu
1492 1206 1575 1237 Mss,

877 1254 969 1284 Festi
997 1255 1162 1295 scriptum
1189 1260 1263 1286 erat
1291 1256 1460 1296 arnesium,
1485 1257 1575 1298 quod

878 1305 967 1335 nihili
983 1311 1047 1337 est.
1094 1307 1183 1337 Vide
1200 1307 1209 1323 ‘
1225 1307 1396 1339 Ruscum!
1418 1309 1499 1339 Dac.

918 1360 931 1374 ⁰
953 1356 1116 1398 Artifices]
1143 1356 1210 1388 Hic
1235 1357 1428 1388 Histriones
1451 1358 1575 1390 intelli=

876 1408 925 1448 git
953 1409 1088 1450 Festus,
1115 1420 1199 1451 quos
1227 1411 1295 1441 κατ’
1312 1410 1425 1450 ἐξοχὴν
1438 1412 1575 1453 artifices

875 1458 984 1490 dictos
1003 1459 1109 1492 fuisse
1130 1461 1294 1492 creditum
1319 1466 1384 1493 est.
1431 1461 1486 1492 Ab
1506 1466 1576 1493 arte

875 1515 987 1541 autem
1011 1510 1143 1550 artifex,
1170 1520 1236 1542 uon
1262 1520 1352 1549 vern,
1379 1516 1416 1543 ut
1439 1512 1575 1550 Festus,

874 1559 944 1590 sive
970 1560 1108 1600 Paulus,
1125 1561 1341 1602 quodbopera
1367 1566 1492 1602 artent,
1519 1564 1574 1594 vel

876 1610 963 1648 quod
988 1612 1164 1641 scientiam
1186 1621 1247 1652 per
1263 1617 1356 1642 artus
1374 1618 1572 1644 exerceant.

875 1661 996 1700 Neque
1010 1661 1158 1691 artifices
1173 1662 1284 1701 potius
1301 1663 1478 1694 histrione-s
1489 1663 1572 1695 dicti

873 1716 951 1741 sunt
978 1720 1077 1750 quam
1106 1711 1276 1752 tibicines,
1300 1713 1437 1754 medici,
1463 1714 1572 1754 picto-

873 1769 940 1798 res,
956 1766 1101 1800 sutores,
1117 1765 1152 1792 et
1169 1762 1238 1793 alii.
1272 1763 1361 1795 Quin
1379 1765 1479 1794 etiam
1493 1765 1572 1795 arli-

862 1809 942 1850 fices
969 1810 1009 1841 ab
1035 1811 1247 1841 histrionibus
1264 1811 1443 1852 distinguit
1459 1813 1573 1845 Plaut.

873 1860 905 1889 in
924 1860 1053 1899 prolog.
1071 1859 1222 1900 Amphit.
1246 1861 1347 1892 ‘Sive
1369 1863 1424 1903 qui
1452 1863 1571 1894 ambis-

872 1911 939 1942 sint
963 1913 1108 1952 palmam
1126 1913 1345 1945 histrionibus
1361 1925 1370 1952 ;
1394 1915 1460 1946 Seu
1478 1917 1571 1956 quoi-

871 1971 969 2002 quam
992 1962 1137 1993 artifici.'
1182 1963 1248 1994 Ubi
1276 1965 1361 1995 male
1380 1966 1572 2005 Lambinus,

871 2012 926 2053 qui
952 2017 1052 2053 putat
1074 2014 1232 2045 Plautum
1260 2015 1348 2045 idem
1366 2016 1499 2048 dicere:
1524 2017 1570 2048 ibi

870 2062 958 2092 euim
986 2062 1114 2094 artifex
1140 2064 1264 2095 dicitur
1281 2074 1365 2096 unus
1380 2075 1494 2097 eorum
1512 2069 1569 2108 qui

870 2112 987 2143 modos
1004 2113 1142 2153 fecere3
1166 2119 1281 2155 posset
1299 2116 1401 2146 etiam
1428 2121 1463 2147 et
1485 2126 1570 2147 unus

870 2172 888 2193 e
906 2164 1117 2194 niacliinariis
1137 2165 1292 2205 intelligi,
1315 2166 1373 2196 sed
1401 2167 1494 2206 prior
1510 2176 1568 2197 ex-

870 2213 1011 2254 plicatio
1028 2215 1132 2255 magis
1148 2215 1274 2255 placet.
1309 2216 1360 2246 De
1379 2216 1516 2247 medicis
1532 2223 1569 2248 et

868 2265 1039 2295 sutoribus
1052 2265 1160 2295 Varro
1182 2265 1241 2296 lib.
1255 2274 1303 2296 ιν.
1322 2264 1364 2295 de
1384 2266 1418 2296 L.
1432 2265 1469 2297 L.
1485 2266 1568 2297 ‘Ar-

869 2314 1017 2346 tificibus
1031 2315 1176 2346 maxima
1189 2325 1289 2346 causa
1301 2316 1342 2346 ab
1356 2321 1444 2355 arte,
1456 2317 1488 2347 id
1502 2323 1569 2356 est,

869 2365 911 2396 ab
938 2372 1012 2396 arte
1038 2365 1206 2396 medicina
1230 2370 1266 2396 ut
1290 2366 1334 2396 sit
1362 2367 1524 2406 medicus,
1547 2378 1567 2399 a

869 2416 999 2446 sutrina
1025 2415 1141 2446 sutor.'
1184 2416 1240 2446 De
1265 2416 1451 2456 pictoribus
1476 2417 1564 2450 idem

869 2466 1017 2496 lib.v1n.
1035 2466 1043 2482 ‘
1058 2465 1213 2496 Pictores
1232 2465 1384 2506 Apelles,
1401 2467 1567 2508 Protoge-

870 2525 943 2555 nes,
966 2515 1013 2545 sic
1039 2515 1095 2545 alii
1120 2514 1265 2547 artifices
1289 2526 1355 2547 non
1383 2518 1566 2558 reprehen-

869 2564 995 2595 dendi.y
1040 2565 1094 2595 De
1113 2565 1307 2598 tibicinibus
1323 2567 1425 2599 Ovid.
1442 2568 1498 2600 lib.
1515 2578 1565 2600 vr.

869 2616 961 2645 Fast.
992 2615 1002 2632 ‘
1018 2614 1116 2646 Adde
1145 2617 1235 2657 quod
1259 2617 1388 2658 AEdilis,
1407 2628 1563 2659 pompam

869 2667 924 2706 qui
943 2665 1066 2696 funeris
1084 2667 1183 2703 irent,
1198 2668 1358 2700 Artifices
1386 2671 1473 2701 solos
1490 2670 1563 2708 jus-

868 2716 951 2746 serit
967 2725 1040 2747 esse
1056 2715 1198 2749 decem!
1222 2718 1320 2750 Idem.
