1835 2906
225 110 305 153 156

675 123 823 154 SEXTl
860 123 1058 154 POMPEH
1095 123 1230 154 FEsTt

223 217 412 267 Cincia‚¹¹
434 216 560 257 locus
583 216 754 267 Romae,
774 217 850 258 ubi
873 217 1125 258 Cinciorum
1146 220 1474 257 monumentum
1495 216 1590 257 fuit.

221 283 379 324 Cincta
398 284 617 325 flaminica
632 290 649 306 Χ
670 290 796 326 veste
817 285 979 327 velata.

220 349 433 404 Cinguloy
455 364 571 394 nova
591 359 728 406 nupta
751 354 1112 406 praecingebatur,
1136 353 1255 407 quod
1277 353 1341 393 vir
1361 353 1405 393 in
1433 353 1547 393 lecto
1571 351 1659 392 sol-

275 418 421 468 vebat,
442 419 605 461 factum
627 434 683 461 ex
705 421 806 461 lana
827 421 948 461 ovis:
991 425 1041 461 ut
1061 421 1173 461 sicut
1195 421 1272 461 illa
1297 420 1342 461 in
1362 420 1535 472 glomos
1559 421 1660 459 sub-

274 484 362 527 lata
391 486 624 540 conjuncta
652 488 764 528 inter
797 500 845 527 se
875 487 946 538 sit,
981 488 1045 528 sic
1076 488 1143 528 vir
1170 499 1277 527 suus
1304 499 1457 527 secum
1487 486 1657 527 cinctus

868 596 1010 629 NOTAE

219 658 356 694 mantia,
370 659 422 689 vel
434 659 644 699 sciomantia,
656 665 693 691 ut
704 661 834 700 dicunt,
844 671 910 692 nou

215 709 277 738 nisi
292 708 338 738 ibi
356 713 490 748 poterat
506 708 603 748 fieri;
627 720 702 751 quae
720 713 791 742 sine
809 712 909 742 homi-

214 759 265 788 nis
287 758 454 790 occisione
471 769 537 790 non
560 760 662 791 fiebat
679 772 686 791 ε
713 771 786 792 nam
805 766 839 793 et
856 762 909 792 ΞΕ-

214 817 294 839 neas
320 809 387 839 illic
413 810 525 840 occiso
553 810 686 842 Miseno
715 822 812 843 sacra
844 813 909 843 ista

214 859 410 898 complevit,
437 864 473 889 et
499 860 633 900 Ulysses
661 861 775 892 occiso
806 863 909 902 Elpe-

212 917 307 946 nore,
332 918 517 950 quanquam
534 909 684 951 fingatur
700 913 733 943 in
757 918 910 944 extrema

211 960 330 989 oceani
360 966 456 1000 parte
490 961 630 1001 Ulysses
658 961 784 1002 fuisse;
818 963 906 1003 quod

212 1012 284 1048 ipse
321 1009 490 1042 Homerus
514 1010 634 1043 falsum
660 1021 734 1043 esse
759 1014 907 1045 ostendit

210 1068 253 1089 ex
270 1060 434 1101 qualitate
449 1062 598 1092 locorum
615 1072 689 1103 quae
706 1073 908 1095 commemo-

210 1114 277 1148 rat,
295 1115 329 1141 et
352 1115 506 1151 tempore
528 1114 766 1152 navigationis.
811 1115 909 1147 Dicit

210 1160 298 1190 enim
322 1170 396 1191 eum
422 1161 514 1193 circa
539 1172 639 1193 unam
665 1169 798 1195 noctem
816 1166 908 1195 navi-

211 1219 320 1248 gasse,
336 1211 427 1242 etad
444 1212 555 1242 locum
575 1213 718 1249 venisse,
734 1214 792 1245 ubi
810 1225 908 1246 sacra

210 1259 365 1299 perfecit.
408 1262 505 1294 Quod
524 1262 565 1292 de
584 1262 722 1295 Oceano
747 1274 812 1296 non
831 1275 906 1305 pro-

207 1310 313 1351 cedit,
330 1310 372 1341 de
390 1312 575 1352 Campania
596 1313 905 1346 manifestissimum

209 1361 284 1390 est!
326 1361 412 1394 Inde
433 1368 545 1395 autem
565 1366 748 1396 Cimmerios
770 1377 789 1397 a
812 1371 906 1398 tene·

207 1410 273 1441 bris
291 1421 410 1443 nomen
425 1413 549 1445 habere
566 1415 744 1447 Plioenices
761 1417 907 1449 fabulati

209 1467 298 1499 suut,
316 1468 352 1492 ut
370 1464 496 1503 optime
520 1466 651 1496 notavit
674 1466 823 1498 Doctiss.
840 1468 906 1498 Bo-

206 1512 342 1543 chartus
371 1514 402 1543 in
433 1514 594 1553 Cllanurm,
622 1515 678 1546 lib.
704 1525 728 1547 1.
752 1526 828 1557 cap.
852 1519 905 1547 33.

206 1562 283 1601 quia
297 1563 423 1593 cimmer
440 1564 486 1594 eis
509 1570 562 1595 est
577 1566 766 1604 nigrescere.
803 1567 903 1598 Unde

204 1616 213 1629 ⁴
229 1612 345 1642 cimrir
362 1613 579 1645 tenebrarum
595 1615 708 1646 atror.'
726 1617 822 1647 Idem.

249 1667 261 1681 ¹¹
289 1663 414 1703 Pincia]
446 1663 499 1694 Ad
539 1670 668 1704 portam
705 1667 903 1705 Romanam,

204 1713 260 1752 qui
285 1714 379 1745 locus
403 1715 444 1746 ab
470 1716 615 1756 antiquis
639 1717 802 1757 appellari
826 1718 902 1747 soli-

204 1766 258 1793 tus
275 1768 420 1795 ‘statuae
440 1765 591 1796 Cinciae!
635 1767 732 1798 Quod
758 1767 802 1797 ibi
827 1768 901 1807 ejus

203 1810 342 1842 familiae
359 1815 572 1853 sepulchrum
587 1814 663 1848 fuit.
707 1817 792 1849 Vide
808 1817 817 1834 ‘
836 1818 901 1849 Ro-

206 1870 336 1892 manam
354 1864 508 1902 portam.'
525 1865 623 1896 [dem.

243 1917 259 1932 Χ
288 1912 399 1944 Cincta
411 1913 591 1954 flaminica]
615 1915 817 1948 Flaminicas
834 1918 898 1949 nisi

201 1963 332 1994 velatas
354 1963 449 1994 nefas
474 1970 549 1995 erat
573 1967 739 2006 conspici.
784 1968 899 2000 Quare

202 2012 335 2043 assidue
370 2012 525 2045 flamenm
565 2016 759 2055 gestabant.
813 2019 899 2050 Vide

192 2063 320 2103 flumen.
352 2064 474 2096 Cincta
491 2065 592 2105 igitur
608 2066 807 2106 Flaminica,
823 2078 898 2108 quae

200 2119 304 2154 caput
325 2115 537 2155 'cingebatur
567 2114 697 2155 flameo,
720 2117 808 2158 quod
838 2117 897 2148 fla-

200 2172 311 2194 meum
333 2164 387 2195 hic
411 2168 525 2196 vestem
553 2171 664 2204 vocat,
689 2172 728 2198 ut
749 2166 838 2199 infra
865 2169 897 2199 in

198 2215 208 2231 ⁴
226 2213 368 2253 flameo,'
384 2214 393 2231 ‘
409 2215 669 2247 vestimentum!
692 2217 790 2249 Idem.

241 2269 254 2289 Y
281 2264 432 2306 Cingulo]
467 2266 575 2297 Varro
600 2267 608 2283 ‘
629 2267 896 2307 γεροντιδιδασκά-

198 2316 259 2351 Mi:
288 2315 402 2345 Novos
417 2315 555 2346 maritos
573 2316 699 2347 tacitus
718 2317 820 2348 taxiiu
837 2327 896 2348 ux-

199 2364 266 2393 oris
294 2364 447 2395 solvebat
473 2365 668 2406 cingulum.'
702 2367 798 2398 Idem
822 2378 898 2399 zona

197 2411 378 2442 dicebatur
398 2414 509 2444 Catul.
533 2419 541 2432 ⁴
561 2416 661 2448 Quod
688 2427 804 2448 zonam
831 2418 897 2449 sol-

198 2461 248 2492 vit
264 2462 321 2492 diu
344 2462 506 2502 ligatam!
550 2465 651 2496 Unde
668 2471 677 2484 ‘
692 2477 810 2498 zonam
833 2468 897 2499 sol-

198 2521 277 2542 vere
293 2511 301 2523 '
313 2521 373 2552 pro
391 2512 616 2553 devirginare.
640 2517 739 2548 Idem.

236 2568 248 2582 2
274 2561 466 2593 Herculaneo
481 2564 574 2604 nodo]
597 2565 638 2596 Id
658 2572 722 2606 est,
748 2567 896 2599 arctissi-

196 2621 261 2644 mo.
306 2612 393 2642 Vide
415 2613 543 2644 Erasm.
590 2615 692 2648 Hunc
705 2627 892 2658 repraesen-

196 2664 271 2694 tant
286 2662 320 2694 in
335 2662 500 2695 Mercurii
517 2663 612 2705 virga
629 2666 807 2700 Dracones
823 2678 894 2701 me-

966 662 1022 692 dia
1045 662 1195 702 corporis
1213 666 1310 701 parte
1339 664 1455 691 mutuo
1481 659 1657 700 implicati.

965 711 1121 742 Macrob.
1177 712 1186 727 ‘
1219 711 1266 742 Hi
1298 709 1504 749 Dracones‚⁷
1538 710 1658 750 inquit,

965 767 1062 801 parte
1091 761 1203 792 media
1234 760 1410 792 voluminis
1441 760 1658 791 sui.invicem

964 812 1170 851 nodo‚que1u
1185 816 1308 842 vocant
1327 810 1658 850 Herculis‚obligan-

965 867 1031 899 tur,
1051 862 1236 902 primaeque
1254 868 1366 902 partes
1383 861 1658 900 eorum‚reflexae

964 911 997 941 iu
1021 911 1196 950 circulum,
1216 912 1340 951 pressis
1357 912 1479 942 osculis
1495 911 1657 942 ambitum

962 961 1297 1000 circlllijuiiguiit,et
1314 966 1391 1001 post
1404 961 1526 991 nodum
1540 961 1657 992 caudae

963 1016 1167 1042 revocantur
1189 1011 1231 1042 ad
1257 1013 1411 1052 capulum
1431 1011 1583 1049 caducei,
1606 1021 1658 1042 or-

962 1067 1129 1100 naturque
1148 1061 1208 1091 alis
1223 1071 1265 1092 ex
1290 1062 1407 1092 eadem
1431 1062 1540 1101 capuli
1558 1066 1656 1102 parte

963 1110 1202 1142 nascentibus!
1246 1111 1399 1151 Hujusce
1423 1112 1471 1142 rei
1493 1111 1656 1142 rationem

962 1161 1103 1201 exponit
1135 1160 1383 1200 Athenagoras,
1420 1161 1454 1191 in
1493 1161 1656 1192 Oratione

963 1222 1037 1252 quae
1057 1211 1252 1243 inscribitur
1275 1211 1391 1250 legatio
1415 1212 1456 1241 ad
1474 1210 1572 1250 Impp.
1589 1210 1656 1241 An-

962 1262 1100 1292 toninos:
1118 1261 1176 1292 Kal
1189 1261 1234 1292 ὅτι
1246 1261 1305 1303 (de
1317 1261 1405 1293 Jove
1423 1260 1586 1302 loquitur)
1598 1260 1657 1297 τὴν

961 1311 1078 1351 μητέρα
1105 1311 1191 1343 Ῥέαν
1216 1310 1469 1352 ἀπαγορεύουσαν
1486 1311 1579 1341 αὐτοῦ
1601 1310 1656 1341 τὸν

960 1361 1061 1400 ’γάμον
1082 1363 1198 1394 ἐδίωκε.
1242 1362 1416 1402 Δρακαίνας
1443 1362 1468 1392 δ’
1484 1361 1579 1398 αὐτῆς
1601 1372 1655 1400 ’γε-

961 1413 1101 1451 νομένης,
1117 1413 1166 1444 καὶ
1189 1412 1280 1444 αὐτὸς
1298 1412 1339 1444 εἷς
1356 1411 1506 1452 δράκοντα
1520 1413 1657 1449 μεταβα-

961 1464 1036 1502 λὼν,
1065 1464 1219 1500 συνδήσας
1255 1464 1352 1501 αὐτὴν
1389 1464 1437 1501 τῷ
1474 1461 1654 1500 καλουμένῳ

959 1514 1187 1553 Ἧρακλεοτικῷ
1203 1514 1328 1553 ἅμματι,
1344 1513 1445 1552 ἐμίγη·
1460 1513 1517 1543 τοῦ
1531 1512 1655 1551 σχήμα-

957 1576 1010 1595 τος
1039 1566 1095 1602 τῆς
1118 1564 1225 1604 μίξεως
1242 1564 1445 1605 σύαβολονὴ
1460 1563 1516 1594 τοῦ
1545 1563 1654 1603 Ἑρμοῦ

958 1614 1084 1654 ῥαβδός.
1109 1616 1129 1645 i.
1164 1616 1391 1646 ‘Persecutus
1421 1613 1554 1645 autem'
1576 1613 1654 1653 (Ju-

959 1665 1064 1706 piter)
1097 1666 1268 1696 ‘Matrem
1302 1666 1428 1696 Rheam
1456 1664 1544 1694 illius
1575 1673 1653 1694 con-

958 1715 1095 1746 cubitus
1117 1720 1340 1750 recusantem,
1357 1725 1432 1746 eum
1454 1723 1529 1745 sese
1545 1715 1602 1744 illa
1620 1714 1653 1744 in

959 1766 1158 1796 Dracaenaui
1195 1766 1435 1804 convertisset,
1478 1765 1550 1804 ipse
1580 1772 1654 1794 sese

957 1816 1086 1856 pariter
1103 1816 1134 1846 in
1162 1816 1353 1846 Draconem
1371 1814 1603 1852 commutavit,
1617 1818 1654 1844 et

956 1876 1032 1896 cuni
1058 1866 1112 1896 illa
1137 1866 1255 1896 mistus
1282 1870 1356 1896 est:
1381 1865 1476 1905 cujus
1503 1864 1651 1895 misturae

955 1917 1090 1947 schema
1105 1921 1141 1947 et
1167 1917 1353 1957 symbolum
1379 1917 1472 1956 virga
1489 1916 1652 1946 Mercurii

955 1966 1028 1998 est.'
1074 1967 1118 1998 Et
1153 1966 1231 1997 inde
1259 1966 1372 1997 forsan
1402 1966 1508 1996 nodus
1537 1966 1592 1996 ille
1618 1965 1651 1995 in

953 2017 1078 2057 nuptiis
1095 2017 1302 2047 celebratus.
1325 2016 1486 2048 Quamvis
1500 2015 1579 2045 nibil
1595 2025 1650 2046 ve-

954 2072 1005 2098 tat
1027 2077 1101 2097 cum
1118 2068 1220 2097 Festo
1237 2070 1377 2106 propter
1402 2074 1497 2096 omen
1521 2064 1648 2096 factum

954 2117 1144 2155 intelligere
1176 2125 1251 2146 cum
1290 2115 1460 2146 Hercules
1486 2115 1650 2156 quinqua—

953 2166 1047 2205 ginta
1061 2166 1228 2197 sororibus
1246 2165 1369 2196 nodum
1386 2165 1552 2196 solvisset.
1580 2166 1648 2196 Ne-

952 2225 1017 2256 que
1034 2217 1065 2247 in
1084 2217 1210 2256 nuptiis
1236 2220 1381 2255 tantum,
1399 2215 1458 2246 sed
1479 2215 1544 2246 alia
1567 2225 1649 2256 quo-

951 2267 1066 2307 quein
1096 2276 1131 2297 re
1160 2267 1354 2306 religiosum
1379 2276 1417 2296 ac
1442 2275 1572 2297 sacrum
1590 2275 1647 2297 no-

951 2316 1030 2347 dum
1052 2317 1143 2347 illum
1169 2316 1273 2347 fuisse
1299 2326 1341 2347 ex
1367 2316 1551 2347 Veteribus
1573 2326 1646 2348 cer-

951 2371 1020 2397 tum
1039 2373 1103 2399 est.
1148 2368 1195 2398 Ut
1212 2368 1243 2397 in
1259 2366 1454 2397 vulneribus
1467 2367 1647 2407 praeligan-

951 2416 1014 2456 dis,
1042 2418 1133 2450 Plin.
1157 2418 1217 2449 lib.
1235 2426 1369 2448 xxvm.
1393 2427 1466 2458 cap.
1488 2420 1519 2448 6.
1541 2418 1551 2434 ‘
1566 2418 1646 2449 Vul-

952 2476 1032 2497 nera
1048 2468 1136 2498 nodo
1150 2468 1310 2498 Herculis
1323 2468 1514 2507 praeligare,
1525 2468 1644 2499 mirum

951 2522 1112 2559 quantum
1130 2527 1230 2558 ocyor
1247 2517 1413 2548 medicina
1429 2521 1492 2547 est.
1529 2516 1643 2557 Atque

951 2568 1054 2599 etiam
1084 2568 1268 2609 quotidiani
1299 2568 1429 2598 cinctus
1464 2567 1520 2598 tali
1554 2569 1643 2599 nodo

949 2618 1013 2648 vim
1038 2623 1199 2658 quautam
1228 2618 1345 2649 utilem
1372 2617 1497 2649 habere
1524 2617 1641 2650 dicun-

948 2667 1027 2700 tur.'
1050 2668 1151 2700 Idem·
