1835 2906
390 131 450 160 DE
483 127 751 159 VERBORUM
787 125 1195 157 SlGNIFch'rloNE
1231 125 1321 155 [ΑΒ.
1356 124 1448 154 Xll.

1564 115 1618 153 50
1626 114 1639 152 l

253 233 333 274 tur,
357 240 457 281 quae
481 225 716 274 Consules,
748 222 986 269 Praetores,
1028 233 1128 261 cum
1163 221 1208 261 in
1246 220 1524 274 provinciam
1547 234 1647 273 pro-

252 294 521 342 ficiscuntur,
542 292 729 342 faciunt3
750 303 803 331 ea
832 290 876 330 in
898 287 1070 330 tabulas
1093 289 1390 341 praesentibus
1412 287 1558 328 multis
1580 300 1646 327 re-

253 362 462 403 seruntur.

520 360 582 400 At
602 360 760 401 Santra
779 359 888 399 libro
910 355 1104 398 secundo
1127 356 1180 397 de
1202 358 1432 397 verborum
1457 356 1647 409 antiqui-

252 434 339 471 tate
360 430 467 470 satis
489 428 637 469 multis
654 430 911 480 nuncupata
933 425 1114 478 conligit
1129 438 1214 465 non
1233 424 1405 465 derecto
1426 425 1648 464 nominata

253 497 512 550 significare,
534 497 612 538 sed
652 496 885 550 promissa,
926 500 972 536 et
1011 493 1142 549 quasi
1181 492 1436 539 testificata,
1479 493 1651 533 circun-

253 567 435 620 scripta,
471 569 732 619 receptaque
768 565 898 605 etiam
919 569 936 595 ⁹
968 564 1014 604 in
1053 563 1170 604 votis
1208 560 1511 613 nuncupandis
1552 574 1649 600 esse

255 634 590 675 convenientius
599 665 608 674 .

197 704 495 745 Nundinalem
510 709 528 732 y
560 716 717 744 cocum
739 701 918 742 Plautus
948 699 1052 741 dixit
1073 699 1116 739 in
1141 696 1378 747 Aulularia,
1401 695 1529 737 Cocus
1550 710 1649 735 ηιιη-

255 772 418 813 dinalis
449 772 523 813 ille
555 777 639 821 est,
671 772 715 812 in
745 784 896 811 nonum
917 768 1021 809 diem
1039 774 1072 792 ¹0
1105 767 1202 808 solet
1231 767 1288 806 ire
1315 772 1480 817 coctum,
1502 765 1653 806 Cocum,

253 840 325 895 qni
355 839 624 881 novendialis
646 838 751 879 alias
786 836 1035 893 appellatur,
1057 834 1273 891 manffesto
1295 834 1511 890 significat
1532 847 1652 888 quem

253 909 358 950 davit
378 907 655 958 nundinalem,
675 906 782 963 quod
798 907 840 947 in
861 920 1012 947 nonum
1028 905 1132 945 diem
1153 910 1351 960 coqueret.

199 977 462 1019 Nundinas²
483 977 688 1017 feriarum
718 976 836 1016 diem
857 988 955 1015 esse
976 975 1208 1015 voluerunt
1229 972 1411 1027 antiqui,
1434 976 1478 1013 ut
1499 970 1656 1011 rustici

255 1041 532 1087 convenirent
571 1044 789 1086 mercandi
826 1043 1128 1096 vendendique
1169 1054 1320 1090 causa,
1358 1052 1543 1093 eumque
1584 1052 1656 1078 ne-

255 1115 431 1165 fastum,
462 1128 517 1155 ne
547 1114 587 1155 si
622 1114 773 1154 liceret
815 1126 916 1154 cum
953 1111 1120 1165 populo
1154 1110 1241 1163 agi,
1277 1108 1657 1161 interpellarentur

256 1183 585 1224 nundinatores.

200 1249 243 1290 N
250 1250 434 1291 undinas
462 1251 669 1292 feriarum
692 1248 809 1289 diem
840 1261 938 1289 csse
974 1247 1208 1289 voluerunt
1242 1244 1436 1298 antiqui:
1475 1242 1657 1296 [PAUL.

255 1331 344 1371 quo
365 1319 587 1360 mercandi
608 1318 751 1372 gratia
771 1318 922 1358 urbem
944 1316 1097 1358 rustici
1118 1314 1410 1356 convenirent.

199 1386 403 1428 Nuncius
418 1393 433 1409 ³
454 1394 499 1429 et
518 1400 586 1428 res
604 1388 722 1441 ipsa,
744 1391 789 1427 et
809 1399 1002 1440 persona
1017 1385 1197 1426 dicitur.

204 1452 386 1495 Nuncius
400 1455 415 1477 ¹³
445 1462 483 1495 et
504 1469 693 1510 persona
714 1455 900 1505 dicitur3
923 1461 960 1495 et
977 1467 1038 1493 res
1060 1452 1163 1507 ipsa.

1227 1450 1277 1490 Ιη
1295 1462 1467 1504 persona
1490 1449 1658 1503 [Fsssr.

816 1575 951 1586 eeeeeeo
955 1574 1030 1585 ‘ee‘
1034 1574 1051 1584 e

240 1654 260 1681 9
287 1650 352 1681 Alii
371 1651 491 1692 legunt
520 1652 597 1691 quod
621 1650 814 1682 etiam—10
839 1649 903 1682 Ed.
925 1648 1016 1680 Scal.
1040 1648 1048 1664 ‘
1065 1649 1165 1679 Cocus
1194 1638 1373 1678 nundinnle
1405 1651 1457 1677 est
1490 1646 1523 1676 in
1551 1655 1661 1676 novum

208 1693 316 1724 diem!

864 1777 1004 1809 NOTAE

243 1861 256 1882 y
271 1854 495 1895 Nundinalem]
513 1855 624 1886 Plaut.
637 1854 669 1885 in
684 1854 798 1886 Aulul.
816 1855 825 1872 ‘
839 1855 903 1886 Co-

201 1915 285 1946 quns
316 1905 371 1935 ille
402 1905 595 1936 nundinalis
625 1910 689 1942 est,
720 1905 754 1935 in
779 1915 903 1936 nonum

201 1957 290 1986 diem
308 1956 401 1987 Solet
414 1956 460 1986 ire
477 1954 634 1986 coctumst
657 1954 836 1995 Ant-Aug.

246 2007 473 2046 Nundinalem]
521 2006 734 2038 Nundinulem
777 2016 904 2046 coquum

202 2060 342 2090 Plautus
366 2059 463 2093 dixit,
495 2068 557 2098 pro
585 2058 791 2090 novendiali.
818 2058 903 2090 ‘Co-

201 2119 285 2150 quos
316 2109 371 2140 ille
404 2109 594 2139 nuudinalis
619 2113 689 2147 est,
718 2109 751 2139 in
780 2118 905 2139 nonum

201 2160 291 2190 diem
304 2159 397 2190 Solet
412 2160 460 2190 ire
475 2164 608 2190 coctum
623 2158 644 2190 :'
670 2160 905 2190 novendialem

203 2209 381 2240 manifesto
404 2209 586 2250 significat,
611 2210 690 2251 quia
717 2211 751 2240 in
783 2220 906 2241 nonum

203 2260 293 2290 diem
321 2266 497 2301 coqueret.
545 2261 625 2292 Fuit
648 2271 723 2291 cum
751 2267 905 2301 putarem

204 2311 404 2342 nundinalem
440 2321 568 2351 coquum
605 2312 732 2343 dictum
768 2313 907 2353 Plauto,

204 2363 293 2402 quod
324 2366 455 2392 tantum
496 2361 665 2392 Nundinis
699 2363 908 2393 conducere-

204 2418 271 2443 tur.
313 2412 440 2442 Tamen
468 2412 587 2442 melior
612 2412 706 2443 Festi
723 2414 908 2446 sententia.

204 2466 273 2494 Jos.
291 2464 373 2495 Scal.

249 2515 462 2546 Nrmdz‘mtlem
498 2513 615 2554 cocum]
654 2515 760 2545 Locus
791 2515 909 2546 Plauti

206 2572 260 2597 est
278 2566 430 2597 Aulular.
451 2574 492 2596 11.
513 2567 546 2596 4.
591 2565 716 2595 Cocum
734 2570 845 2595 autem
861 2566 911 2596 in-

207 2618 334 2657 telligit
366 2616 533 2647 bustuarii
560 2615 781 2656 ordinis‚*qui
807 2616 911 2655 magis

207 2673 322 2699 nosset
339 2677 488 2707 coquere
509 2676 639 2697 coenam
659 2666 814 2705 feralem,
834 2677 909 2707 quae

208 2728 297 2750 nono
314 2718 369 2749 die
385 2717 503 2758 fiebat,
528 2726 629 2758 quam
654 2715 696 2748 ad
723 2717 910 2757 ingeniosae

958 1855 1046 1894 gulae
1064 1853 1197 1894 genium
1213 1862 1309 1883 escas
1328 1860 1459 1892 parare.
1497 1849 1589 1881 Male
1606 1850 1662 1891 qui

958 1906 1069 1936 aliter.
1094 1905 1176 1935 Dae.

1000 1961 1013 1975 ²
1036 1955 1221 1995 Nundinas]
1246 1954 1351 1993 Lego,
1381 1952 1547 1983 Numlz'mzs
1559 1952 1662 1989 seria-

957 2009 1024 2038 tum
1047 2006 1139 2037 diem.
1187 2005 1215 2036 A
1245 2014 1331 2035 nono
1357 2004 1414 2034 die
1443 2003 1558 2043 dictae,
1585 2004 1664 2044 quia

958 2066 1046 2088 nono
1070 2066 1205 2096 quoque
1221 2054 1275 2085 die
1291 2053 1429 2088 fiebant,
1448 2060 1483 2084 ut
1500 2063 1574 2084 cum
1593 2063 1663 2083 rus⁶

960 2108 1019 2138 tici
1035 2112 1115 2138 octo
1132 2106 1252 2137 diebus
1274 2105 1306 2134 in
1332 2105 1421 2145 agris
1450 2114 1553 2144 opere
1582 2103 1664 2134 facia

962 2158 1049 2190 endo
1075 2158 1199 2188 versati
1225 2161 1348 2194 essent,
1371 2165 1459 2186 nono
1484 2156 1539 2186 (lie
1561 2156 1665 2186 inter-

962 2209 1064 2240 misso
1081 2218 1160 2239 rure
1183 2208 1225 2239 ad
1244 2212 1431 2238 mercatum
1447 2211 1483 2237 et
1500 2206 1591 2245 leges
1610 2216 1666 2236 ac-

962 2260 1139 2301 cipiendas
1166 2260 1308 2290 Romam
1328 2258 1503 2295 venirent5
1535 2263 1570 2287 et
1587 2256 1666 2286 inde

964 2311 1130 2342 translata
1153 2320 1219 2340 vox
1244 2308 1286 2340 ad
1320 2307 1474 2338 celebres
1502 2310 1667 2337 mercato-

963 2373 1035 2394 rum
1061 2367 1248 2393 conventus
1274 2361 1437 2390 immunes
1461 2359 1667 2400 liberosque,

967 2425 1050 2456 quos
1069 2414 1169 2453 vulgo
1187 2421 1343 2443 vocamus
1352 2410 1466 2448 fuires.
1495 2410 1603 2440 Idem.

1008 2470 1022 2485 a
1065 2462 1222 2502 Nuncius]
1260 2462 1475 2501 Syracusana
1514 2469 1582 2490 vox.
1615 2464 1669 2490 est

965 2525 1065 2555 quam
1082 2524 1100 2544 a
1118 2513 1184 2545 νέος
1199 2513 1302 2544 Siculi
1327 2511 1560 2542 declinarunt:
1587 2510 1667 2545 νέος,
1683 2515 1685 2518 ’

965 2564 1119 2605 νουγκίος·
1149 2565 1264 2605 itaque
1289 2561 1392 2593 scribi
1415 2562 1528 2592 malim
1557 2571 1618 2601 per
1642 2572 1669 2592 c.

966 2617 1074 2648 Idem.

1007 2667 1021 2687 b
1048 2664 1209 2705 Nuncius]
1236 2664 1311 2695 Non
1343 2663 1423 2694 satis
1452 2661 1550 2692 video
1567 2671 1667 2702 quam

966 2716 1192 2756 differentiam
1215 2714 1336 2746 fecisse
1360 2714 1492 2746 dicatur
1509 2714 1624 2745 Caesar
1641 2714 1668 2743 si
