1835 2906
168 93 252 134 344
484 102 617 133 FESTI
655 104 715 133 DE
753 104 895 134 VERB.
927 102 1104 133 sicNm.
1140 102 1232 132 Lm.
1267 104 1337 133 ix.

225 199 346 240 sortis
369 202 436 239 est
465 198 521 239 ad
554 199 823 240 tolerandam
848 199 977 240 viam.
1041 198 1188 239 Diana
1208 200 1323 239 enim
1345 199 1509 240 viarum
1532 212 1613 252 pu-

224 267 395 307 tabatur
418 266 529 307 Dea.

169 333 197 374 J
203 333 421 375 uventutis
439 338 501 364 ¹4¹³
523 345 650 375 sacra
671 346 750 387 pro
767 332 1007 387 juvenibus
1028 337 1132 372 sunt
1153 332 1366 373 instituta.

771 451 851 464 om
852 451 1010 463 ““““““

214 510 252 538 14
278 506 344 538 Alii
357 508 549 538 damnatis.

822 591 853 622 N
860 590 963 623 OTAE

169 655 333 693 Ajuvem‘s
348 656 436 686 enim
453 659 489 686 et
496 654 656 693 juvenalis
672 658 705 685 et
713 654 864 694 juvenilis
959 660 974 681 Ρ
997 655 1196 696 Juventutis]
1233 655 1301 686 Alii
1322 655 1516 695 juventutis.-
1547 665 1614 686 non

169 711 266 737 recte
283 706 419 737 dicitur.
463 705 643 737 Juvenalia
662 704 764 744 igitur
780 705 863 736 Dia·
917 707 1026 737 male:
1049 716 1115 737 non
1139 711 1263 746 tamen,
1286 711 1324 737 ut
1350 711 1533 747 propterea
1554 707 1615 736 Ju-

169 766 222 787 nae
250 757 430 787 simulacra
455 755 682 796 fingebantur,
707 755 759 786 vel
775 756 865 796 quod
917 757 1261 798 ventutisrejicianms.
1277 756 1614 789 Indifferenterenim

170 816 210 838 ea
229 811 309 837 aetas
335 806 505 838 venationi
533 805 677 836 maxime
705 810 785 846 apta
800 811 864 842 est,
919 814 1100 850 utrumque
1116 809 1334 849 usurpabant.
1368 808 1408 838 In
1425 808 1614 839 Glossario:

170 856 224 887 cui
252 861 378 896 praeest
406 856 528 894 Diana,
551 856 604 886 vel
632 855 710 896 quia
737 855 864 887 viarum
926 858 1085 898 ‘Jolinta,
1108 858 1188 899 ἥρω’
1242 859 1332 898 Lego
1359 860 1507 889 Joventa.
1542 857 1613 889 Jos.

169 906 247 937 Dea
263 905 459 946 putabatur.
495 904 718 936 Callimachus
736 905 769 935 in
787 906 866 938 Dia·
919 909 1007 940 Scal.

169 966 269 987 nam:
294 955 343 987 καὶ
369 955 424 994 μὲν
448 955 568 993 ἀγυιαῖς
586 955 688 998 '‘l-:ww
708 953 759 986 καὶ
779 954 865 993 λιμέ-
962 958 1160 998 Juventutz's]
1187 957 1253 989 Alii
1261 956 1436 996 juventutis
1443 968 1453 994 ‚·
1470 956 1528 987 sed
1544 956 1615 987 sine

171 1018 276 1038 νεσσιν
292 1006 467 1037 ἐπίσκοπος.
489 1007 498 1023 ‘
512 1007 557 1037 Et
582 1006 719 1047 quidem
737 1006 865 1038 viarum
921 1007 1112 1039 discrimine
1127 1013 1305 1049 utrumque
1318 1008 1463 1039 Veteres
1478 1016 1615 1047 usurpa·

171 1059 248 1093 Eris
265 1064 298 1091 et
317 1064 472 1100 portuum
488 1056 626 1090 custos!
651 1058 747 1090 Idem⁴
920 1057 1015 1089 hant.
1039 1057 1118 1089 Duc.
