1835 2906
232 143 287 183 50

673 151 819 182 SEXTI
855 151 1055 182 POMPEll
1092 151 1226 181 FESTI

290 260 341 288 us
363 247 535 288 aditus:
569 247 662 287 sive
690 247 791 287 ideo
829 246 968 287 aedisb
999 247 1171 294 dicitur,
1203 245 1320 298 quod
1359 245 1402 286 in
1435 259 1488 286 ea
1521 258 1664 287 aevum

289 316 481 369 degatur,
519 314 634 367 quod
670 313 825 355 Graece
857 311 974 352 αἰών9
1016 319 1221 354 vocatur:
1253 313 1399 366 itaque
1433 313 1665 361 aedificare,

289 397 388 424 cum
410 383 466 423 sit
485 381 659 435 proprie
681 381 818 421 aedem
837 381 997 428 faeere,
1030 379 1204 432 ponitur
1234 382 1405 420 tamen⁰
1435 392 1512 433 pro
1546 379 1665 420 omni

289 462 440 502 genere
463 447 799 488 constructionis
818 449 1143 500 καταχρηστικῶς.

232 517 488 562 AEditimus,
510 514 621 554 aedis
641 512 855 554 intimus.d

231 583 470 632 AEdituusf
491 595 631 622 sacrae
650 581 761 622 aedis
784 585 927 622 tutor:
943 586 976 604 ¹0
1005 581 1049 620 id
1069 584 1137 621 est
1159 592 1304 621 curan]
1328 592 1479 632 agens.

232 650 435 702 AEgaeum
456 662 573 690 mare
588 646 601 669 f
628 647 890 701 appellatur,
913 647 1029 701 quod
1053 648 1215 687 crebrae
1236 647 1279 686 in
1300 660 1354 688 eo
1376 647 1466 687 sint
1485 645 1639 686 insulae
1658 658 1669 695 ;

287 722 338 756 ut
357 717 511 770 procul
528 715 843 769 aspicientibus
864 715 1036 768 species
1059 727 1286 767 caprarum
1301 713 1523 755 videantur
1540 725 1549 752 :
1572 712 1667 752 sive

288 783 405 836 quod
447 784 490 823 in
528 796 579 823 eo
609 782 763 834 AEgaea
777 787 807 805 ¹¹
848 780 1120 821 Amazonum
1156 782 1304 834 regina
1345 781 1538 833 perierit:
1573 779 1666 820 sive

289 850 406 903 quod
426 851 468 890 in
488 862 540 890 eo
565 850 734 901 AEgeus
757 852 881 901 pater
901 847 1062 887 Thesei
1084 860 1130 887 se
1152 847 1505 900 praecipitaverit.

834 967 869 977 ΙΙ
876 965 1031 977 “tud“
1038 966 1072 975 ,ο

271 1058 291 1085 9
315 1054 394 1095 Alii,
412 1059 500 1087 teste
516 1055 701 1095 Scaligero,
729 1054 944 1086 ammom—10
970 1053 1032 1085 Ed.
1049 1053 1135 1084 Seal.
1152 1054 1344 1084 hailon—ll
1372 1052 1438 1084 Alii
1454 1052 1545 1091 AEge.

890 1161 1032 1194 NOTAE

229 1237 343 1268 dificia
359 1238 431 1277 quae
449 1236 490 1267 de
505 1237 603 1276 plano
620 1237 796 1267 adeuntur.
821 1238 901 1268 Duc.

272 1288 285 1308 *²
310 1288 384 1319 Sive
399 1288 464 1318 ideo
480 1288 572 1327 oedis]
600 1287 758 1326 Ineptum
775 1292 923 1327 etymon.

229 1338 349 1368 Potius
376 1348 394 1367 a
418 1338 542 1368 Graeco
569 1335 652 1367 αἷτος
676 1337 764 1377 quod
787 1337 923 1367 domici-

229 1387 321 1426 lium,
337 1387 574 1418 habitationem
595 1387 843 1426 interpretatur
858 1387 926 1417 Eu-

229 1438 381 1468 stathius.
406 1438 503 1468 Idem.

272 1493 285 1508 ⁶
308 1488 444 1518 Ponitur
468 1487 585 1527 tamen]
624 1486 774 1518 Abusive
801 1491 837 1518 et
864 1496 924 1527 per

231 1538 480 1568 translationem
495 1537 648 1578 <edificare
661 1538 701 1567 de
713 1547 748 1567 re
762 1537 924 1577 qualibet,

228 1597 303 1627 quae
319 1597 527 1628 quacumque
544 1597 648 1627 opera
660 1587 853 1618 fabricatur.
879 1587 925 1617 Ut

228 1638 351 1677 Virgil.
380 1637 422 1667 de
449 1647 559 1677 equo:
585 1639 593 1653 ‘
610 1638 723 1668 Instar
747 1637 868 1667 montis
894 1646 925 1666 e-

230 1696 331 1726 quum
347 1685 462 1716 divina
476 1687 623 1717 Palladis
634 1692 707 1717 arte
719 1685 926 1716 AEdificant.’

230 1738 326 1768 Idem.

280 1785 294 1806 ‘¹
318 1785 499 1822 AEditimus,
522 1786 597 1816 cedis
621 1783 764 1822 intimus]
802 1785 926 1824 Inepte

229 1835 356 1866 dictum
374 1841 442 1866 est:
469 1836 588 1865 melius
604 1835 676 1864 Ser.
694 1835 875 1874 Sulpicius,
891 1839 928 1864 ut

230 1884 349 1915 Cicero
372 1885 405 1914 in
429 1884 564 1923 Topicis
590 1882 708 1921 refert,
725 1884 756 1913 in
773 1883 926 1921 finitimo,

229 1935 392 1974 legitimo,
407 1934 568 1968 ¹aeditimo,
592 1943 656 1962 non
673 1934 746 1972 plus
762 1932 871 1963 inesse
887 1934 925 1962 li-

229 1994 322 2021 mum,
347 1994 444 2024 quam
467 1984 500 2013 iu
517 1983 702 2013 meditullio
719 1983 850 2021 tullium,
866 1983 926 2012 sed

230 2034 485 2073 productionem
503 2042 575 2063 esse
601 2032 694 2062 verbi
720 2033 801 2063 vult.
846 2032 927 2071 Hic,

230 2088 268 2113 ut
284 2084 393 2113 Varro
422 2083 469 2113 ait
494 2082 553 2112 lib.
574 2091 598 2112 1.
625 2082 667 2112 de
695 2082 744 2111 Re
772 2081 867 2111 Rust.
893 2086 927 2111 et

229 2133 290 2163 lib.
316 2142 357 2163 ιῐ.
381 2132 423 2163 de
452 2132 548 2172 Ling.
577 2132 708 2168 Latina,
734 2131 823 2170 apud
848 2130 928 2160 Gel-

230 2183 312 2212 lium
329 2182 387 2212 lib.
405 2191 472 2212 xil.
487 2191 561 2221 cap.
579 2184 631 2211 10.
649 2185 767 2220 postea
783 2180 927 2210 aedituus

233 2233 421 2272 appellatus
445 2236 509 2270 est,
532 2241 595 2262 non
611 2231 649 2261 ab
663 2230 779 2261 oeclz'bus
795 2230 928 2264 tuendis,

232 2287 269 2312 ut
286 2283 406 2321 Varro,
430 2283 564 2321 Festus,
590 2286 624 2312 et
649 2280 703 2310 alii
723 2280 928 2317 existimant,

233 2332 291 2362 sed
318 2333 396 2372 quia
421 2332 599 2362 zedituinus
627 2331 718 2372 prius
745 2331 928 2368 diceretur,

233 2386 268 2412 et
281 2392 346 2412 una
360 2383 457 2412 litera
473 2383 555 2412 elisa
573 2382 628 2413 sit.
673 2382 730 2412 Sic
746 2386 930 2412 testamen-

235 2436 304 2462 tum
326 2441 391 2461 non
416 2442 434 2462 a
459 2437 572 2462 mente
600 2432 746 2470 ducitur,
768 2431 825 2462 sed
852 2440 928 2470 pro-

234 2481 351 2512 ductio
366 2481 456 2511 verbi
474 2486 538 2518 est,
562 2486 599 2511 ut
616 2482 646 2511 in
666 2481 878 2519 vestimento,
894 2485 929 2511 et

233 2531 436 2570 pavimento.
492 2530 580 2560 Gen.
610 2530 665 2559 lib.
694 2539 742 2560 VI.
775 2540 850 2570 cap.
878 2532 928 2560 12.

234 2581 321 2611 vide
340 2581 469 2614 Charis.
490 2581 587 2611 lib.1.
612 2582 688 2611 Ant.
705 2583 788 2619 Aug.

278 2631 460 2667 AE‘dilimus,
487 2630 564 2660 (ταῖς
589 2630 730 2670 intimus]
769 2631 930 2662 Ridicule.

236 2680 406 2711 AEditimus
420 2680 461 2711 ab
477 2681 540 2710 cede
554 2685 694 2712 tautum.
731 2682 836 2711 'simus
853 2682 932 2712 nihil

978 1236 1068 1266 aliud
1087 1241 1137 1266 est
1154 1244 1253 1274 quani
1271 1234 1360 1264 vocis
1377 1233 1565 1274 productio.
1603 1233 1671 1264 Pro

976 1287 1142 1324 amicimus,
1157 1285 1332 1323 oeditumus,
1353 1288 1386 1314 et
1402 1284 1536 1314 sublato
1553 1293 1581 1313 m
1595 1284 1672 1314 oedz'-

977 1339 1059 1375 tuus,
1082 1344 1146 1365 non
1164 1344 1242 1365 vero
1259 1334 1300 1364 ab
1316 1334 1443 1364 aedibus
1465 1334 1612 1371 tuendis,
1635 1339 1673 1364 ut

978 1384 1066 1416 infra
1094 1385 1230 1416 Paulus.
1274 1385 1447 1414 AEclitimus
1473 1384 1562 1414 enim
1585 1384 1673 1413 anti-

979 1436 1074 1477 quior
1090 1440 1153 1470 est,
1168 1435 1300 1465 (edituus
1315 1434 1442 1464 recenti
1459 1433 1609 1464 novitate
1624 1432 1673 1464 es-

978 1487 1090 1518 fictus.
1128 1486 1227 1517 Varr.
1244 1485 1302 1516 lib.
1319 1495 1343 1515 1.
1359 1485 1399 1515 de
1419 1485 1460 1515 R.
1478 1484 1520 1515 R.
1541 1486 1549 1501 ‘
1564 1485 1673 1523 Roga-

981 1543 1034 1568 tus
1052 1538 1093 1567 ab
1110 1537 1271 1575 reditium,
1285 1541 1321 1565 ut
1333 1535 1446 1566 dicere
1463 1533 1639 1564 didicimus
1656 1543 1676 1565 a

980 1586 1140 1617 Patribus
1157 1585 1290 1623 nostris,
1314 1589 1350 1615 ut
1372 1584 1570 1623 corrigimur
1586 1593 1606 1613 a
1624 1592 1675 1613 re-

980 1637 1131 1668 centibus
1144 1636 1295 1669 tirbanis,
1312 1634 1352 1665 ab
1369 1632 1517 1664 aedituo.'
1540 1633 1621 1663 Duc.

1024 1691 1037 1706 c
1061 1686 1222 1725 AEditnus]
1256 1684 1430 1714 Videndus
1447 1684 1554 1713 Varro
1578 1683 1610 1713 in
1638 1683 1673 1712 li-

981 1735 1051 1765 bris
1067 1735 1109 1765 de
1134 1736 1262 1774 Lingua
1286 1734 1420 1770 Latina,
1435 1738 1469 1762 et
1487 1732 1625 1771 Paulus,
1639 1739 1676 1762 et

980 1785 1192 1817 Justinianus
1219 1783 1280 1814 snb
1305 1783 1403 1813 titulo
1422 1782 1463 1812 de
1481 1782 1617 1812 tutelis:
1641 1786 1676 1811 et

981 1845 1032 1870 ea.
1048 1846 1121 1876 quae
1139 1839 1239 1865 antea
1254 1833 1384 1872 scripsi.
1407 1833 1482 1864 Ant.
1500 1832 1582 1870 Aug.

1023 1884 1036 1903 f
1054 1887 1197 1923 AEgcenm
1223 1883 1320 1922 mare]
1352 1883 1451 1913 Varr.
1479 1882 1535 1912 lib.
1559 1891 1607 1913 vr.
1632 1881 1674 1912 de

983 1935 1021 1965 L.
1043 1934 1083 1964 L.
1111 1936 1119 1950 ‘
1133 1933 1280 1972 AEgaeum
1307 1932 1433 1962 dictum
1463 1932 1505 1961 ab
1534 1931 1648 1961 insulis
1667 1942 1674 1959 :

981 1984 1067 2024 quod
1086 1984 1118 2013 in
1136 1992 1176 2013 eo
1200 1981 1281 2012 mari
1304 1982 1352 2012 sic
1368 1981 1497 2021 scopuli
1513 1985 1676 2011 vocantur

983 2043 1001 2063 a
1023 2032 1242 2063 similitudine
1263 2030 1461 2071 caprarum.’
1506 2030 1593 2061 Nam
1612 2030 1674 2060 Ca-

982 2093 1050 2123 prae
1066 2082 1196 2113 Graecis
1208 2080 1303 2120 αἶγες.
1335 2080 1400 2112 Alii
1414 2081 1455 2110 ab
1472 2080 1576 2119 AEgeo
1590 2080 1675 2110 The-

983 2132 1030 2162 sei
1049 2137 1146 2171 patre
1161 2140 1281 2161 nomen
1298 2130 1440 2161 inditum
1460 2129 1612 2167 tradunt,
1639 2134 1675 2160 ut

983 2181 1156 2212 Plutarch.
1171 2181 1203 2211 in
1214 2181 1353 2218 Theseo,
1370 2180 1526 2220 Hyginus
1537 2179 1605 2210 fab.
1622 2182 1676 2210 43.

984 2232 1095 2261 verius
1112 2231 1166 2270 qui
1185 2239 1204 2260 a
1219 2230 1293 2260 loco
1308 2228 1450 2270 quodam
1469 2229 1605 2259 Euboeae
1619 2229 1675 2269 qui

983 2280 1104 2311 Graece
1117 2278 1221 2319 Αἰγαὶ,
1235 2279 1389 2310 Eustath.
1402 2278 1444 2308 ad
1461 2278 1603 2318 Dionys.
1617 2287 1674 2317 pe-

983 2331 1135 2370 riegeten
1146 2340 1153 2360 ε
1166 2329 1210 2360 ibi
1225 2329 1404 2368 Neptunus
1421 2337 1524 2368 equos
1535 2326 1673 2357 statuit:

982 2379 1124 2410 Homer.
1137 2378 1234 2409 Iliad.
1246 2381 1286 2407 N.
1303 2375 1410 2415 Αἰγάς·
1429 2375 1498 2406 ἔνθα
1509 2375 1544 2406 δέ
1557 2376 1586 2406 οἷ
1600 2381 1674 2406 κλυ-

981 2429 1021 2459 τὰ
1037 2428 1160 2466 δώματα
1182 2426 1307 2463 βένθεσι
1321 2425 1551 2465 λίμνης....Ἔνθ’
1566 2425 1675 2456 ἵππους

983 2478 1097 2516 ἔστησε
1111 2477 1293 2510 Ποσειδάων.
1317 2478 1326 2494 ‘
1340 2478 1458 2517 AEgas:
1476 2477 1546 2507 illic
1563 2481 1673 2506 autent

983 2529 1012 2559 ei
1044 2529 1191 2568 pulchrae
1216 2528 1308 2559 aedes
1330 2527 1364 2558 in
1389 2525 1675 2567 profunditatibus

983 2578 1176 2610 maris...1bi
1200 2587 1303 2619 equos
1325 2577 1445 2608 statuit
1469 2575 1674 2615 Neptunum:

984 2629 1070 2660 Vide
1088 2630 1241 2661 Eustath.
1259 2628 1339 2660 ibid.
1353 2633 1387 2658 et
1402 2626 1599 2657 Strabonem
1617 2626 1672 2655 lib,

986 2689 1063 2711 vm.
1089 2680 1168 2710 Dac.
