1835 2906
196 107 280 151 290

657 117 804 148 SEXTI
840 116 1042 146 POMPElI
1077 116 1212 148 FESTI

198 212 424 267 Gingriref
452 225 652 255 anserum
672 212 796 254 vocis
816 213 1043 266 proprium
1064 215 1149 253 est.
1191 210 1319 253 Unde
1338 225 1478 265 genus
1499 213 1637 266 quod-

257 282 359 324 dam
381 282 583 324 tibiarum
604 282 859 334 exiguarum
880 280 1098 333 gingrinae.

198 349 480 390 GLISCEREq
513 362 705 391 erescere
727 352 808 397 est,
835 352 921 389 et¹¹
958 348 1168 402 gliscerae,
1189 360 1351 388 mensae
1382 347 1637 400 gliscentes,

252 417 298 457 id
318 422 401 467 est,
421 422 664 459 crescentes
687 429 763 470 per
782 416 1120 456 instructionem
1141 416 1369 469 epularum
1391 415 1572 456 scilicet.

198 483 350 526 Glittis
371 490 384 507 Γ
414 485 633 535 subactis,
654 483 878 532 levibus‚¹2
901 484 1079 524 tenoris.

796 579 1037 593 mnO‘W

238 651 275 680 ll
302 648 448 683 Quidam
465 648 542 680 libri
558 651 592 679 ut
609 657 669 688 pro
683 650 813 679 et.-l2
838 646 906 678 Alii
927 647 1043 679 Glictis
1056 657 1084 678 s.
1102 646 1229 678 lenibus.
1274 644 1374 685 Legit
1400 645 1490 676 Scal.
1518 645 1637 678 Glutis.

850 744 990 777 NOTAE

196 822 303 862 griva,
320 819 397 851 εἶδος
419 820 520 860 φωνῆς
531 819 734 859 σάλπιγγος.’
777 823 786 837 ¹
805 820 890 851 Gin-

195 872 323 911 griunt,
333 872 427 910 χῆνες
439 870 595 907 ἐκβοῶσι.’
615 871 625 887 ‘
637 871 814 911 Gingrum,
827 876 890 910 φω-

195 922 232 960 νὴ
258 921 377 961 χηνός.’
410 922 579 953 Arnobius
596 920 680 952 libro
699 930 748 953 vr.
773 922 890 952 ‘anse-

195 982 266 1003 rum
285 972 512 1012 gingritibus?
545 972 632 1003 Vide
646 971 796 1003 Solinum
814 980 889 1012 cap.

196 1031 231 1053 x.
248 1023 316 1053 Jos.
333 1023 416 1054 Scal.

241 1072 463 1112 Gingeriator]
489 1072 581 1112 Lege
591 1072 763 1112 gingritor,
786 1082 804 1102 a
816 1072 890 1111 gin·

191 1124 301 1162 grire:
337 1124 390 1154 vel
408 1123 621 1163 gingrinator,
638 1133 656 1154 a
675 1122 836 1162 gingrinm
855 1128 891 1154 ut

196 1174 257 1205 viri
275 1174 379 1205 docti.
403 1174 483 1204 Dac-

237 1223 250 1243 f
271 1223 441 1264 Gingrire]
493 1224 644 1255 Glossar.
689 1224 697 1240 ‘
712 1224 890 1263 Gingrina‚

194 1272 270 1306 εἶδος
281 1275 383 1314 φωνῆς
398 1273 599 1313 σάλπιγγος.’
622 1274 654 1304 F
654 1275 693 1305 ul.
715 1275 820 1305 Ursin.

240 1325 408 1365 Gingrire]
432 1324 544 1357 Gloss.
560 1325 569 1341 ‘
582 1324 780 1365 Gingriunt‚
795 1325 891 1364 χῆνες

195 1375 349 1410 ἐκβοῶσι.’
369 1376 378 1392 ‘
398 1374 546 1405 Anseres
576 1374 747 1406 clamant.’
783 1376 793 1393 ‘
809 1375 891 1405 (iin-

193 1436 302 1466 grum,
339 1425 424 1465 φωνὴ
450 1423 568 1464 χηνός.’
613 1426 622 1442 ‘
636 1425 713 1454 Vox
741 1424 893 1456 anseris.'

193 1476 279 1506 Inde
306 1476 464 1515 gingrinae
499 1475 591 1505 tibiae
620 1475 735 1506 dictae.
780 1476 892 1507 Gloss.

194 1527 203 1543 ‘
217 1527 396 1565 Gingrlna‚
413 1525 490 1557 εἶδος
512 1523 709 1564 σάλπιγγος.’
743 1525 892 1564 Gingrz'ae

191 1581 270 1607 sunt
289 1575 484 1616 Hesychio:
509 1574 660 1615 Γιγγρίαι,
684 1574 772 1605 αὐλοὶ
792 1574 892 1615 μικροὶ

192 1626 225 1655 ἐν
252 1625 295 1657 οἷς
311 1628 432 1667 πρῶτον
457 1624 672 1663 μανθάνουσιν.
704 1625 893 1666 ‘Gingriae,

194 1684 306 1715 parvae
323 1675 557 1717 tibiae‚quibus
576 1676 718 1716 primum
735 1674 893 1706 discunt!

192 1725 299 1755 Solin.
314 1735 388 1765 cap.
405 1728 459 1757 12.
487 1726 496 1742 ‘
509 1725 586 1755 Sive
604 1725 788 1763 gingrinas,
805 1734 892 1765 quae,

192 1774 366 1805 breviores
397 1775 492 1813 licet,
520 1774 750 1805 subtilioribus
781 1780 894 1805 tamen

193 1825 301 1855 modis
318 1824 499 1855 insonant.’
543 1824 668 1854 Verum
694 1824 895 1865 Albeuaeus,

195 1874 353 1905 Eustatli.
377 1879 412 1905 et
427 1873 549 1904 Pollux
564 1883 628 1903 non
645 1883 663 1904 a
681 1874 892 1914 gingriendo,

193 1924 252 1955 sed
263 1935 281 1955 a
292 1924 434 1964 Gingra,
446 1924 588 1963 Gingre,
598 1924 651 1954 vel
662 1924 784 1964 Gingri
803 1924 891 1954 Ado-

191 1975 278 2005 nidis
292 1975 438 2005 nomine.
455 1974 577 2005 Athen.
595 1983 669 2013 cap.
682 1977 735 2004 23.
750 1974 891 2014 Γιγγραί-

194 2035 254 2055 νοις
266 2024 326 2063 γὰρ
345 2024 373 2054 οἱ
387 2024 535 2062 Φοίνικες,
547 2024 586 2054 ὡς
598 2023 694 2062 φησὶν
708 2025 724 2054 ὁ
741 2026 893 2064 Ξενοφῶν,

195 2076 334 2114 ἐχρῶντο
350 2075 456 2105 αὐλοῖς
472 2072 677 2111 σπιθαμιαίοις
697 2072 735 2103 τὸ
750 2073 890 2112 μέγεθος,

193 2123 245 2162 ὀξὺ
272 2124 322 2156 καὶ
345 2123 454 2164 γοερὸν
480 2122 712 2163 φθεγγομένοις.
767 2124 807 2154 Id
826 2129 890 2163 est,

193 2175 202 2191 ‘
217 2175 411 2215 Gingraenis
428 2175 529 2208 enim,
547 2179 582 2205 ut
593 2174 677 2205 dicit
688 2174 892 2214 Xenophon,

194 2225 286 2255 tibiis
318 2225 503 2256 utebantur
531 2225 712 2255 Phoenices
745 2225 890 2264 palmam

192 2275 312 2314 longis,
329 2275 507 2307 stridulum
527 2279 562 2305 et
579 2274 756 2315 lugubrem
773 2284 890 2305 sonum

194 2325 401 2356 edentibus!
420 2326 515 2356 Idem
531 2326 632 2366 paulo
645 2330 744 2366 post:
760 2324 889 2363 Ὀνομά-

194 2374 300 2413 ζονται
316 2374 347 2405 δὲ
364 2376 392 2406 οἷ
412 2375 501 2407 αὐλοὶ
517 2376 641 2416 γίγγροι
656 2375 712 2406 ὕπὸ
733 2377 794 2406 τῶν
809 2375 893 2406 ‘bovi-

194 2435 254 2454 κων
268 2424 327 2454 ἀπὸ
337 2427 400 2455 τῶν
411 2426 478 2466 περ),
487 2426 616 2456 ’Ἄδωνιν
627 2425 751 2466 θρήνων,
764 2426 820 2456 τὸν
830 2425 891 2466 γὰρ

188 2473 317 2504 Ἄδωνιν
341 2474 471 2514 Γίγγρην
487 2477 611 2506 καλεῖτε
634 2476 715 2514 ὑμεῖς
739 2476 768 2506 οἱ
793 2475 890 2506 Φοίνι-

193 2536 256 2559 κες,
282 2524 321 2555 ὡς
350 2524 469 2564 ἱστορεῖ
491 2527 712 2565 Δημοκλείδης.
758 2527 797 2558 Id
825 2532 889 2566 est,

195 2579 203 2592 ¹
216 2575 336 2615 Gingri
354 2581 465 2606 autem
490 2579 707 2608 nominantur
721 2587 739 2608 a
756 2577 890 2609 Phoeni-

195 2627 290 2659 cibus
301 2626 391 2659 tibiae
401 2627 443 2659 ob
455 2628 600 2661 lamenta
612 2630 733 2671 quibus
744 2629 888 2662 Adonim

944 818 1086 850 deflent.
1135 819 1223 849 Nam
1256 827 1313 848 vos
1338 816 1519 847 Phoenices
1546 815 1639 846 Ado-

945 870 1013 900 nim
1044 868 1208 908 Gingrem
1237 866 1430 907 appellatis,
1455 870 1492 897 ut
1532 865 1641 896 refert

945 918 1184 950 Demoelides.'
1237 916 1433 947 Eustathius
1464 915 1563 945 Iliad.
1590 924 1640 945 Vl,

943 971 979 1001 ‘H
1002 971 1034 1001 δὲ
1049 972 1158 1010 χρῆσις
1179 971 1246 1000 τοῖς
1270 968 1413 1008 γίγγροις
1429 967 1463 998 ἐκ
1487 969 1549 998 τῶν
1574 966 1641 1006 περὶ

938 1020 1068 1051 ’Ἄδωνιν
1093 1019 1217 1059 θρήνων,
1242 1018 1279 1050 ὃν
1307 1017 1434 1058 Γίγγριν
1459 1016 1591 1048 ἐκάλουν
1612 1017 1641 1046 οἷ

944 1071 1086 1102 Φοίνικες.
1131 1070 1171 1101 Id
1199 1074 1262 1105 est,
1289 1068 1513 1108 ‘Gingrorum
1528 1072 1641 1097 autem

946 1132 1025 1153 usus
1063 1132 1104 1152 ex
1136 1120 1290 1152 lamentis
1329 1128 1429 1159 super
1473 1117 1642 1154 Adonide,

946 1182 1044 1212 quem
1079 1171 1232 1210 Gingiim
1260 1169 1423 1200 vocabant
1446 1167 1644 1199 Plioenices.’

944 1222 1067 1252 Pollux
1093 1221 1150 1252 lib.
1178 1230 1227 1251 ιν.
1255 1230 1330 1259 cap.
1355 1222 1404 1250 10.
1436 1217 1568 1258 Γίγγρας
1595 1216 1642 1248 τὶς

945 1271 1092 1302 αὐλίσκος
1106 1270 1208 1310 γοῶδη
1244 1270 1293 1300 καὶ
1326 1269 1506 1310 θρηνητικὴν
1540 1268 1642 1307 φωνὴν

945 1322 1065 1361 ἀφίησι,
1079 1321 1178 1361 φοίνιξ
1198 1320 1254 1359 μὲν
1269 1321 1310 1351 ὢν
1323 1320 1382 1357 τὴν
1403 1320 1533 1360 εὕρεσιν,
1547 1318 1641 1359 πρόσ-

945 1379 1036 1412 φορος
1048 1372 1079 1403 δὲ
1096 1372 1203 1413 Μούσῃ
1218 1373 1262 1413 τῇ
1281 1372 1404 1412 Καρικῇ·
1420 1371 1439 1408 ἠ
1450 1370 1481 1401 δὲ
1497 1370 1642 1401 Φοινίκων

945 1426 1075 1463 γλῶττα
1090 1423 1228 1462 Γίγγραν
1249 1422 1305 1453 τὸν
1323 1422 1452 1452 Ἄδωνιν
1466 1423 1567 1458 καλεῖ,
1591 1421 1643 1452 καὶ

945 1473 1045 1513 τούτῳ
1064 1475 1079 1504 ὁ
1105 1473 1199 1505 αὐλὸς
1237 1472 1460 1512 ἐπωνόμασται.
1505 1472 1546 1503 Id
1578 1477 1644 1509 est,

944 1525 1115 1564 ‘Gingras
1143 1524 1225 1555 tibia
1247 1523 1400 1565 quaedam
1423 1528 1578 1554 moestum
1606 1527 1642 1554 et

946 1575 1122 1614 lugubrem
1139 1579 1276 1606 cantum
1290 1575 1406 1605 mittit.
1431 1574 1642 1605 Phoenicium

947 1625 1133 1664 inventum,
1168 1623 1316 1656 dicatum
1346 1625 1455 1655 Musae
1487 1625 1641 1655 Caricae:

948 1675 1147 1706 Phoenicum
1178 1679 1291 1705 autem
1333 1675 1448 1715 lingua
1477 1675 1643 1715 Gingram

948 1725 1093 1756 Adonim
1113 1729 1222 1765 vocat,
1254 1729 1289 1755 et
1319 1725 1359 1755 ab
1383 1725 1484 1764 hujus
1509 1725 1642 1755 nomine

947 1776 1031 1806 tibia
1061 1773 1303 1806 (lenominata.'
1363 1774 1494 1814 Gingra
1529 1779 1642 1805 autem

948 1825 1136 1856 Bocbartus
1164 1834 1204 1854 ex
1231 1824 1407 1854 Pboenicio
1426 1823 1553 1862 gigara,
1570 1823 1641 1853 Do-

949 1876 1068 1905 minus.
1110 1874 1253 1905 Plenum
1270 1873 1391 1905 fuisset
1408 1876 1563 1914 girgara:
1581 1874 1641 1906 sed

950 1925 1041 1964 prius
1059 1924 1089 1953 R
1103 1924 1232 1954 elisum.
1256 1924 1337 1954 Duc.

989 1979 1004 1999 ‘1
1031 1973 1184 2014 Gtiscere]
1216 1973 1328 2004 Gloss.
1355 1973 1514 2011 ‘misem
1540 1973 1645 2012 αὔξει.’

948 2022 1059 2053 Aliae:
1093 2025 1101 2039 ‘
1121 2023 1249 2062 Glisco,
1283 2021 1490 2061 ἐπιτείνομαι.’
1550 2022 1641 2053 Hinc

945 2076 953 2088 ⁴
968 2071 1134 2110 reglisco!
1180 2072 1280 2102 Quod
1300 2072 1373 2102 vide
1395 2082 1454 2102 suo
1481 2072 1579 2103 loco:
1605 2076 1640 2102 et

943 2123 951 2138 ‘
966 2121 1151 2157 Gliscerae,’
1166 2131 1287 2152 mensae
1304 2122 1424 2162 opimae
1441 2126 1476 2153 et
1489 2122 1639 2162 opiparae

943 2174 1093 2204 struibus
1110 2173 1344 2214 frequentibus
1365 2173 1516 2204 refertae.
1544 2174 1640 2204 Idem.

987 2228 998 2243 f
1017 2224 1146 2264 Glittis]
1170 2225 1274 2264 Lege,
1293 2224 1412 2255 Glutis.
1437 2225 1541 2254 Cato:
1560 2224 1641 2254 ‘Uti

944 2274 1031 2304 bene
1049 2276 1239 2314 subactum,
1265 2275 1382 2315 utique
1408 2274 1494 2305 bene
1512 2274 1639 2313 glutum

943 2325 1031 2355 siet.'
1070 2325 1110 2356 In
1128 2326 1258 2357 Glossis
1278 2325 1429 2355 Latinis:
1455 2326 1463 2340 ⁶
1478 2324 1564 2362 Glis,
1580 2324 1642 2363 gli-

944 2374 1000 2412 tis,
1018 2375 1133 2406 liumus
1155 2375 1282 2406 tenax!
1304 2376 1372 2406 Jos.
1388 2375 1470 2405 Scal-

991 2426 1121 2465 Glittis]
1139 2426 1231 2457 Nihil
1244 2423 1566 2463 n1utandu=n,glittis
1578 2432 1638 2463 pro

941 2477 1068 2516 glanis.
1093 2476 1180 2506 Nam
1193 2485 1212 2505 u
1225 2484 1317 2514 saepe
1332 2474 1402 2504 abit
1416 2474 1448 2505 in
1464 2473 1487 2503 i.
1512 2472 1541 2503 A
1556 2473 1640 2512 glus,

944 2527 1076 2566 gluten,
1088 2526 1208 2565 glutus,
1225 2525 1347 2563 ιιιιίῐυς,
1365 2523 1450 2554 bene
1467 2521 1637 2553 subactus.

945 2580 1029 2610 Cato
1054 2589 1127 2619 cap.
1143 2580 1198 2609 45.
1222 2578 1230 2595 ‘
1247 2578 1357 2608 Locus
1379 2574 1504 2613 bipalio
1520 2573 1638 2606 sabae«

944 2635 1011 2671 tus,
1035 2629 1190 2671 beneque
1207 2627 1321 2669 glutus
1336 2624 1423 2657 siet.’
1446 2625 1526 2657 Dae.
