1835 2906
202 99 288 140 426

645 105 798 137 SEXTI
833 104 1039 136 POMPEII
1074 103 1210 134 FESTI

258 201 473 258 quicquid
495 201 552 242 ob
572 200 822 241 memoriam
842 198 1029 252 alicujus
1049 198 1218 240 sactum
1243 201 1322 246 est,
1339 201 1387 238 ut
1407 198 1523 247 fana,
1545 211 1646 252 por-

260 271 392 319 ticus,
424 269 587 323 scripta
621 272 664 309 et
703 269 911 309 carmina.

972 266 1060 307 Sed
1099 265 1413 307 monimentum
1450 268 1649 318 quamvis

258 337 417 379 mortui
438 349 574 378 causa
595 336 655 377 sit
675 335 860 384 factum,
889 347 977 375 non
999 338 1147 373 tamen
1177 331 1393 384 significat
1420 332 1483 373 ibi
1505 332 1651 386 sepul-

260 408 371 446 tum.

207 469 476 513 Monitores¹²
498 471 696 513 dicuntur
725 476 769 511 et
801 470 878 523 qui
913 470 958 511 in
990 481 1126 510 scena
1145 472 1323 510 monent
1341 467 1592 517 histriones,
1613 469 1654 507 et

261 540 360 581 libri
377 537 689 581 commentarii.

207 604 450 648 Monodosi
471 605 725 660 appellatus
746 609 815 645 est
838 604 1010 647 Prusiae
1033 604 1166 654 filius,
1187 603 1264 658 qui
1285 615 1419 643 unum
1437 614 1488 642 os
1504 601 1657 642 habuit

262 674 455 716 dentium
490 674 587 715 loco
605 687 615 715 ε
662 672 862 714 similiter
891 672 1047 714 habuit
1077 678 1120 713 et
1156 671 1350 725 Pyrrhus
1388 681 1467 710 rex
1501 667 1658 721 Epiro-

263 747 422 783 tarum.

208 807 491 859 Monstrum,k
515 814 559 850 ut
575 808 722 849 AElius
737 807 1187 862 Stilointerpretatur,
1205 820 1232 847 a
1252 802 1473 846 monendo
1494 803 1660 843 dictum

263 879 343 925 est,
364 877 488 917 velut
509 881 792 916 monestrum.

852 875 963 916 Item
986 875 1164 916 Sinnius
1186 872 1367 927 Capite,
1403 869 1522 925 quod
1538 881 1663 909 mon-

264 948 373 985 stret
406 943 618 992 futurum,
658 947 700 984 et
739 950 916 985 moneat
949 943 1220 984 voluntatem
1260 940 1489 981 Deorum:
1539 935 1663 990 quod

264 1011 399 1052 etiam
429 1010 694 1064 prodigium,
731 1010 884 1052 velut⁷
932 1009 1208 1064 praedictum,
1240 1011 1286 1049 et
1315 1006 1444 1061 quasi
1475 1004 1666 1058 praedic-

265 1084 371 1129 tum,
395 1079 514 1132 quod
536 1078 753 1132 praedicat
783 1078 952 1129 eadem,
975 1084 1020 1120 et
1051 1082 1317 1132 portentum,
1340 1073 1460 1130 quod
1489 1075 1666 1126 porten-

265 1145 355 1196 dat,
391 1153 436 1187 et
471 1145 714 1199 significet:
746 1146 847 1188 inde
885 1147 974 1188 dici
1008 1150 1192 1200 apparet
1227 1144 1271 1185 id
1305 1146 1525 1198 quartum,
1547 1138 1664 1192 quod

265 1213 371 1254 mihi
395 1214 536 1255 visum
577 1217 647 1255 est
678 1214 993 1268 adjiciendum,
1016 1214 1257 1267 praesertim
1289 1224 1389 1253 cum
1421 1223 1479 1250 ex
1509 1206 1663 1248 eadem

270 1280 591 1333 significatione
614 1282 818 1335 pendeat,
841 1286 884 1322 et
900 1282 942 1321 in
974 1286 1177 1335 promptu
1202 1280 1259 1320 sit
1280 1278 1499 1324 omnibus,
1520 1274 1563 1315 id
1587 1278 1666 1322 est,

267 1352 504 1397 ostentum,
540 1348 661 1402 quod
684 1349 786 1390 item
808 1350 863 1390 ab
888 1348 1162 1391 ostendendo
1184 1347 1347 1389 dictum
1378 1342 1474 1386 est.¹
1537 1343 1667 1384 Mon·

813 1469 952 1481 eeeeee

953 1470 1051 1481 ooooo

254 1542 271 1570 7
298 1540 396 1579 Legit
418 1538 499 1570 Dae.
524 1539 712 1578 Prodigium
735 1540 818 1570 velut
839 1540 1012 1580 prodicium
1028 1543 1057 1570 et
1079 1537 1170 1579 quasi
1191 1536 1388 1578 praedicium.
1435 1534 1580 1568 Quidam
1612 1533 1667 1563 lib.

215 1582 304 1624 apud
320 1583 409 1614 Scal.
422 1581 596 1622 prodicium
614 1583 667 1614 vel
681 1583 875 1623 praedicium.

874 1679 1014 1713 NOTAE

211 1765 277 1796 quo
304 1762 553 1795 praetereuntes
579 1757 796 1795 admoneant,
816 1762 850 1788 et
878 1766 914 1787 se

210 1806 314 1837 fuisse
328 1807 447 1838 etillos
463 1817 538 1839 esse
550 1809 730 1839 mortales:
749 1808 791 1839 ab
805 1818 846 1839 eo
859 1817 914 1839 ce·

213 1862 301 1896 tera,
326 1867 401 1898 quae
424 1858 553 1897 scripta
570 1868 608 1888 ac
634 1857 724 1888 facta
742 1858 913 1889 meinoriae

212 1917 327 1943 causa,
344 1909 551 1939 monimenta
567 1908 684 1940 dicta.¹
711 1910 809 1940 Idem.

255 1956 269 1976 Υ·
293 1957 482 1998 Monitores]
508 1959 575 1991 Qui
602 1960 633 1989 in
658 1969 759 1990 scena
779 1964 917 1990 monent

212 2009 410 2047 histriones,
445 2009 608 2040 dicuntur
646 2010 822 2046 ὑποβολεῗς.
873 2011 918 2041 Et

213 2066 307 2091 recte
338 2060 568 2092 Glossarium:
605 2066 613 2079 ‘
628 2061 792 2100 Munitor,
809 2061 919 2095 ὑποβο-

214 2110 310 2142 λεύς.’
344 2111 383 2142 In
400 2112 605 2143 Phormione
630 2118 637 2130 ‘
654 2112 746 2144 Geta
762 2111 920 2143 monitor’

213 2161 351 2201 dicitur,
374 2162 435 2192 lioc
451 2166 514 2196 est,
536 2162 592 2203 qni
614 2162 791 2193 consilium
817 2161 921 2193 dede-

216 2218 288 2243 rat:
307 2221 408 2253 quem
427 2217 463 2243 et
486 2211 600 2244 Graeci
617 2212 734 2243 dicunt
751 2212 919 2248 ὑποβολέα.

214 2264 282 2293 Jos.
301 2263 384 2294 Scal.

259 2312 448 2353 Monitores]
473 2312 605 2344 Graecis
627 2313 802 2350 ὑποβολεῑς,
825 2313 920 2354 quasi

216 2362 309 2393 dicas
328 2363 550 2403 subjectores.
588 2364 701 2396 Gloss.
738 2365 920 2404 ‘monitor‚

218 2412 412 2447 ὑποβολεύς.’
445 2413 486 2444 ln
504 2413 710 2446 Phormione
722 2414 731 2431 ‘
743 2414 834 2446 Geta
850 2424 919 2446 mo·

216 2463 316 2493 nitor’
333 2464 467 2499 dicitur,
492 2465 549 2505 qni
567 2466 745 2496 consilium
762 2465 918 2500 dederat,

218 2513 300 2544 Act.
314 2523 353 2544 ii.
376 2516 433 2546 Sc.
452 2518 479 2546 l.
503 2517 512 2533 ‘
531 2517 562 2547 0
579 2515 712 2548 facinus
729 2518 858 2548 audax!
885 2517 916 2548 O

218 2562 309 2593 Geta
323 2565 485 2595 monitor.'
508 2567 589 2597 Duc.

260 2614 268 2633 ἰ
293 2614 458 2653 Monalos]
483 2615 570 2646 Pliu.
596 2617 654 2648 lib.
681 2627 744 2649 vn.
773 2627 849 2659 cap.
867 2620 916 2649 16.

222 2664 398 2697 videndus.
421 2664 499 2697 Ληι.
518 2666 603 2703 Aug,

1014 1755 1181 1795 Monodos]
1227 1752 1394 1792 Μονόδους,
1424 1753 1480 1793 qui
1520 1750 1671 1782 dentium

968 1807 1043 1837 loco
1060 1815 1161 1836 unum
1178 1814 1214 1835 os
1231 1804 1409 1845 aequaliter
1421 1808 1599 1834 extensum
1616 1801 1673 1831 lia-

969 1856 1042 1896 bet‚
1057 1861 1094 1886 ut
1121 1855 1267 1886 Prussiae
1284 1854 1371 1885 filius
1394 1858 1429 1884 et
1449 1853 1668 1893 Epirotarum

970 1916 1030 1937 rex
1047 1906 1213 1946 Pyrrhus.
1228 1906 1343 1936 Valer.
1362 1905 1456 1935 Max.
1475 1903 1567 1934 l’lin.
1592 1902 1675 1932 Dac-

1014 1956 1028 1977 Β
1053 1957 1248 1997 Monstrum]
1289 1955 1405 1986 Verba
1450 1954 1543 1985 Festi
1580 1952 1677 1983 dimi-

975 2007 1069 2038 diata
1085 2007 1257 2047 intelliges
1281 2016 1323 2038 ex
1345 2006 1409 2036 illis
1426 2005 1534 2039 Pauli,
1555 2004 1565 2021 ⁸
1580 2003 1677 2033 Mon-

981 2064 1054 2089 stra
1070 2056 1253 2092 dicuntur,'
1269 2058 1334 2087 διο.
1359 2056 1438 2086 Ant.
1454 2054 1539 2092 Aug.

1019 2108 1211 2148 Monstrum]
1237 2107 1268 2138 A
1293 2107 1452 2142 monendo,
1477 2106 1676 2140 monestrum,

973 2163 1157 2193 niomlrum,
1167 2157 1288 2198 passim
1299 2155 1388 2196 apud
1399 2155 1501 2186 bonos
1510 2158 1679 2184 auctores.

976 2211 1095 2242 Cicero
1108 2215 1221 2240 tamen
1233 2218 1251 2239 a
1260 2207 1458 2238 monstrando
1468 2205 1527 2236 lib.
1540 2213 1564 2235 1.
1576 2203 1619 2234 de
1629 2203 1679 2234 di-

977 2262 1081 2293 vinat.
1101 2266 1109 2279 ‘
1127 2260 1216 2292 Quia
1229 2259 1317 2290 enim
1329 2256 1530 2295 ostendunt,
1543 2259 1679 2297 porten-

976 2311 1073 2346 dunt,
1094 2314 1296 2343 monstrant,
1316 2307 1517 2349 prandicunt,
1533 2310 1679 2340 ostenta,

974 2367 1147 2402 portenta,
1160 2365 1322 2395 monstra,
1336 2358 1489 2399 prodigia
1498 2353 1684 2388 dicuntur.'

974 2413 1069 2444 Idem
1088 2417 1121 2442 et
1154 2411 1212 2442 lib.
1242 2419 1284 2441 ir.
1307 2409 1351 2440 de
1376 2413 1447 2440 nat.
1464 2408 1568 2439 Deor.
1611 2405 1678 2436 Sed

972 2464 1082 2494 miuus
1099 2463 1197 2493 bene.
1242 2461 1297 2491 De
1315 2459 1472 2496 ostentis,
1496 2456 1678 2498 portentis,

973 2520 1006 2546 ct
1024 2513 1201 2554 prodigiis.
1246 2511 1336 2541 Vide
1354 2520 1414 2539 suo
1431 2509 1518 2539 loco.
1555 2506 1636 2536 Duc.

1021 2564 1026 2584 ¹
1048 2565 1135 2599 Qum!
1146 2563 1219 2594 item
1232 2562 1270 2592 ab
1282 2560 1467 2591 ostendendo
1481 2557 1600 2587 dictum
1614 2556 1677 2595 ese]

973 2614 1139 2647 Schedae:
1164 2615 1172 2630 ‘
1190 2611 1287 2644 Quod
1307 2611 1389 2641 item
1407 2608 1449 2639 ab
1465 2607 1678 2638 ostendendo

973 2666 1099 2698 dictum
1116 2669 1180 2704 ent,
1202 2668 1238 2695 ut
1255 2660 1344 2704 apud
1362 2664 1529 2697 auctores,
1541 2658 1596 2698 qui
1611 2667 1678 2688 mo·
