1835 2906
484 161 616 192 5¹1⁴:ST1
656 161 716 190 ni«)
751 159 895 189 vnnn.
930 156 1108 185 sxa-xiie.
1148 156 1236 183 ι,ιι;.
1275 155 1341 183 ix.
1558 143 1643 182 {3123

197 260 375 300 Inums
394 265 409 286 ff
445 260 540 299 ovis
571 257 811 302 dicebatur,
837 267 935 307 quae
959 251 1162 292 omnibns
1183 249 1331 289 idibus
1354 247 1459 288 Jovi
1482 251 1647 287 macta-

252 328 399 366 batur.

195 394 548 441 Jl‹:GUNANUM,¹
570 392 582 413 '¹
612 388 922 432 victimarium.

198 458 402 501 lorum*
424 473 536 500 nunc
559 460 733 513 quidem
757 469 837 510 pro
860 451 1165 507 completionis
1183 450 1499 503 significatione
1518 449 1648 497 valet,

254 541 356 581 quae
380 533 445 569 est
468 541 596 580 ergo3
628 527 703 567 sed
737 524 855 578 apud
877 524 1079 575 antiquos
1099 520 1344 574 ponebatur
1364 531 1442 571 pro
1465 517 1581 566 inde,
1604 520 1648 556 ct

256 599 426 648 postea,
448 600 489 635 et
512 601 618 635 tum.

199 662 350 715 Ignem
384 676 441 703 ex
469 662 601 702 domo
625 658 843 700 Flaminia
861 656 875 677 k
899 655 1039 697 efferri
1065 667 1151 695 non
1181 653 1361 701 licebat,
1383 652 1465 692 nisi
1488 651 1649 692 divinae

256 731 315 770 rei
339 731 491 783 gratia.

202 795 357 849 ignia)
380 798 487 837 vitia
507 808 712 836 vasorum
737 793 947 834 fictilium,

202 864 322 914 Ignis
346 864 497 905 Vestae
518 869 542 884 '¹¹
567 862 780 916 siquando
798 860 1102 901 interstinctus
1125 861 1261 906 esset,
1279 856 1471 908 virgines
1495 855 1651 895 verbe-

801 969 1039 981 eeeeeeeeeeee

246 1042 259 1068 l
287 1038 325 1068 In
345 1039 386 1068 al.
404 1039 604 1069 Incnmannm
622 1038 673 1068 vel
697 1037 884 1075 jecinorum.
933 1035 1080 1075 Conjicit
1105 1035 1193 1065 Dac.
1219 1032 1413 1069 decium-um,
1445 1030 1655 1061 victimarum.

205 1081 268 1111 Alii
297 1082 333 1111 In
348 1091 508 1112 cumanum
526 1082 654 1121 legunt.

860 1142 999 1173 NOTAE

244 1217 257 1237 ἕ
282 1211 398 1250 Idulis]
424 1210 580 1249 Ovidius,
599 1220 621 1241 ι.
648 1210 738 1240 Fast.
759 1209 767 1225 ‘
782 1208 899 1239 Idibus

202 1261 278 1291 alba
302 1261 380 1293 Jovi
406 1261 563 1301 grandior
588 1270 674 1300 agna
695 1258 810 1291 cadit.’
832 1260 900 1289 Jos.

202 1314 287 1343 Scal.

244 1361 258 1381 Ι·
280 1363 488 1404 Jecunannm]
512 1361 552 1392 In
572 1362 614 1392 al.
632 1361 833 1391 inc-umanum
849 1359 901 1390 vel

195 1412 378 1451 jecinorum.
419 1412 469 1442 An
488 1412 682 1451 legendum,
705 1412 900 1448 decimu-um,

202 1464 422 1495 victimarum?
453 1463 500 1493 Ut
519 1463 638 1492 Festus
657 1461 749 1491 dicat
766 1460 804 1490 τὸ
817 1460 902 1497 Jeci-

202 1523 312 1544 norum
338 1512 461 1542 alicubi
488 1512 635 1552 positum
660 1511 726 1551 legi
758 1520 820 1551 pro
837 1510 901 1540 vic-

205 1568 362 1605 timarum,
386 1575 461 1595 cum
481 1565 580 1604 jecur
607 1564 678 1594 sive
709 1563 843 1603 jecinor
868 1563 901 1592 in

206 1616 350 1648 victimis
367 1615 543 1655 praecipua
556 1624 633 1654 pars
653 1614 706 1644 sit.
724 1614 807 1643 Dae.

246 1667 253 1687 ²
278 1665 400 1706 Igitur]
426 1665 525 1705 Apud
544 1665 700 1704 antiquos
719 1672 811 1702 saepe
829 1672 902 1703 pro,

205 1717 298 1755 iude,
315 1721 445 1756 postea,
458 1722 541 1746 tum.
576 1715 693 1744 Plaut.
711 1713 863 1753 Amphit.
880 1722 903 1744 1.

202 1767 211 1782 ‘
226 1767 282 1797 Sin
301 1766 398 1796 aliter
415 1765 502 1795 sient
527 1764 677 1802 animati,
694 1772 804 1803 neque
821 1763 904 1793 dent

206 1827 280 1857 quae
305 1821 416 1856 petat,
439 1816 520 1845 Sese
549 1815 651 1854 igitur
667 1823 793 1845 summa
808 1814 838 1844 vi
857 1813 902 1844 vi-

207 1868 318 1908 risque
358 1876 472 1897 eorum
510 1865 672 1906 oppidum
712 1873 904 1904 expugnas-

206 1916 306 1948 sere.'
353 1918 397 1947 Et
427 1916 540 1947 Casin.
562 1925 600 1947 11.
623 1920 653 1946 2.
677 1918 685 1933 ‘
700 1916 781 1946 Mox
798 1916 904 1954 magis

208 1977 283 1998 cuin
295 1967 398 1998 otium
411 1966 489 1997 milii
502 1971 537 1996 et
554 1966 614 1997 tibi
631 1966 709 2003 erit,
728 1965 839 2004 Igitur
855 1970 904 1995 te-

208 2028 283 2049 cum
308 2016 451 2058 loquar!
498 2016 537 2047 In
567 2017 630 2056 leg.
658 2019 707 2046 12.
732 2015 803 2046 tab.
828 2015 905 2046 ‘Sei

207 2069 239 2099 in
262 2069 318 2109 jus
346 2072 458 2103 vocat,
475 2068 528 2098 nei
547 2068 572 2098 it
587 2068 780 2105 antistator‚
802 2067 906 2107 igitur

206 2120 250 2150 im
268 2118 407 2159 capito.’
430 2119 529 2149 Idem.

249 2168 263 2189 ¹*
290 2170 398 2209 Ignem
414 2179 453 2200 ex
468 2171 554 2199 domo
572 2167 740 2208 Flaminia]
756 2169 822 2199 Hic
840 2178 907 2199 vox

207 2222 293 2250 domo
305 2220 439 2251 videtur
451 2219 623 2250 abundare
634 2230 642 2257 ;
660 2229 736 2250 nam
748 2220 908 2250 Flaminia

209 2271 364 2301 absolute
392 2271 568 2301 dicebatur
591 2273 718 2302 Domus
738 2273 910 2303 Flaminis·

211 2321 265 2350 Sic
291 2320 423 2351 Gellius
452 2321 510 2351 lib.
538 2330 574 2351 x.
606 2332 635 2352 c.
654 2324 707 2353 15.
731 2322 873 2362 ‘Ignem
890 2332 908 2353 e

211 2371 388 2409 Flaminia,
416 2371 449 2400 id
467 2375 531 2410 est,
548 2371 707 2401 Flaminis
726 2372 835 2402 Dialis
852 2372 910 2403 do-

212 2431 276 2457 mo,
294 2421 358 2451 nisi
375 2429 518 2456 sacrum,
543 2419 654 2452 afferri
675 2422 731 2461 jus
749 2431 813 2452 non
833 2422 906 2454 est.'

210 2472 309 2502 Idem.

256 2520 262 2541 ¹
285 2521 394 2560 Ignia]
422 2519 521 2550 Aliud
540 2520 572 2550 in
590 2519 719 2550 Glossis
738 2531 746 2551 ε
773 2522 781 2538 ‘
798 2521 908 2562 Ignia‚

211 2572 308 2607 νοτιὰ,
324 2570 490 2611 φυκίασις.’
513 2571 581 2600 Jos.
594 2569 677 2600 Scal-

256 2623 365 2662 [guia]
385 2622 468 2652 Cum
487 2621 701 2651 vehementia
714 2620 799 2660 ignis
812 2621 910 2652 dissi-

213 2674 311 2704 liunt.
334 2674 414 2703 Dae.

257 2730 278 2745 ¹²¹
290 2724 378 2763 Ignis
398 2722 516 2764 Vestae]
528 2722 756 2754 Tertullianus
773 2722 805 2753 in
823 2721 910 2753 libro

956 1208 998 1238 de
1014 1205 1216 1247 poenitentia
1235 1215 1240 1232 :
1267 1203 1379 1236 ‘Quid
1406 1202 1497 1232 illum
1523 1201 1657 1231 thesau-

956 1267 1027 1287 rum
1059 1256 1145 1296 ignis
1175 1254 1291 1286 aeterni
1323 1253 1540 1289 aestimamus,
1579 1261 1655 1281 cnm

956 1307 1132 1338 fumariola
1163 1305 1317 1346 quaedam
1349 1303 1423 1342 ejus
1454 1303 1539 1333 tales
1571 1303 1657 1333 ictus

955 1357 1164 1389 flammarum
1181 1353 1372 1393 suscitent,'
1389 1357 1455 1385 &a
1491 1353 1560 1383 Pro
1577 1357 1657 1383 tere-

957 1410 1046 1441 brare
1071 1410 1104 1439 in
1130 1408 1331 1450 quibusdam
1357 1405 1559 1437 editionibus
1577 1406 1658 1444 legi-

956 1466 1010 1492 tur
1027 1459 1198 1490 verberure.
1231 1459 1297 1489 Sed
1315 1457 1470 1488 terebrare
1482 1466 1657 1496 possumus

956 1513 990 1543 in
1022 1521 1081 1542 suo
1114 1511 1189 1541 loco
1226 1510 1376 1550 quietum
1412 1517 1486 1538 esse
1519 1507 1657 1548 jubere.

957 1562 1151 1601 Simplicius
1168 1561 1202 1590 in
1220 1569 1277 1590 111.
1296 1558 1337 1589 de
1351 1559 1461 1589 coelo:
1485 1557 1547 1587 ἀπὸ
1560 1557 1658 1595 ξύλων

958 1611 991 1643 δὲ
999 1612 1059 1651 πῦρ
1073 1609 1279 1646 ἐκβάλλουσι,
1291 1607 1417 1647 θάτερον
1432 1609 1493 1637 τῶν
1509 1606 1607 1646 ξύλων
1619 1608 1658 1638 ὡς

958 1663 1103 1703 τέρετρον
1121 1662 1154 1691 ἐν
1166 1659 1283 1699 Θατέρῳ
1297 1656 1563 1698 περιστρέφοντες.
1588 1657 1659 1687 He-

960 1713 1120 1754 sychius:
1143 1709 1328 1750 ἀχάλκευτα
1349 1708 1497 1748 τρύπανα.
1521 1708 1561 1738 τὰ
1584 1706 1659 1747 φρύ-

958 1774 1014 1801 'yla
1035 1763 1152 1802 πυρεῖα.
1178 1761 1344 1799 Σοφοκλῆς
1365 1760 1397 1789 ἐν
1412 1760 1495 1789 Φινεῖ
1519 1758 1660 1797 δευτέρῳ.

958 1815 1025 1844 JoS.
1045 1814 1130 1844 Scal.

1003 1864 1094 1902 Ignis
1126 1863 1242 1902 Vestae]
1274 1861 1375 1892 Hunc
1404 1861 1517 1890 Numa
1534 1859 1660 1899 primus

960 1915 1121 1954 instituit,
1144 1918 1152 1930 ¹
1172 1920 1208 1944 nt
1226 1912 1268 1943 ad
1294 1912 1508 1942 simulacrum
1533 1910 1661 1950 ignium

959 1965 1147 1996 coelestium
1164 1962 1300 1994 flamma
1315 1960 1496 2001 vigilaret.'
1530 1961 1661 1991 Florus.

962 2015 1061 2047 Quod
1081 2015 1107 2045 si
1127 2012 1336 2054 negligentia
1354 2012 1527 2042 extinctus
1545 2009 1660 2048 fuerit,

961 2067 1003 2098 ab
1029 2066 1093 2097 alio
1122 2065 1192 2106 igni
1218 2064 1400 2095 incendere
1428 2072 1494 2092 non
1522 2061 1662 2100 licebat,

962 2117 1024 2147 nisi
1043 2126 1083 2146 eo
1101 2124 1201 2156 quem
1220 2113 1367 2144 tabulam
1393 2111 1502 2142 felicis
1521 2111 1594 2151 (alii
1613 2110 1658 2140 fa-

962 2166 1051 2207 cilis)
1076 2166 1227 2197 materiae
1253 2164 1456 2195 terebrantlo
1481 2162 1575 2201 virgo
1593 2171 1662 2191 sus-

963 2223 1113 2259 ceperat.
1158 2216 1251 2247 Male
1269 2215 1401 2255 quidam
1421 2222 1481 2253 pro
1506 2211 1661 2243 terebrare

964 2271 1078 2309 legunt
1095 2267 1266 2298 verberare.
1313 2264 1403 2294 Plin.
1421 2262 1478 2294 lib.
1492 2271 1567 2292 XVI.
1586 2271 1662 2301 cap.

962 2323 1014 2351 40.
1041 2319 1197 2349 ‘'Peritur
1221 2326 1302 2355 ergo
1331 2316 1457 2352 lignum
1485 2314 1586 2352 ligno,
1613 2313 1662 2352 ig-

962 2378 1106 2409 nemque
1128 2366 1278 2405 concipit
1304 2366 1441 2402 attritu‚
1465 2363 1662 2403 excipiente

964 2419 1104 2450 materia
1128 2417 1212 2447 aridi
1238 2414 1377 2452 fomitis,
1405 2413 1564 2444 facillimo
1583 2422 1664 2443 con·

963 2474 1077 2508 ceptu.
1123 2466 1190 2497 Sed
1210 2465 1288 2496 nihil
1314 2465 1417 2495 edera
1446 2464 1664 2505 praestautius

964 2528 1037 2559 qnae
1056 2522 1197 2554 teratur,
1215 2517 1309 2545 lauro
1333 2524 1407 2554 quae
1432 2519 1533 2544 terat.
1578 2514 1663 2544 Pro-

965 2569 1064 2599 batur
1092 2571 1126 2597 et
1153 2566 1230 2596 vitis
1260 2564 1445 2606 sylvesti·iS‚
1469 2565 1534 2594 alia
1563 2574 1662 2604 quam

964 2620 1133 2657 labrusca,
1157 2623 1192 2648 et
1216 2617 1291 2657 ipsa
1312 2617 1423 2647 ederae
1447 2615 1546 2646 modo
1568 2615 1663 2646 arbo-

965 2680 1035 2700 rem
1054 2667 1243 2700 scandens!
1287 2667 1481 2707 Simplicius
1499 2667 1531 2696 in
1550 2675 1603 2696 ιιι.
1619 2665 1662 2695 de

966 2720 1058 2752 Coelo
1073 2730 1081 2751 :
1107 2718 1183 2751 Ἀπὸ
1199 2718 1298 2758 ξύλων
1313 2719 1371 2757 πῦρ
1391 2715 1594 2757 ἐκβάλλουσι,
1611 2716 1661 2747 6εό1
