1835 2906
188 147 272 190 170

647 155 793 186 SEX'PI
829 154 1031 185 POMPEH
1067 153 1199 184 FESTI

191 254 368 297 Collus⁰
383 252 414 277 ¹⁶
435 264 614 306 quoque
635 252 871 293 masculine
896 251 1121 291 dixerunt:
1153 252 1221 290 est
1241 249 1352 289 enim
1374 261 1505 301 genus
1542 252 1628 289 tor-

246 321 378 362 menti
397 333 421 360 e
443 320 574 360 corio.

191 388 451 430 Colluvialis
468 401 629 442 porcus
644 393 660 417 P
680 388 851 436 dicitur,
870 388 947 440 qui
969 386 1066 427 cibo
1083 384 1299 438 permixto
1314 389 1354 426 et
1376 385 1626 427 colluvione

244 456 444 497 nutritur.

189 523 421 578 Colophon
436 528 451 553 ‘¹
482 522 702 570 dixerunt,
731 534 831 561 cum
852 519 1018 574 aliquid
1038 519 1204 560 finitum
1225 517 1552 571 significaretur.

189 590 401 633 Colossus
417 596 429 613 s
462 603 489 632 a
524 589 680 631 Caleto
702 594 733 619 ¹7
766 588 947 638 artifice,
974 601 1001 629 a
1021 600 1107 641 quo
1129 586 1341 627 formatus
1358 590 1444 635 est,
1466 586 1625 627 dictus.

789 698 923 710 eeeeeee

928 697 1024 709 eeeee

230 780 270 808 16
293 777 438 809 Quidam
466 776 541 807 libri
560 776 685 806 Culeus.
731 776 826 807 Vett.
843 774 921 805 edd.
941 775 1083 804 culleus.-
1113 776 1147 803 et
1173 772 1222 802 ita
1246 771 1474 812 reponendum
1492 774 1629 802 monent

186 821 272 852 Scal.
288 820 456 851 Dac-—l7
481 818 550 850 Alii
569 819 695 850 Coleeo:
721 818 855 859 quidam
872 817 1055 856 conjiciunt
1075 816 1215 847 Charete.

834 927 972 960 NOTAE

185 993 297 1025 nuda:
323 994 365 1025 ad
396 1004 470 1026 eum
494 999 530 1026 nt
547 995 729 1036 conquexi,
746 994 880 1025 interim

185 1043 348 1075 Mulieres
365 1045 604 1085 conspiciunt.'
628 1044 695 1076 Sed
712 1043 792 1075 nihil
810 1044 881 1084 agit

185 1094 354 1134 Scaliger:
373 1095 528 1135 coinquire
538 1095 762 1136 compositum
776 1104 795 1125 a
808 1103 881 1125 ver-

185 1145 229 1176 bo
253 1145 357 1186 inquo,
379 1146 469 1186 quod
493 1151 544 1176 est
563 1156 675 1186 purgo.
720 1147 880 1186 Deputare

186 1199 299 1227 autem
317 1196 396 1226 nihil
414 1196 504 1227 aliud
521 1202 573 1227 est
589 1206 688 1237 quam
707 1200 830 1236 putare,
845 1196 877 1226 id

185 1250 248 1287 est,
268 1256 414 1286 purgare.
460 1246 696 1287 Compositum
716 1256 775 1287 pro
802 1247 879 1277 siin-

184 1295 277 1335 plici,
293 1301 330 1327 ut
356 1296 404 1328 fit.
448 1297 555 1327 Immo
582 1301 616 1328 et
633 1297 711 1327 alibi
727 1297 880 1337 Scaliger

183 1345 257 1378 fere
268 1347 730 1386 sententiamdemutat,cnm
741 1347 880 1378 adducit

182 1397 265 1429 illud
281 1408 299 1429 e
314 1398 426 1429 tabula
442 1408 626 1429 marmorea
637 1399 771 1430 Romae:
794 1399 803 1415 ‘
816 1399 878 1429 Ea-

184 1458 325 1491 rumque
358 1450 514 1481 arborum
552 1448 819 1480 adolefactarum
844 1454 879 1480 et

183 1499 482 1541 coinquendarum.
528 1500 573 1530 Et
591 1499 623 1529 in
640 1509 679 1530 eo
707 1499 786 1530 luco
803 1499 878 1530 aliae

183 1549 251 1580 sint
265 1549 448 1590 repositae.’
478 1550 557 1581 Dae.

223 1603 238 1618 ⁰
264 1599 382 1639 Callus]
409 1600 550 1640 Repone
567 1609 608 1630 ex
623 1599 795 1630 veteribus
807 1600 876 1630 edi-

182 1648 341 1688 tionibus,
367 1650 503 1680 Culleus.
550 1650 629 1680 Non
647 1654 759 1680 autem
789 1649 879 1680 aliud

183 1709 287 1739 genus
306 1700 465 1731 tormenti
483 1699 586 1730 fuisse
605 1704 699 1739 puto,
717 1699 806 1740 quod
827 1700 879 1730 hic

183 1750 329 1790 dicatur,
345 1760 442 1790 quam
466 1751 624 1789 culleum,
642 1750 675 1780 in
699 1759 798 1791 quem
822 1751 879 1780 im·

182 1800 407 1830 mittebantur
435 1801 629 1840 parricidae.
676 1801 743 1831 Res
764 1801 880 1841 vulga-

184 1850 327 1882 tissima.
370 1850 437 1880 Sed
461 1855 572 1880 tamen
589 1859 756 1889 apponam
775 1850 816 1880 de
840 1860 879 1881 eo

183 1900 272 1940 quod
285 1900 398 1930 inveni
411 1910 418 1929 :
438 1899 565 1938 ἐγένετο
580 1899 671 1938 νόμος
682 1912 728 1931 τις
742 1900 881 1931 τοιούτου

182 1950 296 1991 τρόπου
317 1951 412 1981 πᾶσιν
437 1950 610 1990 ἀνθρώποις·
629 1950 708 1981 ὅπως
723 1950 808 1982 ὅστις
822 1964 879 1981 πα-

181 2000 358 2041 τροκτόνιον
380 2000 548 2037 πεποιήκει,
565 2000 714 2038 δημοσίως
737 2001 778 2031 εἰς
802 2007 880 2039 μολ-

182 2051 241 2090 γὸν
266 2051 414 2091 πεμφθεὶς
446 2052 589 2092 συῤῥαφῇ
623 2051 704 2089 μετὰ
743 2051 880 2090 ἐχίδνης,

181 2102 232 2132 καὶ
262 2102 363 2138 κυνὸς,
389 2102 438 2133 καὶ
461 2102 600 2139 πιθήκου,
626 2101 676 2132 καὶ
699 2101 880 2142 ἀλέκτορος,

181 2154 304 2189 ἀσεβῶν
319 2153 414 2193 ζώων,
431 2154 548 2190 ἀσεβὴς
574 2152 740 2193 ἄνθρωπος,
764 2153 814 2184 καὶ
831 2152 880 2184 ἐπὶ

182 2203 297 2244 ἁμάξης
310 2203 493 2243 ἐζευγμένης
519 2206 662 2242 μελανοΐς
682 2204 773 2240 βουσὶ
788 2215 879 2235 κατε-

183 2257 283 2295 νεχθῇ
295 2255 334 2286 εἷς
360 2255 537 2294 Θάλασσαν,
559 2255 610 2286 καὶ
635 2255 710 2296 ῥιφῇ
730 2255 771 2287 εἷς
788 2254 878 2291 βαθύ.
907 2290 911 2293 ,

184 2305 230 2335 Et
245 2305 363 2335 mirum
385 2306 464 2336 mihi
488 2305 636 2345 videtur,
654 2306 742 2347 quod
760 2306 801 2337 de
824 2315 879 2337 ea-

184 2355 259 2386 dem
279 2365 313 2385 re
331 2356 492 2392 Isidorus,
508 2356 660 2387 scribens
680 2357 713 2387 in
735 2356 878 2396 Glossis,

183 2407 242 2444 ait,
260 2405 413 2436 Cnlleum
439 2407 586 2438 tunicam
602 2407 705 2438 fuisse
728 2418 769 2439 ex
786 2417 878 2448 spar-

186 2461 222 2486 to
239 2456 272 2486 in
289 2456 425 2486 modum
443 2458 602 2488 cruminae
620 2456 760 2496 factam,
776 2463 811 2488 et
827 2467 877 2488 so-

182 2507 276 2537 litam
288 2505 377 2536 liniri
392 2516 411 2536 a
422 2507 547 2546 populo
560 2508 648 2547 pice,
660 2513 693 2538 et
704 2508 879 2539 bitumine.

181 2557 327 2587 Plautus
346 2556 542 2587 Vidularia:
568 2559 669 2597 ‘jube
688 2559 775 2590 hunc
793 2558 878 2589 insui

182 2607 306 2647 culleo,
322 2606 435 2647 Atque
459 2607 491 2637 in
515 2607 616 2638 altum
642 2608 828 2649 deportari,
851 2608 879 2639 si

184 2658 232 2688 vis
245 2666 409 2688 annonam
426 2656 571 2688 bonam.y
583 2659 652 2689 Jos.
669 2659 750 2691 Scal.

230 2706 350 2747 Collus]
372 2707 567 2748 Legendum
584 2709 709 2750 culleus,
728 2710 784 2750 qui
809 2719 879 2742 sac-

937 1003 994 1024 cus
1015 997 1090 1024 erat
1117 1002 1158 1025 ex
1184 992 1286 1031 corio,
1309 992 1341 1023 in
1365 1001 1430 1032 quo
1449 990 1628 1031 parricidae

935 1043 1085 1074 conclusi
1107 1052 1181 1074 cum
1198 1043 1325 1083 vipera,
1342 1051 1437 1081 03110,
1454 1041 1506 1071 vel
1528 1040 1632 1081 gallo,

936 1095 988 1125 vel
1005 1094 1109 1133 simia,
1128 1095 1159 1124 in
1182 1103 1273 1124 mare
1287 1092 1522 1123 mittebantur.
1567 1089 1630 1120 Isi-

935 1144 1007 1175 dor.
1034 1145 1065 1175 in
1098 1144 1212 1175 Gloss.
1251 1142 1411 1174 ‘Cullens
1442 1140 1555 1172 tunica
1586 1149 1629 1170 ex

935 1199 1050 1234 sparto
1066 1195 1101 1225 in
1117 1193 1252 1225 modum
1265 1193 1425 1224 cruminae
1441 1190 1542 1231 facta,
1554 1199 1629 1232 qnae

934 1245 1104 1276 linebatur
1121 1255 1138 1275 a
1161 1244 1285 1284 populo
1302 1244 1377 1284 pice
1402 1248 1437 1273 et
1454 1241 1630 1276 bitumine,

935 1296 967 1326 in
986 1304 1050 1336 qna
1071 1293 1334 1326 includebantur
1354 1291 1533 1333 parricidae
1552 1300 1628 1322 cum

935 1346 1044 1385 simia,
1061 1350 1233 1386 serpente,
1249 1349 1283 1375 et
1299 1344 1400 1384 gallo,
1425 1344 1538 1373 insuta
1553 1340 1631 1372 mit-

936 1397 1073 1429 tebatur
1101 1397 1133 1427 in
1161 1405 1265 1434 mare,
1280 1399 1315 1426 et
1344 1392 1630 1426 contendentibus

934 1450 1024 1480 inter
1040 1458 1075 1479 se
1092 1446 1319 1479 animantibus
1335 1446 1433 1476 homo
1450 1442 1629 1485 majoribus

935 1500 1041 1540 poenis
1067 1495 1299 1530 afficiebatur.’
1344 1494 1459 1526 Plaut.
1474 1494 1507 1524 in
1523 1493 1630 1524 Vidu-

934 1551 1017 1582 laria
1037 1562 1044 1579 t
1073 1549 1183 1581 ‘ane
1217 1547 1304 1578 hunc
1326 1545 1412 1576 insui
1440 1544 1548 1576 culleo
1567 1541 1630 1574 At·

934 1609 999 1641 que
1023 1600 1055 1630 in
1074 1599 1178 1629 altum
1203 1594 1386 1636 deportari,
1404 1594 1432 1625 si
1457 1594 1507 1624 vis
1526 1602 1629 1624 anno-

934 1661 1009 1682 nam
1027 1649 1170 1682 bouam.’
1194 1649 1273 1679 Dae.

978 1706 993 1727 Ρ
1020 1697 1332 1739 Colluvialisporcus]
1347 1695 1415 1729 Qui
1432 1695 1508 1727 cibo
1524 1694 1629 1725 mixto

935 1756 969 1783 et
996 1751 1153 1789 colluvie,
1180 1749 1212 1780 id
1238 1753 1301 1787 est,
1329 1745 1481 1778 sordibus
1506 1744 1630 1776 ablutis

935 1802 1122 1841 saginatur.
1154 1800 1249 1831 Idem.

976 1858 990 1878 ‘l
1018 1850 1189 1891 Colophon]
1224 1849 1385 1888 Κολοφῶν,
1408 1844 1512 1886 τέλος,
1541 1843 1630 1875 unde

936 1903 1122 1942 colophona
1139 1901 1232 1940 operi
1262 1900 1447 1939 imponere,
1470 1905 1532 1937 pro
1553 1894 1631 1925 111ίί-

936 1963 1024 1983 mam
1049 1961 1182 1982 manum
1201 1950 1231 1981 ei
1250 1951 1439 1980 admovere.
1485 1946 1515 1977 A
1533 1945 1632 1977 Colo-

936 2004 1046 2044 phone
1070 2002 1173 2033 loniae
1201 2001 1283 2031 urbe
1307 1999 1340 2030 id
1369 2002 1512 2029 tractum
1529 1995 1631 2026 docet

935 2053 1059 2084 Strabo
1074 2052 1130 2083 lib.
1146 2060 1232 2082 xur.
1249 2060 1324 2090 quae
1342 2048 1495 2089 equitatu
1513 2046 1561 2077 ita
1574 2055 1629 2076 ce-

936 2104 1017 2134 teris
1041 2102 1179 2133 urbibus
1197 2100 1398 2141 praestabat,
1415 2103 1452 2129 nt
1478 2096 1630 2127 ubicum-

933 2164 997 2195 que
1021 2153 1144 2184 bellum
1162 2150 1296 2191 aliquod
1319 2148 1510 2187 ambiguum
1527 2151 1630 2182 esset,

934 2203 1143 2244 Colophonio
1175 2201 1328 2242 equitatu
1362 2197 1628 2239 superveniente

933 2255 1158 2286 dirimeretur.
1203 2253 1300 2283 Unde
1318 2251 1420 2282 etiam
1447 2253 1557 2280 ortum
1580 2246 1630 2278 fe-

934 2310 1012 2337 runt
1029 2298 1198 2345 adagium.
1243 2301 1494 2341 ‘Colophonem
1523 2299 1629 2339 impo-

934 2357 1026 2397 suit‚'
1044 2355 1176 2396 quando
1195 2354 1242 2385 rei
1270 2352 1417 2393 cuipiam
1433 2350 1507 2381 finis
1523 2350 1630 2391 impo-

934 2407 1036 2438 nitur.
1060 2406 1159 2435 Idem.

977 2461 988 2476 ¹
1023 2455 1181 2494 Colossus]
1229 2452 1360 2484 Plinius
1405 2451 1463 2481 lib.
1500 2458 1628 2481 xxxw.

933 2517 1010 2548 cap,
1025 2510 1056 2537 7.
1082 2506 1091 2522 ‘
1108 2505 1199 2536 Ante
1214 2513 1328 2535 omnes
1346 2503 1378 2532 in
1405 2501 1627 2533 admiratione

934 2558 998 2589 fuit
1019 2557 1107 2589 Solis
1125 2557 1283 2587 Colossus
1307 2552 1428 2592 Rhodi,
1454 2560 1552 2591 quem
1579 2550 1627 2580 fe-

933 2612 1030 2640 cerat
1065 2606 1192 2638 Chares
1219 2603 1368 2644 Lyndius
1394 2601 1531 2641 Lysippi
1561 2601 1626 2630 dis-

933 2656 1101 2699 cipulusz'
1123 2654 1338 2695 septuaginta
1363 2651 1552 2683 cubitorum
1581 2652 1627 2682 al-

934 2707 1088 2740 titudinis
1105 2705 1182 2737 fuit.
1205 2704 1282 2736 Ant.
1297 2702 1381 2741 Aug.
