1835 2906
224 139 279 180 84

667 149 812 179 SEXTI
847 148 1049 179 POMPEII
1083 147 1219 178 FES‘rl

224 243 390 299 Apudp
419 247 612 286 mutuam
642 244 732 284 loci
763 246 805 284 et
823 256 1022 297 personae
1050 236 1393 296 conjunctionem
1418 240 1659 294 significat:

280 317 329 353 ut
349 326 448 354 cum
466 312 678 352 dicimus:
705 311 845 353 Coeno
858 311 983 364 'apud
1006 311 1208 351 amicum.
1265 308 1399 362 Apud
1419 314 1463 349 et
1484 308 1628 349 Penes
1644 313 1660 335 ‘³

281 380 324 420 in
346 380 428 420 hoc
450 378 672 421 differunt:
703 379 821 433 quod
843 379 1027 419 alterum
1049 390 1284 432 personam
1307 389 1404 417 cum
1436 377 1538 417 loco
1572 376 1660 427 sig-

278 445 449 487 nificat:
483 446 668 491 alterum
698 459 947 499 personam,
971 450 1013 487 et
1033 445 1290 494 dominium,
1311 457 1362 485 ac
1383 446 1658 498 potestatem,

279 513 397 567 quod
420 513 600 555 trahitur
616 527 642 554 a
663 514 857 567 penitus.

221 579 379 634 Aquar
399 580 572 630 dicitur,
589 594 617 621 a
635 593 723 634 qua
738 580 1000 634 juvamur.¹7
1060 578 1194 632 Aqua
1220 582 1264 619 et
1293 578 1430 631 ignis⁵
1459 576 1658 617 interdici

277 647 388 687 solet
411 646 654 688 damnatis:
686 660 820 700 quam
853 646 1078 700 accipiunt
1104 650 1278 699 nuptae:
1310 645 1531 692 videlicet,
1554 644 1659 697 quia

275 713 344 753 hae
368 713 467 755 duae
485 726 553 754 res
575 714 810 755 humanam
832 716 966 755 vitam
985 715 1176 754 maxime
1198 713 1437 754 continent.

1498 712 1657 765 Itaque

277 780 411 821 funus
429 781 650 834 prosecuti
670 781 897 823 redeuntes
915 782 1057 833 ignem
1077 780 1522 834 supergrediebantur
1543 792 1657 832 aqua

274 848 440 900 aspersi
463 860 473 886 ε
504 847 621 901 quod
642 850 913 901 purgationis
933 861 1067 901 genus
1087 849 1310 889 vocabant
1330 847 1608 888 suffitionem.

218 914 514 967 Aquaelicium
528 916 539 936 t
561 914 734 964 dicitur,
757 928 855 955 cum
873 928 986 968 aqua
1011 914 1221 968 pluvialis
1241 915 1447 955 remediis
1475 914 1654 966 quibus-

274 981 375 1021 dam
405 982 593 1022 elicitur:
625 984 670 1022 ut
691 982 929 1035 quondam,
951 982 988 1022 si
1011 981 1212 1031 creditur,
1235 981 1399 1022 manali
1431 979 1579 1033 lapide
1609 980 1653 1019 in

273 1050 421 1089 urbem
445 1049 589 1090 ducto.

822 1166 954 1179 ooooo

958 1166 1051 1177 ιιιιι

256 1248 295 1276 17
322 1245 387 1276 Alii
404 1245 559 1276 vivamus.-
584 1251 618 1276 et
634 1255 711 1276 mox
728 1245 861 1286 quidam
878 1244 1064 1285 conjiciunt
1080 1255 1147 1285 quce
1163 1246 1328 1285 accipiunt.

869 1359 1009 1391 NOTAE

212 1437 347 1471 vocant,
364 1434 523 1474 quoniam
547 1435 571 1465 is
599 1435 780 1476 pisciculus
796 1445 813 1466 e
831 1435 903 1475 plu-

211 1483 265 1513 via
281 1483 452 1515 nascitur!
498 1486 655 1517 Meminit
678 1486 852 1526 Aristoph.
870 1486 903 1516 in

211 1534 327 1574 Equit.
351 1534 511 1565 Οὐπώποτ’
527 1534 627 1575 ἀφύας
641 1535 719 1567 εἶδον
732 1535 904 1576 ἀξιωτέρας,

207 1584 216 1599 ‘
238 1585 428 1625 Numquam
446 1596 549 1626 apuas
572 1587 640 1617 vidi
665 1587 903 1627 pretiosiores!

208 1634 276 1664 Ubi
292 1634 403 1665 Scliol.
425 1636 543 1675 ‘Apua
557 1637 737 1677 pisciculus
753 1638 903 1668 minutis-

208 1684 320 1721 simus,
336 1685 391 1726 qui
408 1695 449 1715 ex
462 1686 540 1716 limo
558 1687 749 1718 concrescit
765 1692 798 1717 et
812 1687 908 1722 vivit,

210 1739 341 1766 naturae
369 1736 545 1774 miraculo,
571 1737 693 1767 nullius
724 1736 791 1767 cibi
821 1736 906 1767 indi-

210 1794 305 1823 gens,
319 1785 376 1816 sed
391 1786 477 1816 alter
494 1787 636 1817 alterum
656 1787 813 1828 lingendo
830 1796 905 1827 pas-

209 1833 319 1865 citur!
342 1834 425 1865 Dac.

252 1889 267 1909 Ρ
291 1884 401 1924 Apud]
428 1884 516 1915 Vide
540 1886 549 1902 ‘
568 1886 634 1918 ad!
658 1886 755 1917 laem.

251 1938 266 1959 ¹
290 1934 383 1974 Apud
404 1938 435 1965 et
461 1936 568 1975 penes]
597 1936 636 1966 In
661 1945 701 1967 eo
730 1934 904 1974 differunt,

208 1984 296 2025 quod
326 1986 407 2025 apud
432 1985 621 2016 custodiam
651 1991 792 2021 tantum,
814 1996 904 2026 penes

207 2044 288 2066 vero
301 2035 485 2067 dominium
503 2037 782 2076 comprehendat,
798 2042 832 2068 et
845 2046 902 2076 pe-

207 2094 266 2115 nes
297 2094 333 2116 se
365 2094 434 2116 rem
458 2086 560 2117 habet
584 2087 641 2127 qui
669 2096 742 2129 eam
768 2087 903 2117 omnino

207 2134 373 2174 possidet,
389 2140 426 2166 ut
450 2136 626 2167 Dominus.
674 2136 776 2176 Apud
793 2146 828 2167 se
844 2137 900 2166 lia-

206 2184 266 2215 bet
294 2186 351 2226 qui
374 2196 448 2217 eam
475 2191 512 2217 ut
538 2186 766 2227 depositarius
795 2191 900 2217 tenet.

206 2234 343 2274 Ulpian-
367 2240 374 2252 ‘
394 2236 504 2267 Penes
522 2241 555 2268 te
571 2237 714 2276 amplius
732 2240 784 2268 est
802 2246 901 2277 quam

207 2285 296 2324 apud
328 2291 374 2316 te.
433 2287 522 2317 Nam
553 2287 642 2327 apud
674 2292 706 2317 te
733 2291 784 2317 est
812 2286 900 2327 quod

207 2334 353 2374 qualiter
376 2339 410 2366 at
433 2345 452 2366 e
477 2342 625 2377 tenetur,
653 2346 756 2377 penes
779 2342 811 2367 te
836 2341 902 2376 est,

206 2383 294 2423 quod
313 2385 454 2425 quodam
472 2387 570 2417 modo
588 2386 802 2427 possidetur!
835 2387 901 2418 Ve-

205 2443 276 2465 rum
315 2435 405 2475 apud
446 2436 710 2468 Jurisconsultos
749 2442 784 2468 et
818 2437 900 2468 alios

206 2488 364 2515 auctores
402 2485 599 2526 plerumque
638 2485 899 2519 confunduntur.

207 2533 305 2564 Idem.

249 2587 260 2601 ¹
283 2584 388 2624 Aqua]
413 2584 521 2615 Varro
544 2585 650 2616 minus
673 2587 773 2618 dure:
800 2587 899 2629 Aqua

208 2633 297 2673 quod
321 2644 417 2675 aequa
440 2644 585 2666 summa:
613 2646 802 2678 quanquam
820 2647 899 2669 neu-

207 2688 296 2715 trum
315 2685 432 2725 implet
452 2694 549 2716 aures
575 2695 676 2718 meas.
726 2689 776 2718 De
803 2698 899 2729 aqua,

959 1440 994 1465 et
1018 1434 1098 1474 igni,
1123 1444 1198 1475 quae
1224 1433 1396 1473 accipiunt
1421 1436 1546 1472 nuptae,
1565 1430 1651 1462 idem

960 1486 1067 1516 Varro
1104 1484 1269 1515 videndus
1306 1483 1391 1514 libro
1415 1492 1466 1513 iv.
1501 1488 1536 1513 et
1572 1482 1654 1512 Plu-

960 1536 1066 1566 tarch.
1084 1535 1117 1565 in
1135 1535 1306 1565 Problem.
1324 1539 1358 1564 et
1375 1532 1463 1564 infra
1484 1537 1491 1550 ‘
1507 1532 1653 1563 Facem!

958 1585 1036 1617 Ant.
1056 1585 1142 1624 Aug.

1001 1636 1108 1676 Aqua]
1133 1635 1280 1666 Videtur
1295 1634 1349 1665 hic
1366 1634 1458 1664 locus
1476 1633 1523 1663 ita
1540 1633 1653 1672 legen-

959 1685 1020 1716 dus
1042 1697 1049 1716 :
1074 1686 1166 1725 Aqua
1182 1690 1211 1716 et
1233 1685 1301 1724 igni
1323 1688 1386 1715 tam
1408 1683 1553 1714 ‘interdici
1576 1684 1652 1712 solet

957 1737 1125 1777 damnatis,
1162 1747 1253 1776 quam
1296 1735 1490 1775 accipiuntur
1537 1736 1652 1773 nuptae.

956 1787 1110 1818 Scaevola
1126 1787 1157 1817 in
1176 1787 1212 1817 L.
1228 1787 1316 1818 Seia.
1349 1787 1394 1817 D.
1413 1786 1454 1815 de
1471 1785 1586 1815 donat.
1605 1784 1652 1814 in-

958 1842 1010 1867 ter
1025 1838 1133 1867 vivos:
1159 1837 1167 1852 ‘
1187 1836 1332 1868 Quidam
1357 1835 1476 1875 virgini
1495 1834 1549 1864 die
1568 1843 1652 1872 nup-

957 1887 1094 1924 tiarum,
1119 1887 1311 1927 priusquam
1329 1886 1369 1916 ad
1388 1895 1463 1916 eum
1481 1884 1655 1922 transiret,

956 1941 990 1967 et
1010 1936 1100 1976 prius
1118 1946 1217 1976 quam
1235 1946 1320 1977 aqua
1337 1942 1373 1966 et
1396 1936 1462 1976 igni
1481 1935 1652 1974 accipere-

957 1992 1025 2026 tur,
1043 1987 1075 2016 id
1089 1991 1153 2023 est,
1170 1986 1298 2026 nuptiae
1315 1986 1582 2020 celebrarentur,
1594 1983 1653 2014 ob-

956 2037 1033 2067 tulit
1049 2037 1166 2068 decem
1184 2045 1303 2067 aureos
1321 2035 1430 2066 dono.'
1456 2035 1526 2066 Ful.
1545 2034 1651 2065 Ursin-

999 2089 1088 2127 Aqua
1110 2087 1241 2127 dicitur]
1266 2087 1405 2127 Optime
1423 2085 1584 2117 Caninius
1609 2084 1651 2115 ab

955 2137 975 2168 ἆ
991 2136 1066 2177 χόα,
1083 2142 1107 2168 a'
1119 2137 1264 2169 fusione.
1311 2137 1399 2167 Nam
1425 2145 1517 2176 saepe
1536 2135 1651 2166 Latini

956 2190 1133 2221 articulum
1157 2190 1347 2221 nominibus
1365 2190 1526 2230 jungunt.
1550 2189 1630 2220 Dae.

997 2245 1008 2260 s
1021 2241 1111 2280 Aqua
1123 2244 1152 2271 et
1165 2239 1267 2279 ignis]
1282 2241 1399 2270 Fulvio
1414 2239 1537 2270 Ursino
1553 2240 1651 2270 unice

956 2289 1140 2325 adsentior,
1158 2291 1213 2331 qui
1237 2291 1332 2330 legit,
1352 2290 1443 2330 Aqua
1459 2294 1489 2321 et
1505 2290 1573 2328 igni
1588 2294 1652 2320 tam

954 2341 1099 2371 interdici
1121 2342 1195 2372 solet
1218 2341 1373 2372 damnatis
1392 2350 1481 2380 quam
1496 2340 1652 2379 accipiun-

955 2394 1008 2421 tur
1033 2401 1118 2421 novae
1145 2394 1262 2431 παρίω.
1310 2392 1365 2421 De
1393 2396 1534 2431 utroque
1559 2400 1650 2421 more

957 2440 1059 2471 Ovid.
1087 2449 1119 2472 v.
1145 2440 1235 2471 Fast.
1273 2440 1282 2455 ‘
1300 2439 1399 2473 Quod
1428 2440 1459 2469 in
1490 2439 1539 2470 his
1568 2440 1648 2470 vitae

956 2499 1057 2520 causa
1088 2496 1153 2529 est,
1182 2490 1254 2520 haec
1284 2489 1432 2529 perdidit
1464 2489 1555 2528 exul,
1587 2488 1649 2518 His

955 2548 1038 2569 nova
1056 2538 1094 2570 fit
1115 2539 1259 2579 conjux:
1283 2539 1356 2570 haec
1372 2538 1438 2569 duo
1456 2548 1572 2578 magua
1590 2548 1651 2578 pu·

954 2588 1048 2620 tant.'
1096 2589 1181 2619 vide
1205 2594 1213 2606 ‘
1230 2588 1362 2619 facem!
1388 2587 1484 2618 Idem.

990 2640 998 2659 ¹
1018 2638 1235 2679 Aqua'licium]
1250 2637 1449 2669 Tertulliani.
1461 2638 1468 2652 ‘
1480 2637 1648 2676 Aquilicia

954 2688 1032 2720 Jovi
1057 2689 1254 2720 immolatis:
1280 2686 1498 2727 nudipedalia
1523 2688 1647 2726 populo·
