1835 2906
206 132 262 173 72

644 138 790 170 SEXTt
825 138 1025 168 POMPEll
1060 136 1194 168 FEs'rl

263 250 360 278 meo
381 241 528 278 amata
547 238 638 276 est:
669 248 768 276 nam
803 234 904 287 plus
923 245 1090 273 sorores
1111 245 1138 272 a
1156 231 1377 282 fratribus,
1399 243 1530 285 quam
1551 230 1636 272 fra-

266 310 353 346 tres
375 304 496 356 diligi
517 303 655 344 solent
677 317 686 342 :
717 303 923 344 videlicet
943 303 1115 354 propter
1136 299 1526 340 dissimilitudinem
1546 310 1638 350 per-

267 385 486 420 sonarum,
504 384 603 424 quae
621 371 720 412 ideo
737 371 877 410 minus
899 369 1062 409 habent
1081 367 1378 415 dissensionis,
1395 378 1480 419 quo
1500 365 1640 406 minus

271 438 580 481 aemulationis.

213 505 413 554 Amites‚t
433 503 614 557 perticae
636 503 889 555 aucupales.

214 572 483 613 Amnenses¹¹
513 570 839 624 appellabantur
871 570 1000 610 urbes
1035 568 1133 609 sitae
1163 579 1301 620 prope
1334 577 1514 613 amnem,
1542 569 1588 604 ut
1619 576 1645 603 a

269 639 376 679 mari
389 637 640 678 maritimae:
663 635 775 676 unde
786 635 1060 683 Interamnae,
1078 637 1119 674 et
1133 632 1362 673 Antemnae
1380 631 1507 671 dictae
1526 635 1645 679 sunt3

272 705 388 758 quod
408 706 515 745 inter
534 716 681 744 amnes
698 708 799 744 sunt
821 704 991 756 positae,
1025 702 1092 742 vel
1122 704 1221 741 ante
1254 712 1301 740 se
1333 699 1522 757 habeant
1554 709 1643 737 am-

274 785 362 813 neS-

218 837 401 879 Amnis¹
442 837 616 891 proprie
647 837 801 894 dicitur
831 848 856 875 a
887 834 1210 883 circumnando,
1247 834 1451 887 quoniam
1491 845 1556 870 am
1591 843 1647 870 ex

277 905 437 946 Graeca
467 896 777 959 praepositione
811 908 1017 952 sumtum,
1047 915 1145 955 quae
1168 906 1236 941 est
1256 899 1408 953 amplci,
1431 897 1651 950 significat

278 973 457 1021 circum,
487 975 530 1012 et
550 983 666 1019 nare,
687 970 837 1011 fluere.

221 1040 533 1081 Amoebaeumy
566 1051 738 1078 carmen
770 1044 852 1087 est,
894 1037 1099 1090 quotiens
1134 1035 1269 1088 aliqui
1305 1048 1362 1075 ex
1394 1032 1555 1087 aequali
1579 1044 1655 1072 nu-

278 1111 423 1146 mero¹
458 1118 657 1146 versuum
692 1110 879 1145 canunt:
915 1110 960 1144 et
991 1103 1054 1144 ita
1076 1115 1123 1143 se
1144 1103 1272 1142 habet
1292 1103 1394 1154 ipsa
1409 1099 1653 1154 responsio,

279 1178 327 1213 ut
348 1178 425 1212 aut
442 1172 617 1221 malum,
647 1177 723 1212 aut
745 1172 1002 1212 contrarium
1024 1168 1188 1222 aliquid
1210 1168 1339 1209 dicat.

225 1239 442 1280 Amoena²
484 1239 600 1280 dicta
638 1244 739 1280 sunt
773 1239 886 1288 loca,
925 1250 1026 1291 quae
1062 1236 1118 1277 ad
1152 1249 1198 1276 se
1228 1235 1415 1277 amanda
1450 1233 1657 1281 alliciant,

281 1307 327 1348 id
350 1311 435 1356 est,
457 1307 641 1347 trahant.

828 1370 942 1382 eeeeee

947 1369 1059 1381 eeeeee

269 1442 282 1469 1
311 1440 436 1470 Ursino
453 1440 587 1470 videtur
603 1439 781 1479 legendnm
797 1442 826 1469 et
839 1439 917 1478 oequz'
934 1447 1058 1468 numero
1087 1437 1120 1467 in
1136 1435 1214 1471 fine,
1237 1444 1299 1476 pro
1317 1433 1419 1466 verbo
1436 1434 1558 1474 malum,
1573 1432 1661 1464 idem

227 1483 385 1523 opinatur
403 1483 630 1524 reponendum
647 1482 767 1520 mnjus5
789 1483 903 1512 deleta
920 1490 1001 1512 voce
1016 1481 1092 1520 ipsa.

875 1571 1014 1605 NOTAE

281 1639 290 1657 ἴ
317 1638 449 1678 Amiles]
488 1637 715 1669 Glossarium:
753 1643 760 1655 ‘
780 1637 921 1677 Amites,

231 1687 387 1727 στάλικες,
402 1686 543 1727 ἲξευτικοὶ
559 1687 712 1727 κάλαμοι.’
735 1688 804 1718 Jos.
818 1687 899 1718 Scul.

271 1738 406 1778 Amz'tes]
421 1738 535 1776 Ames,
547 1737 678 1769 furcula
691 1747 756 1777 qua
768 1743 839 1767 rete
852 1746 921 1768 sns-

231 1789 402 1828 penditur.
459 1789 581 1819 Horat.
613 1788 721 1827 Epod.
755 1796 795 1818 ιι.
825 1788 834 1803 ‘
854 1786 924 1817 Ant

232 1837 332 1867 amite
359 1837 424 1867 levi
454 1846 529 1867 rara
551 1836 661 1867 tendit
685 1836 781 1876 retia,
801 1836 924 1866 Turdis

232 1886 393 1917 edacibus
411 1886 525 1918 dolos.5
550 1888 630 1917 Dae.

275 1941 290 1956 ¹¹
312 1936 506 1976 AmnensesT
522 1936 622 1966 Varr.
640 1935 696 1966 lib.
715 1944 762 1966 iv.
778 1935 821 1966 de
839 1936 875 1965 L.
889 1935 924 1965 L.

232 1989 241 2003 ‘
260 1985 433 2025 Oppidum
460 1985 653 2016 Interamna
681 1985 805 2015 dictum
837 1984 926 2025 quod

232 2035 324 2065 inter
339 2034 464 2066 Amnes
482 2041 533 2066 est
559 2036 792 2066 constitutum.
838 2036 926 2065 Item

234 2085 424 2125 Antemnae,
439 2085 526 2126 quod
545 2091 623 2116 ante
646 2094 775 2115 amnem
795 2085 850 2124 qui
878 2084 927 2114 in-

235 2134 310 2166 fluit
325 2137 357 2166 in
367 2135 538 2166 Tiberim.’
563 2136 754 2166 Interamna
765 2134 925 2174 oppidum

236 2186 268 2216 in
286 2185 437 2224 Umbria,
462 2186 543 2217 item
571 2185 661 2216 alind
688 2185 739 2215 via
763 2185 879 2215 Latina
895 2184 927 2214 in

237 2236 382 2266 Sanmio.
420 2236 596 2267 Antemnae
613 2236 645 2266 in
663 2236 807 2266 Sabinis.
834 2236 928 2266 [dem.

279 2290 294 2305 ¹
318 2286 442 2326 Amnis]
465 2286 517 2317 Ab
532 2297 582 2317 am
598 2286 726 2317 circum
743 2290 824 2316 etna
839 2291 930 2316 nato.

237 2336 304 2367 Sed
323 2337 438 2366 melius
454 2337 552 2367 Varr.
568 2337 624 2367 lil).
640 2345 688 2366 ιν.
714 2335 756 2366 ab
781 2345 831 2366 am
859 2341 929 2365 tan-

239 2391 324 2423 tum,
348 2385 356 2401 ‘
371 2387 475 2415 amnis
493 2386 524 2415 id
541 2385 664 2416 flumen
681 2390 743 2423 est,
764 2385 850 2425 qnod
868 2384 930 2415 cir-

240 2435 311 2466 cuit
339 2435 476 2475 aliquid,
502 2444 577 2465 nam
602 2435 644 2465 ab
661 2435 788 2466 ambitu
805 2434 932 2465 amnis!

241 2486 338 2516 Idem.

283 2540 296 2561 Y
313 2534 512 2573 Amoeboeum]
536 2533 679 2564 Videtur
695 2533 888 2572 legendum,
903 2538 934 2564 et

242 2585 321 2625 aequz'
336 2593 480 2615 numero:
505 2592 579 2613 nam
596 2583 642 2613 ita
664 2582 764 2612 habet
787 2583 882 2614 Serv.
901 2584 933 2613 in

243 2637 349 2675 eclog.
368 2644 424 2666 111.
445 2639 452 2651 ‘
468 2633 696 2671 Anioebaeu¹n‚'
719 2634 837 2674 inquit,
861 2635 869 2651 ‘
883 2639 934 2664 est

244 2686 375 2727 quoties
400 2686 434 2725 ii,
457 2685 513 2726 qui
536 2689 673 2724 canunt,
689 2688 722 2715 et
738 2685 858 2726 aequali
876 2694 935 2715 nu-

974 1647 1064 1668 mero
1078 1637 1255 1675 versnum,'
1271 1638 1333 1667 &c.
1349 1636 1380 1667 in
1398 1634 1475 1674 fine,
1488 1644 1548 1675 pro
1563 1633 1664 1664 verbo

974 1689 1100 1728 malum,
1130 1688 1246 1727 opinor
1276 1686 1519 1726 reponendum,
1548 1685 1666 1723 'anjam

976 1738 1089 1769 deleta
1106 1746 1200 1775 voce,
1218 1737 1293 1777 ipsu.
1316 1737 1388 1767 Ful.
1404 1736 1516 1767 Ursin.

1019 1786 1219 1826 Amoeboenm]
1243 1786 1326 1816 Cum
1350 1785 1452 1825 aliqui
1470 1784 1606 1814 alternis
1624 1782 1668 1813 vi-

978 1837 1072 1868 cibus
1104 1837 1190 1867 inter
1220 1845 1255 1866 se
1286 1835 1454 1866 contraria
1488 1835 1668 1875 loquuntur

978 1887 1049 1927 pari
1067 1896 1220 1916 versuum
1242 1896 1391 1925 numero,
1417 1892 1453 1916 nt
1478 1885 1567 1924 apnd
1592 1884 1670 1914 Vir·

979 1938 1037 1976 gil.
1065 1937 1202 1976 Thyrsis
1231 1941 1266 1966 et
1291 1936 1458 1976 Corydon.
1492 1940 1500 1952 ‘
1521 1934 1670 1966 Alternis

979 1986 1081 2025 igitur
1096 1985 1305 2016 contendere
1319 1985 1469 2015 versibus
1487 1983 1584 2014 ambo
1597 1983 1672 2013 Coe-

978 2046 1070 2075 pere,
1089 2036 1236 2065 alternos
1254 2035 1361 2065 Mnsae
1379 2034 1569 2064 meminisse
1584 2032 1672 2062 volc-

980 2085 1072 2116 bant.
1118 2085 1188 2115 Hos
1206 2084 1374 2124 Corydon,
1399 2084 1471 2113 illos
1499 2078 1673 2113 referebat

978 2136 1011 2166 in
1036 2134 1154 2166 ordine
1177 2133 1339 2174 Thyrsis)
1389 2134 1525 2164 Servius
1556 2133 1672 2171 Eclog.

979 2195 1034 2216 ιιι.
1066 2186 1075 2202 ‘
1095 2184 1300 2215 Amoebaeum
1322 2189 1374 2214 est
1398 2183 1529 2224 quoties
1557 2183 1590 2220 ii,
1617 2181 1672 2221 qni

978 2240 1116 2273 canunt,
1143 2239 1177 2264 et
1207 2233 1326 2274 aeqnali
1357 2243 1495 2263 numero
1518 2241 1673 2262 versuum

981 2286 1134 2325 utuntur,
1162 2282 1262 2314 etita
1279 2283 1432 2314 sehabet
1449 2284 1523 2322 ipsa
1539 2292 1675 2322 respon-

983 2335 1043 2372 sio,
1066 2339 1101 2365 ut
1125 2339 1183 2364 aut
1207 2333 1313 2373 majus
1329 2337 1385 2363 ant
1401 2333 1603 2363 contrarium
1628 2331 1677 2361 di·

984 2384 1063 2416 cat.'
1109 2385 1193 2416 Qnae
1210 2384 1250 2413 ad
1269 2383 1404 2413 verbnm
1423 2382 1454 2412 in
1474 2383 1596 2419 Festo;
1621 2381 1676 2412 nbi

986 2435 1087 2465 etiam
1110 2443 1172 2473 pro
1187 2435 1298 2464 mulum
1318 2433 1452 2462 Fulvius
1471 2431 1610 2462 Ursinus
1628 2440 1677 2460 re·

986 2484 1158 2516 scribebat
1174 2484 1273 2521 majus
1288 2492 1306 2513 e
1323 2482 1451 2513 Servio.
1496 2480 1595 2512 Quod
1613 2489 1678 2510 non

988 2535 1102 2574 ntique
1121 2533 1346 2564 necessarium
1361 2537 1423 2562 est.
1455 2531 1573 2561 Malum
1590 2530 1677 2560 enim

989 2591 1117 2615 rectum
1145 2592 1217 2613 esse
1245 2587 1357 2622 potest
1377 2591 1451 2612 cnm
1470 2581 1501 2610 in
1518 2580 1678 2610 amoehoeo

989 2644 1078 2673 sa‘pv
1093 2634 1177 2664 alter
1192 2633 1290 2663 alteri
1306 2631 1497 2662 maledicat.
1516 2630 1595 2660 Duc.

1032 2690 1043 2705 2
1055 2682 1197 2722 Amoena]
1212 2681 1298 2713 Vide
1309 2682 1438 2712 incerta
1449 2679 1555 2710 Verrii
1569 2679 1679 2710 Flacci
