1835 2906
362 156 423 185 DE
459 152 730 183 VERBORUM
767 148 1176 181 SlGNIFlCATIONE
1212 148 1305 176 [ΑΒ.
1339 147 1408 176 Xl.

1524 137 1608 177 4:37

163 250 456 303 Municipalia
477 252 628 289 sacraz
649 250 881 293 vocantur,
900 255 1000 296 quae
1023 241 1078 281 ab
1100 241 1223 281 initio
1245 242 1412 281 habue-
1444 241 1502 294 [F
1512 250 1609 281 EST.

218 322 318 357 runt
340 321 441 356 ante
465 316 687 356 civitatem
709 313 898 354 Romam
913 315 942 333 ¹¹
968 312 1220 361 acceptam3
1253 322 1352 362 quae
1372 310 1608 349 observare

221 398 299 425 eos
320 384 551 424 voluerunt
572 380 829 429 Pontifices,
852 383 895 420 et
913 390 966 419 eo
988 388 1105 418 more
1127 374 1290 424 facere,
1311 389 1400 428 quo
1424 375 1610 416 adsues-

221 456 317 491 sent
338 451 596 503 antiquitus.

165 518 459 570 Municipium
483 516 527 557 id
550 528 688 569 genus
716 514 940 555 hominum
970 511 1146 561 dicitur,
1176 510 1266 563 qui,
1299 522 1399 550 cum
1431 509 1610 561 [PAUL.

221 585 413 626 Romam
436 585 679 633 venissent,
701 594 841 635 neque
864 581 987 620 cives
1011 579 1139 620 Rom.
1172 582 1336 625 essent,
1370 577 1613 629 participes

221 656 364 693 tamen
391 652 563 692 fuerunt
590 651 781 691 omnium
812 661 956 689 rerum
978 647 1034 688 ad
1055 660 1212 687 munus
1240 643 1506 696 fungendum
1530 656 1615 683 una.

222 733 322 761 cum
341 719 555 760 Romanis
577 719 762 766 civibus,
780 721 1077 770 praeterquam
1106 714 1160 755 de
1183 712 1390 764 suffragio
1413 709 1612 758 ferendo,

222 790 299 828 aut
315 787 573 839 magistratu
592 784 834 838 capiend.o;
857 784 971 823 sicut
986 782 1157 822 fuerunt
1180 780 1421 828 Fundani,a
1445 778 1615 818 Formi-

222 855 308 903 ani,
331 853 535 903 Cumani,
557 852 824 901 Acerrani,¹²
855 849 1090 898 Lanuvini,
1120 848 1384 895 Tusculani,
1405 845 1483 899 qui
1510 850 1616 898 post

223 922 396 975 aliquot
417 934 553 961 annos
576 921 698 961 cives
722 919 853 960 Rom.
875 917 1020 958 effecti
1041 921 1156 957 sunt.

1216 915 1319 956 Alio
1341 913 1490 962 modo,
1514 924 1616 952 cum

224 989 268 1029 id
288 1002 425 1042 genus
447 989 670 1029 hominum
704 986 918 1036 definitur,
947 996 1130 1037 quorum
1165 983 1322 1023 civitas
1347 981 1552 1020 universa
1575 978 1618 1017 in

223 1056 445 1097 civitatem
455 1054 700 1096 Romanam
719 1054 860 1105 venit3
878 1055 923 1093 ut
938 1051 1125 1100 Aricini,
1143 1047 1369 1097 Coerites,¹’
1383 1045 1617 1098 Anagnini.

775 1161 988 1173 ‘monetas
995 1162 1011 1172 e

211 1256 247 1283 ll
275 1252 338 1283 Ed.
357 1252 444 1283 Scal.
464 1253 650 1283 Romanam:
675 1254 710 1281 et
728 1258 806 1281 mox
822 1248 997 1288 adfuissent
1014 1257 1075 1289 pro
1099 1245 1374 1277 adsuessent.-12
1400 1240 1546 1274 Quidam
1565 1239 1622 1270 lib.

170 1295 295 1326 Cocani.

823 1367 965 1399 NOTAE

169 1445 178 1460 ‘
193 1444 337 1476 stellam’
349 1444 465 1475 laudat
483 1445 616 1475 Festus.
642 1444 740 1474 Idem.

212 1500 224 1520 ἲ
250 1494 472 1535 Municipulia]
512 1495 638 1526 Paulus
669 1504 736 1524 non
771 1487 896 1523 intel-'

169 1546 266 1584 lexit‚
282 1545 361 1585 quid
380 1551 472 1575 esset
490 1547 498 1561 ‘
516 1550 593 1575 ante
611 1544 783 1575 civitatem
808 1543 870 1573 Ro.

171 1602 348 1636 acceptam
365 1595 385 1633 ;’
410 1601 445 1626 et
467 1601 544 1626 aute
563 1595 680 1625 urbem
699 1594 871 1625 conditam

169 1647 418 1686 interpretatus
444 1651 517 1676 est:
544 1654 651 1685 neque
677 1644 776 1674 etiam
802 1652 872 1672 mu-

169 1696 331 1736 nicipalia
347 1705 444 1725 sacra
470 1701 547 1725 sunt
574 1694 666 1724 urbis
687 1694 803 1724 Romae
821 1701 871 1722 sa-

171 1756 243 1784 cra,
260 1747 318 1776 sed
338 1745 608 1785 municipiorum.
633 1744 713 1775 Ant.
729 1744 815 1781 Aug.

216 1803 227 1816 ²
250 1795 459 1835 Municipalia
474 1793 578 1833 sacra]
612 1794 696 1826 Quae
729 1791 871 1823 munici-

173 1856 233 1887 pes
259 1852 336 1877 aute
363 1847 539 1876 civitatem
567 1845 665 1874 Rom.
694 1847 871 1882 acceptam

172 1897 333 1927 habuere.
380 1896 457 1927 Non
481 1899 594 1924 autem
619 1899 699 1923 ante
733 1893 872 1922 Romam

172 1947 356 1985 conditam,
373 1952 408 1977 ut
425 1946 512 1975 male
526 1944 653 1975 Paulus
671 1943 875 1982 interpreta-

173 2005 241 2030 tur.
269 2000 348 2030 Duc.

216 2054 230 2069 ³
255 2050 343 2079 Sicut
355 2048 487 2087 suerunt
507 2047 664 2087 Fundani]
700 2047 755 2077 De
783 2046 874 2076 Fun-

174 2099 283 2134 danis,
306 2099 507 2137 Formianis,
532 2098 703 2134 Cumanis,
730 2095 874 2126 Lanuvi-

175 2152 237 2190 nis,
249 2150 461 2184 Tusculanis,
487 2148 564 2179 Liv.
594 2148 649 2178 lib.
678 2156 760 2177 v111.
789 2150 874 2176 sect.

177 2203 228 2231 14.
273 2201 282 2216 ⁶
298 2200 479 2231 Lanuvinis
519 2199 639 2229 civitas
680 2198 774 2236 data,
811 2199 875 2227 ἃς.

178 2250 318 2289 Aricini,
342 2250 560 2285 Nomentani,
587 2254 621 2279 et
649 2248 794 2286 Pedani,
820 2256 875 2277 eo-

177 2302 253 2331 dem
272 2301 364 2340 jure,
380 2310 445 2340 quo
464 2299 627 2330 Lanuvini
652 2299 684 2329 in
703 2298 877 2329 civitatem

179 2351 324 2391 accepti.
353 2350 551 2380 Tusculanis
582 2354 719 2379 servata
757 2348 878 2378 civitas

179 2411 277 2442 quam
307 2398 501 2430 habebant)
561 2399 717 2429 Deinde:
758 2398 879 2428 ‘Cam-

180 2453 275 2492 panis
303 2449 473 2490 equitibus
500 2449 636 2479 lionoris
659 2457 774 2486 causa,
801 2447 882 2487 quia.

180 2512 255 2532 cum
288 2500 416 2531 Latinis
463 2499 630 2529 rebellare
681 2498 881 2535 noluissent,

181 2552 421 2592 Fundanisque
439 2555 473 2581 et
492 2549 692 2585 Formianis,
717 2552 782 2579 &tu
827 2550 881 2580 Ci-

180 2605 268 2634 vitas
285 2604 355 2633 sine
381 2600 539 2640 suffragio
566 2600 658 2631 data.
706 2601 884 2640 Cumanos,

181 2653 470 2692 Suessulanosque
487 2650 640 2691 ejus-dem
664 2650 752 2691 juris
769 2650 885 2681 condi—

183 2705 364 2746 tionisque,
395 2704 494 2744 cnjus
527 2704 679 2743 Capuam
710 2712 784 2734 esse
817 2702 886 2742 pla-

924 1441 1017 1473 cuit!
1043 1442 1087 1472 Et
1104 1440 1145 1470 de
1165 1437 1348 1470 Acerranis
1362 1440 1444 1466 sect.
1459 1437 1511 1466 17.
1535 1439 1542 1451 ⁸
1559 1435 1625 1465 Ro-

924 1492 1014 1522 mani
1042 1491 1127 1521 facti
1155 1488 1320 1520 Acerrani
1345 1488 1419 1525 lege
1437 1485 1477 1514 ab
1497 1485 1534 1515 L.
1559 1484 1625 1513 Pa-

926 1541 1012 1582 pirio
1029 1541 1183 1571 Praetore
1206 1539 1286 1575 lata,
1313 1546 1377 1577 qua
1403 1535 1524 1566 civitas
1553 1533 1625 1564 sine

927 1590 1087 1630 suffragio
1113 1589 1217 1620 data!
1262 1587 1368 1618 Addit
1396 1586 1532 1623 Festus,
1556 1593 1627 1619 eos,

929 1648 1006 1683 post
1035 1642 1166 1681 aliquot
1188 1649 1304 1677 annos,
1335 1638 1425 1668 cives
1458 1636 1627 1666 Romanos

927 1691 1082 1732 effectos,
1100 1690 1188 1732 quod
1212 1699 1326 1719 verum
1344 1697 1416 1717 esse
1433 1686 1475 1717 (le
1493 1685 1628 1716 Funda-

926 1743 988 1781 nis,
1003 1741 1203 1774 Formianis,
1215 1745 1250 1770 et
1262 1738 1459 1769 Tusculanis
1471 1736 1630 1766 discimus

925 1803 968 1824 ex
991 1792 1109 1823 eodem
1139 1790 1234 1822 Livio
1263 1789 1319 1819 lib.
1352 1795 1515 1818 xxxvui.
1543 1791 1629 1816 sect.

926 1847 979 1875 36.
994 1845 1002 1859 ‘
1017 1844 1072 1873 De
1090 1840 1288 1879 Formianis,
1307 1838 1542 1877 Fundanisque
1560 1846 1630 1866 mu-

927 1892 1111 1933 nicipibus‚
1123 1898 1158 1922 et
1174 1889 1404 1931 Arpinatibus,
1421 1889 1459 1919 C.
1474 1887 1631 1917 Valerius

927 1943 1252 1984 Tappnsffribunus
1264 1940 1386 1980 plebis,
1395 1937 1635 1979 promulgavit,

928 2001 966 2026 ut
984 1995 1021 2024 iis
1038 1993 1190 2033 suffragii
1210 1992 1303 2030 latio,
1321 1992 1412 2031 (nain
1434 1993 1533 2019 antea
1560 1988 1632 2017 sine

929 2043 1090 2084 suffragio
1108 2040 1325 2079 liabuerant,)
1339 2040 1514 2070 civitatem
1531 2043 1634 2075 esset,

930 2098 993 2126 ἃς.
1011 2095 1156 2134 Rogatio
1174 2093 1307 2132 perlata
1325 2097 1387 2125 est,
1405 2089 1483 2120 utin
1502 2088 1634 2118 AEmilia

931 2146 1021 2177 tribu
1038 2144 1208 2175 Formiani
1236 2149 1271 2173 ct
1300 2141 1470 2175 Fundani,
1499 2140 1531 2169 in
1552 2139 1634 2169 Cor-

933 2197 1022 2227 nelia
1039 2195 1224 2235 Arpinates
1238 2193 1391 2224 ferrent:
1417 2196 1518 2230 atque
1534 2190 1567 2219 iu
1585 2189 1635 2219 his

935 2247 1090 2278 tribubus
1106 2252 1177 2276 tuin
1196 2245 1340 2285 primum
1358 2252 1399 2273 ex
1417 2241 1553 2271 Valerio
1568 2241 1637 2280 ple·

934 2297 1055 2329 biscito
1072 2301 1150 2326 sunt
1166 2294 1283 2325 censi.'
1328 2293 1436 2333 quue
1460 2292 1500 2321 iis
1528 2290 1637 2321 conti-

936 2349 1022 2388 gisse
1049 2350 1185 2378 constat
1209 2354 1296 2375 anno
1321 2344 1362 2373 U.
1393 2343 1431 2372 C.
1455 2345 1529 2372 565.
1555 2341 1637 2371 totis

936 2404 1070 2429 centum
1095 2395 1324 2438 qnadraginta
1349 2402 1408 2424 sex
1433 2393 1526 2423 annis
1545 2397 1637 2431 post-

937 2459 1035 2490 quam
1064 2447 1103 2477 iis
1135 2446 1253 2476 civitas
1276 2445 1347 2474 sine
1373 2442 1531 2482 suffragio
1557 2441 1638 2471 data

938 2499 1062 2529 fuerat.
1084 2497 1182 2526 Idem.

980 2549 993 2569 ¹¹
1021 2546 1169 2586 Coeriles]
1218 2545 1359 2576 Putavit
1404 2544 1456 2574 vir
1495 2543 1638 2574 doctiss.

939 2609 1038 2640 quem
1057 2597 1189 2628 lionoris
1207 2597 1316 2636 gratia
1336 2605 1400 2626 non
1418 2596 1567 2634 appello,
1586 2595 1639 2625 hic

941 2649 1122 2680 Coeritibus
1153 2648 1262 2677 locum
1302 2655 1377 2675 esse
1423 2654 1486 2675 non
1527 2653 1639 2683 posse,

941 2699 1067 2741 quippe
1098 2698 1155 2738 qui
1180 2696 1282 2737 priori
1319 2694 1418 2726 modo
1449 2694 1638 2733 municipes
