1835 2906
357 138 419 167 DE
452 135 719 166 VERBORUM
756 133 1163 165 SIGNIFIGATIONE
1200 134 1290 163 LlB.
1328 134 1421 163 XII.
1537 122 1620 164 489

240 231 357 285 apud
392 243 471 271 nos
499 231 650 284 spurio
674 234 798 284 patre
825 233 953 269 natus
975 227 1148 278 dicitur,
1169 228 1286 280 quod
1313 228 1412 275 Ser.
1434 226 1623 276 Tullius,

240 299 314 350 qui
346 298 503 339 Romae
540 298 746 350 regnavit,
786 300 909 337 natus
956 298 1022 336 est
1060 307 1116 335 ex
1152 295 1395 336 concubina
1436 295 1623 348 Spurius

238 365 358 405 Tulli
407 365 584 406 tributis
599 369 628 405 :2
658 364 744 404 nisi
785 363 895 404 forte
936 361 1188 402 malumus3
1241 362 1410 403 credere
1454 361 1625 403 Oclisia

238 431 532 472 Corniculana
547 437 565 461 4
585 432 778 484 captiva,
801 444 898 471 cum
921 433 1178 483 susceptum
1200 433 1333 470 matre
1355 429 1581 469 serviente.

183 498 381 538 Nothum
402 497 549 539 Graeci
582 502 731 538 natum
767 510 823 538 cx
856 509 991 537 uxore
1021 509 1108 537 non
1129 496 1322 549 legitima
1353 495 1416 536 di-
1445 496 1624 544 [PAUL.

246 571 367 615 cunt,·
389 566 466 619 qui
486 564 604 619 apud
625 578 707 605 nos
730 565 875 618 spurio
896 568 1024 617 patre
1045 569 1175 604 natus
1197 563 1361 604 dicitur.

184 631 329 673 Novae
364 632 524 673 curiaev
582 632 812 685 proxime⁵
862 631 1100 684 compitum
1150 630 1401 672 Fabricium

786 761 903 772 oooooo

1464 629 1625 678 [FEs‘n

906 760 1022 773 ““““

225 850 245 877 2
270 846 349 878 Vet.
366 846 426 878 lib.
441 847 498 887 Sp.
518 848 599 879 Tulli
622 849 676 881 Tr.
693 850 748 880 vel
767 850 980 881 Tiburtis.—3
1008 849 1070 883 Ed.
1086 850 1176 882 Scal.
1198 850 1432 881 maluimus.-—4
1457 848 1536 879 vet.
1553 846 1631 878 cod.

186 890 334 920 Oclisiam
352 890 623 923 Corniculum—5
648 891 711 922 Ed.
727 892 814 924 Scal.
827 894 990 934 proxlmae.

837 1008 979 1040 NOTAE

184 1083 316 1111 cuntur.
339 1079 405 1110 Sed
421 1081 500 1121 qnia
516 1090 684 1122 nunqnam
699 1082 815 1114 matris
830 1083 880 1114 ‹li-

185 1130 352 1161 cebantur
369 1130 465 1162 liberi
482 1132 560 1172 jure
587 1133 648 1164 Ro.
667 1143 775 1174 neque
792 1135 879 1165 enim

185 1179 376 1219 dicebatur,
385 1181 421 1212 L.
431 1181 540 1212 Titius
554 1182 650 1213 Gaiae
661 1182 759 1218 filius,
770 1183 826 1214 sed
841 1184 880 1214 L.

184 1229 293 1261 Titius
315 1231 426 1261 Marci
439 1230 539 1267 filius,
555 1237 738 1274 propterea
752 1244 808 1265 eos
824 1244 881 1265 vo-

184 1280 309 1312 cabant
324 1281 437 1321 Spurii
462 1281 559 1321 filios,
583 1289 632 1322 ut,
646 1284 752 1315 Titius
768 1285 882 1324 Spurii

183 1330 281 1367 filius,
311 1341 329 1361 a
356 1336 454 1371 parte
481 1333 614 1365 scilicet
640 1335 768 1374 matris,
792 1335 881 1366 unde

183 1381 356 1420 procreati
381 1381 414 1412 in
441 1383 550 1413 lucem
577 1384 790 1425 prodierunt,
807 1395 881 1426 qnae

183 1431 322 1462 honeste
349 1432 512 1463 nominari
533 1443 598 1465 non
623 1439 748 1475 potest.
793 1436 882 1466 Nam

183 1480 332 1520 Spurium
355 1491 427 1513 eam
446 1487 578 1522 partem
597 1484 762 1517 vocabant
780 1485 883 1516 Vete-

184 1541 250 1563 res.
285 1531 453 1564 Auctores
472 1533 689 1573 Plutarchus,
706 1535 884 1576 Apuleius,

183 1581 349 1613 Isidorus.
409 1583 537 1614 Omnes
555 1585 643 1615 enim
661 1585 810 1625 Spurium
826 1586 886 1617 ἀπὸ

183 1632 238 1668 τῆς
246 1633 362 1672 σπορᾶς
372 1639 524 1664 vocatam
534 1634 651 1666 dicunt
660 1645 731 1667 eam
743 1641 885 1677 partem.

185 1682 261 1712 Hoc
274 1682 322 1712 ita
334 1692 421 1719 esse,
435 1690 561 1724 praeter
575 1695 627 1725 ea,
640 1696 715 1727 quae
730 1689 884 1728 superius

185 1741 205 1761 a
221 1731 316 1762 nobis
331 1732 634 1774 dictasunt‚fidem
650 1736 784 1775 fecerit,
796 1738 885 1779 quod

186 1790 242 1812 cos
267 1781 368 1813 etiam
388 1784 542 1816 Fauonios
568 1788 749 1819 vocabant.
796 1789 884 1820 Nam

188 1831 328 1862 favonia
344 1843 418 1873 ova,
437 1844 510 1875 quae
527 1836 649 1868 Graece
666 1837 813 1877 ὑπηνέμια
836 1838 885 1869 di-

186 1887 320 1916 cuntur,
341 1893 381 1914 ea
398 1889 488 1921 sunt,
504 1896 578 1927 quae
595 1887 666 1918 sine
684 1888 769 1920 initu
786 1889 885 1920 maris

187 1937 886 1981 conceptasnnt-Favoniiigiturquasisiue

187 1989 297 2024 patre.
343 1986 434 2018 Quin
452 1992 486 2018 et
506 1988 707 2020 Plutarchus
728 2000 805 2021 cum
822 1990 887 2021 SP.

187 2045 251 2075 quo
267 2036 408 2076 Spurius
430 2039 623 2080 notabatur,
639 2040 887 2081 interpretetur

187 2085 258 2116 sine
287 2091 397 2126 patre,
425 2088 596 2128 significat
623 2100 680 2120 eos
704 2090 792 2122 filios
814 2091 886 2122 sine

187 2139 286 2175 patre
303 2143 453 2169 vocatos.
490 2139 597 2170 Recte
612 2139 716 2180 igitur
728 2141 781 2172 hic
796 2141 885 2181 apud

189 2185 328 2216 Festum
345 2193 497 2219 nostrum
516 2190 666 2220 Nothum
691 2190 756 2221 dici
780 2191 885 2232 illum,

190 2245 288 2275 quem
312 2238 413 2276 vulgo
437 2240 551 2278 spurio
576 2245 672 2280 patre
696 2247 810 2272 natum
830 2251 885 2272 vo-

190 2285 325 2316 cabant.
382 2288 482 2319 Quod
519 2299 618 2329 quam
655 2291 887 2330 imprudenter

190 2336 374 2367 doctissimi
406 2339 468 2368 viri
498 2344 630 2370 mutare
663 2342 775 2372 conati
805 2343 885 2381 sint,

191 2395 289 2417 nemo
319 2396 384 2417 non
414 2387 526 2419 videt:
563 2394 631 2420 tum
664 2391 742 2431 quia
768 2391 887 2423 iisdem

190 2436 302 2466 verbis
333 2436 459 2476 legitur
488 2438 577 2477 apud
605 2438 887 2477 abbreviatorem,

190 2490 260 2516 tum
278 2485 377 2516 etiam
395 2491 536 2527 propter
556 2497 631 2519 eam
652 2499 798 2530 causam,
813 2501 888 2531 quae

190 2544 209 2566 a
226 2536 321 2566 nobis
336 2536 368 2566 in
384 2537 529 2568 medium
546 2538 714 2578 producta
725 2545 788 2571 est.
820 2541 888 2571 Sed

190 2590 226 2615 et
242 2585 446 2617 Plutarchus
462 2592 601 2627 aperte:
619 2587 709 2618 διὰτί
724 2589 795 2620 τοὺς
811 2588 888 2621 ἀπά-

191 2647 283 2675 τορας
313 2635 462 2676 Σπουρῖου
491 2637 571 2669 υἱοὺς
601 2640 732 2670 καλοῦσι
750 2650 759 2677 ;
799 2641 887 2672 Nam

193 2685 276 2717 falsa
287 2691 338 2719 est
353 2687 455 2720 lectio
474 2689 620 2730 vulgata,
634 2690 777 2731 σποριοὺς
794 2692 886 2724 υἱούς.

934 1084 1116 1124 Nunquam
1139 1083 1227 1114 enim
1251 1082 1416 1113 hominem
1441 1078 1538 1118 vulgo
1554 1086 1633 1108 con-

934 1139 1071 1174 ceptum
1096 1134 1242 1174 Spurium
1255 1132 1377 1174 filium,
1402 1131 1459 1161 sed
1483 1128 1633 1169 Spurium

933 1183 1148 1224 simpliciter,
1159 1188 1193 1215 et
1204 1182 1439 1223 Spuriifilfflm,
1455 1178 1633 1210 vocabant.

934 1234 1093 1264 Delenda
1110 1243 1191 1274 ergo
1208 1233 1330 1264 menda
1355 1231 1396 1263 de
1420 1229 1538 1262 codice
1554 1228 1635 1258 Plu-

935 1283 1053 1314 tarchi.
1077 1284 1148 1314 Jos.
1165 1282 1248 1314 Scal.

981 1332 1136 1372 Notlmm]
1161 1334 1206 1364 Et
1233 1331 1315 1363 illud
1343 1330 1385 1361 de
1413 1327 1535 1369 spuriis
1563 1326 1636 1368 qui-

936 1382 1013 1413 dem
1037 1393 1152 1413 verum
1176 1386 1242 1413 est.
1290 1382 1343 1412 De
1368 1379 1479 1411 nothis
1501 1377 1635 1418 probari

936 1441 1002 1462 non
1035 1437 1161 1471 potest,
1200 1440 1309 1471 neque
1341 1430 1430 1461 enim
1460 1428 1636 1468 ignoratur

937 1491 1050 1513 eorum
1079 1487 1187 1523 pater.
1232 1483 1333 1514 Nunc
1362 1478 1452 1511 alind
1482 1485 1637 1519 quaeren-

938 1531 1016 1563 dum
1033 1537 1096 1568 est,
1112 1537 1148 1563 et
1170 1533 1234 1563 hoc
1253 1532 1361 1572 ipsum
1378 1529 1538 1562 continue
1556 1527 1637 1557 Fes-

938 1587 993 1614 tus
1010 1583 1246 1624 subjunxerat,
1257 1581 1315 1613 sed
1331 1581 1410 1622 quia
1422 1578 1636 1611 librariorum

938 1633 1067 1664 incuria
1098 1637 1292 1673 corruptum
1324 1630 1404 1669 fuit,
1433 1630 1638 1668 interpretes

939 1684 1047 1715 adhuc
1061 1684 1172 1714 latuit.
1211 1684 1302 1723 Lege
1314 1681 1437 1713 modo:
1465 1679 1554 1714 Quod
1566 1677 1637 1708 Ser.

942 1734 1070 1773 Tullius,
1090 1734 1142 1773 qui
1169 1733 1276 1764 Romae
1302 1731 1460 1771 regnavit,
1481 1732 1574 1761 natus
1598 1737 1638 1758 ex

938 1784 1104 1815 concubina
1120 1783 1229 1823 Spurii
1241 1782 1323 1814 Tulli
1342 1779 1492 1812 Tiburtis.
1537 1777 1639 1808 Hauc

939 1835 1027 1866 enim
1052 1835 1108 1865 ille
1132 1833 1299 1864 rationem
1326 1830 1438 1862 reddit
1458 1838 1517 1860 cur
1543 1826 1639 1859 nothi

940 1885 1054 1926 spurio
1081 1888 1177 1925 patre
1204 1884 1277 1914 nati
1304 1882 1513 1913 dicerentur.
1556 1879 1639 1909 Sen-

939 1945 994 1966 sus
1010 1940 1073 1975 est,
1096 1936 1105 1951 ⁴
1120 1943 1217 1975 quem
1232 1931 1347 1964 Graeci
1360 1930 1497 1962 nothum
1511 1929 1642 1967 dicunt,

940 1985 1002 2016 hoc
1015 1990 1079 2024 est,
1094 1994 1136 2015 ex
1150 1989 1257 2014 matre
1270 1992 1336 2013 non
1349 1980 1500 2021 legitima
1512 1984 1641 2017 natum,

940 2036 967 2066 is
985 2035 1075 2076 apud
1094 2035 1265 2065 Romanos
1287 2032 1402 2073 spurio
1425 2036 1523 2071 patre
1540 2033 1639 2059 natus

941 2086 1077 2124 dicitnr,
1093 2085 1172 2126 qnia
1197 2084 1333 2115 Servius
1357 2082 1486 2113 Tullius
1502 2088 1545 2110 ex
1561 2087 1641 2109 con-

940 2137 1062 2168 cubina
1079 2141 1113 2167 et
1130 2134 1245 2175 spurio
1264 2133 1362 2164 Tullo
1377 2131 1518 2162 Tiburte
1540 2132 1639 2159 natus

941 2186 1017 2217 est.5
1058 2186 1115 2217 Nil
1131 2185 1255 2216 verius.
1293 2184 1378 2216 Quae
1392 2184 1580 2222 sequuntur
1593 2188 1641 2210 src

940 2237 1065 2276 legito:
1091 2236 1167 2266 Nisi
1183 2235 1271 2272 forle
1293 2234 1443 2264 malumus
1458 2231 1580 2261 credere
1597 2230 1642 2259 0-

938 2287 1031 2318 crz'sia
1043 2286 1249 2317 Corniculana
1259 2284 1381 2324 captiva
1393 2292 1461 2313 eum
1470 2283 1641 2320 susceptum

940 2341 1040 2368 matre
1054 2338 1214 2367 serviente.
1255 2334 1305 2365 De
1321 2334 1439 2364 Servio
1456 2332 1569 2363 Tullio
1585 2330 1642 2361 alii

938 2389 1007 2418 ‘alia
1034 2385 1191 2417 afferunt.
1236 2384 1327 2414 Vide
1356 2382 1429 2413 Liv.
1461 2382 1518 2412 lib.
1548 2390 1574 2412 1.
1605 2385 1640 2411 et

944 2437 1157 2477 Dionys.lib.
1176 2445 1224 2466 iv.
1249 2434 1330 2465 Dac.

985 2493 1001 2513 P
1026 2488 1122 2518 Novae
1154 2484 1265 2523 eurise]
1288 2483 1443 2522 Triginta
1471 2481 1640 2512 curiarum

942 2537 1077 2569 nomina
1100 2546 1166 2566 non
1182 2538 1320 2566 extant:
1346 2532 1406 2564 sed
1422 2537 1457 2564 et
1479 2532 1541 2563 hoc
1567 2533 1642 2563 loco

942 2593 1073 2628 septem
1099 2586 1326 2624 nominantur,
1343 2589 1378 2615 et
1399 2588 1543 2626 quatuor
1568 2589 1642 2614 tan·-

944 2644 1014 2671 tum
1036 2637 1171 2668 nomina
1193 2635 1392 2666 redduntur.
1437 2634 1523 2664 Sunt
1539 2632 1640 2663 etiam

943 2690 1084 2722 duarum
1108 2686 1277 2719 curiarum
1301 2684 1436 2716 nomina
1459 2683 1519 2715 sub
1543 2683 1640 2714 litera
