<?xml version="1.0" encoding="UTF-8"?>
<!DOCTYPE html PUBLIC "-//W3C//DTD XHTML 1.0 Transitional//EN"
    "http://www.w3.org/TR/xhtml1/DTD/xhtml1-transitional.dtd">
<html xmlns="http://www.w3.org/1999/xhtml" xml:lang="en" lang="en">
 <head>
  <title>
</title>
<meta http-equiv="Content-Type" content="text/html;charset=utf-8" />
  <meta name='ocr-system' content='tesseract 3.04.00' />
  <meta name='ocr-capabilities' content='ocr_page ocr_carea ocr_par ocr_line ocrx_word'/>
</head>
<body>
  <div class='ocr_page' id='page_1' title='image "./mverriiflacciqua01verruoft_0105.png"; bbox 0 0 1835 2906; ppageno 0'>
   <div class='ocr_carea' id='block_1_1' title="bbox 358 173 724 206">
    <p class='ocr_par' dir='ltr' id='par_1_1' title="bbox 358 173 724 206">
     <span class='ocr_line' id='line_1_1' title="bbox 358 173 724 206; baseline -0.008 0"><span class='ocrx_word' id='word_1_1' title='bbox 358 176 421 206; x_wconf 89' lang='lat' dir='ltr'>DE</span> <span class='ocrx_word' id='word_1_2' title='bbox 453 173 724 205; x_wconf 86' lang='lat' dir='ltr'>VERBORUM</span> 
     </span>
    </p>
   </div>
   <div class='ocr_carea' id='block_1_2' title="bbox 758 169 1354 202">
    <p class='ocr_par' dir='ltr' id='par_1_2' title="bbox 758 169 1354 202">
     <span class='ocr_line' id='line_1_2' title="bbox 758 169 1354 202; baseline -0.007 0"><span class='ocrx_word' id='word_1_3' title='bbox 758 169 1160 202; x_wconf 75' lang='lat' dir='ltr'>SlGNlFchTloNE</span> <span class='ocrx_word' id='word_1_4' title='bbox 1195 169 1290 200; x_wconf 59' lang='lat'>1213.</span> <span class='ocrx_word' id='word_1_5' title='bbox 1324 169 1354 198; x_wconf 90' lang='grc'>1.</span> 
     </span>
    </p>
   </div>
   <div class='ocr_carea' id='block_1_3' title="bbox 1518 158 1575 197">
    <p class='ocr_par' dir='ltr' id='par_1_3' title="bbox 1518 158 1575 197">
     <span class='ocr_line' id='line_1_3' title="bbox 1518 158 1575 197; baseline 0 0"><span class='ocrx_word' id='word_1_6' title='bbox 1518 158 1575 197; x_wconf 86' lang='grc'>95</span> 
     </span>
    </p>
   </div>
   <div class='ocr_carea' id='block_1_4' title="bbox 140 255 1586 790">
    <p class='ocr_par' dir='ltr' id='par_1_4' title="bbox 140 255 1419 321">
     <span class='ocr_line' id='line_1_4' title="bbox 140 255 1419 321; baseline -0.007 -13"><span class='ocrx_word' id='word_1_7' title='bbox 140 267 328 308; x_wconf 88' lang='lat' dir='ltr'>Asseres</span> <span class='ocrx_word' id='word_1_8' title='bbox 343 272 359 295; x_wconf 67' lang='lat' dir='ltr'>y</span> <span class='ocrx_word' id='word_1_9' title='bbox 393 266 517 316; x_wconf 86' lang='lat' dir='ltr'>dicti,</span> <span class='ocrx_word' id='word_1_10' title='bbox 539 255 662 321; x_wconf 83' lang='lat' dir='ltr'>quod</span> <span class='ocrx_word' id='word_1_11' title='bbox 684 263 906 306; x_wconf 78' lang='lat' dir='ltr'><strong>assideant</strong></span> <span class='ocrx_word' id='word_1_12' title='bbox 924 261 1096 316; x_wconf 87' lang='lat' dir='ltr'>parieti,</span> <span class='ocrx_word' id='word_1_13' title='bbox 1119 260 1419 312; x_wconf 82' lang='lat' dir='ltr'>trabibusque.</span> 
     </span>
    </p>

    <p class='ocr_par' dir='ltr' id='par_1_5' title="bbox 141 326 1581 523">
     <span class='ocr_line' id='line_1_5' title="bbox 141 326 1578 388; baseline -0.008 -12"><span class='ocrx_word' id='word_1_14' title='bbox 141 335 440 375; x_wconf 84' lang='lat' dir='ltr'>Assiratum⁹²</span> <span class='ocrx_word' id='word_1_15' title='bbox 476 335 593 388; x_wconf 88' lang='lat' dir='ltr'>apud</span> <span class='ocrx_word' id='word_1_16' title='bbox 616 333 821 386; x_wconf 82' lang='lat' dir='ltr'>antiquos</span> <span class='ocrx_word' id='word_1_17' title='bbox 839 331 1069 372; x_wconf 81' lang='lat' dir='ltr'>dicebatur</span> <span class='ocrx_word' id='word_1_18' title='bbox 1091 341 1227 381; x_wconf 82' lang='lat' dir='ltr'>genus</span> <span class='ocrx_word' id='word_1_19' title='bbox 1245 326 1467 380; x_wconf 82' lang='lat' dir='ltr'>quoddam</span> <span class='ocrx_word' id='word_1_20' title='bbox 1498 340 1578 379; x_wconf 85' lang='lat' dir='ltr'>po-</span> 
     </span>
     <span class='ocr_line' id='line_1_6' title="bbox 198 393 1581 452; baseline -0.008 -9"><span class='ocrx_word' id='word_1_21' title='bbox 198 403 330 443; x_wconf 86' lang='lat' dir='ltr'>tionis</span> <span class='ocrx_word' id='word_1_22' title='bbox 370 416 428 443; x_wconf 81' lang='lat' dir='ltr'>ex</span> <span class='ocrx_word' id='word_1_23' title='bbox 463 404 563 443; x_wconf 77' lang='lat' dir='ltr'>vino</span> <span class='ocrx_word' id='word_1_24' title='bbox 599 407 642 443; x_wconf 90' lang='lat' dir='ltr'>et</span> <span class='ocrx_word' id='word_1_25' title='bbox 686 400 894 452; x_wconf 83' lang='lat' dir='ltr'>sanguine</span> <span class='ocrx_word' id='word_1_26' title='bbox 930 401 1241 451; x_wconf 84' lang='lat' dir='ltr'>temperatum:</span> <span class='ocrx_word' id='word_1_27' title='bbox 1283 393 1399 448; x_wconf 87' lang='lat' dir='ltr'>quod</span> <span class='ocrx_word' id='word_1_28' title='bbox 1435 393 1581 434; x_wconf 77' lang='lat' dir='ltr'>Latini</span> 
     </span>
     <span class='ocr_line' id='line_1_7' title="bbox 198 469 982 523; baseline -0.004 -14"><span class='ocrx_word' id='word_1_29' title='bbox 198 471 333 523; x_wconf 84' lang='lat' dir='ltr'>prisci</span> <span class='ocrx_word' id='word_1_30' title='bbox 355 471 609 523; x_wconf 83' lang='lat' dir='ltr'>sanguinem</span> <span class='ocrx_word' id='word_1_31' title='bbox 627 469 739 511; x_wconf 86' lang='lat' dir='ltr'>assir</span> <span class='ocrx_word' id='word_1_32' title='bbox 759 472 982 509; x_wconf 89' lang='lat' dir='ltr'>vocarent.</span> 
     </span>
    </p>

    <p class='ocr_par' dir='ltr' id='par_1_6' title="bbox 142 535 969 590">
     <span class='ocr_line' id='line_1_8' title="bbox 142 535 969 590; baseline -0.005 -13"><span class='ocrx_word' id='word_1_33' title='bbox 142 535 227 577; x_wconf 85' lang='lat' dir='ltr'>Ast</span> <span class='ocrx_word' id='word_1_34' title='bbox 248 537 461 590; x_wconf 85' lang='lat' dir='ltr'>significat</span> <span class='ocrx_word' id='word_1_35' title='bbox 483 543 551 588; x_wconf 83' lang='lat' dir='ltr'>at3</span> <span class='ocrx_word' id='word_1_36' title='bbox 583 536 676 586; x_wconf 87' lang='lat' dir='ltr'>sed,</span> <span class='ocrx_word' id='word_1_37' title='bbox 700 535 787 584; x_wconf 88' lang='lat' dir='ltr'>vel,</span> <span class='ocrx_word' id='word_1_38' title='bbox 809 539 969 575; x_wconf 87' lang='lat' dir='ltr'>autem.</span> 
     </span>
    </p>

    <p class='ocr_par' dir='ltr' id='par_1_7' title="bbox 144 596 1586 790">
     <span class='ocr_line' id='line_1_9' title="bbox 144 596 1585 658; baseline -0.008 -14"><span class='ocrx_word' id='word_1_39' title='bbox 144 603 259 644; x_wconf 87' lang='lat' dir='ltr'>Astu</span> <span class='ocrx_word' id='word_1_40' title='bbox 278 608 294 624; x_wconf 71' lang='lat'>³</span> <span class='ocrx_word' id='word_1_41' title='bbox 323 604 442 658; x_wconf 84' lang='lat' dir='ltr'>apud</span> <span class='ocrx_word' id='word_1_42' title='bbox 473 603 634 657; x_wconf 73' lang='lat' dir='ltr'>poetas</span> <span class='ocrx_word' id='word_1_43' title='bbox 672 602 878 643; x_wconf 87' lang='lat' dir='ltr'>astutiam</span> <span class='ocrx_word' id='word_1_44' title='bbox 919 599 1158 652; x_wconf 81' lang='lat' dir='ltr'>significat:</span> <span class='ocrx_word' id='word_1_45' title='bbox 1204 597 1330 651; x_wconf 84' lang='lat' dir='ltr'>cujus</span> <span class='ocrx_word' id='word_1_46' title='bbox 1371 596 1492 647; x_wconf 84' lang='lat' dir='ltr'>origo</span> <span class='ocrx_word' id='word_1_47' title='bbox 1529 606 1585 634; x_wconf 78' lang='lat' dir='ltr'>ex</span> 
     </span>
     <span class='ocr_line' id='line_1_10' title="bbox 205 664 1586 723; baseline -0.009 -11"><span class='ocrx_word' id='word_1_48' title='bbox 205 670 367 711; x_wconf 80' lang='lat' dir='ltr'>Graeco</span> <span class='ocrx_word' id='word_1_49' title='bbox 390 672 445 711; x_wconf 89' lang='lat' dir='ltr'>ab</span> <span class='ocrx_word' id='word_1_50' title='bbox 468 670 634 723; x_wconf 88' lang='lat' dir='ltr'>oppido</span> <span class='ocrx_word' id='word_1_51' title='bbox 656 666 753 709; x_wconf 75' lang='grc' dir='ltr'><em>ἄστυ</em></span> <span class='ocrx_word' id='word_1_52' title='bbox 770 667 787 691; x_wconf 74' lang='lat' dir='ltr'>b</span> <span class='ocrx_word' id='word_1_53' title='bbox 809 667 1061 709; x_wconf 86' lang='lat' dir='ltr'>deducitur:</span> <span class='ocrx_word' id='word_1_54' title='bbox 1092 668 1136 707; x_wconf 90' lang='lat' dir='ltr'>in</span> <span class='ocrx_word' id='word_1_55' title='bbox 1174 678 1262 720; x_wconf 90' lang='lat' dir='ltr'>quo</span> <span class='ocrx_word' id='word_1_56' title='bbox 1291 664 1367 718; x_wconf 89' lang='lat' dir='ltr'>qui</span> <span class='ocrx_word' id='word_1_57' title='bbox 1404 672 1586 703; x_wconf 82' lang='lat' dir='ltr'>conver-</span> 
     </span>
     <span class='ocr_line' id='line_1_11' title="bbox 202 733 1422 790; baseline -0.007 -12"><span class='ocrx_word' id='word_1_58' title='bbox 202 739 288 778; x_wconf 85' lang='lat' dir='ltr'>sati</span> <span class='ocrx_word' id='word_1_59' title='bbox 304 738 490 778; x_wconf 82' lang='lat' dir='ltr'>adsidue</span> <span class='ocrx_word' id='word_1_60' title='bbox 511 740 610 788; x_wconf 85' lang='lat' dir='ltr'>sint,</span> <span class='ocrx_word' id='word_1_61' title='bbox 628 737 744 778; x_wconf 86' lang='lat' dir='ltr'>cauti</span> <span class='ocrx_word' id='word_1_62' title='bbox 766 740 898 790; x_wconf 88' lang='lat' dir='ltr'>atque</span> <span class='ocrx_word' id='word_1_63' title='bbox 922 735 1039 777; x_wconf 86' lang='lat' dir='ltr'>acuti</span> <span class='ocrx_word' id='word_1_64' title='bbox 1064 747 1162 775; x_wconf 86' lang='lat' dir='ltr'>esse</span> <span class='ocrx_word' id='word_1_65' title='bbox 1185 733 1422 774; x_wconf 86' lang='lat' dir='ltr'>videantur.</span> 
     </span>
    </p>
   </div>
   <div class='ocr_carea' id='block_1_5' title="bbox 148 803 641 855">
    <p class='ocr_par' dir='ltr' id='par_1_8' title="bbox 148 803 641 855">
     <span class='ocr_line' id='line_1_12' title="bbox 148 803 641 855; baseline -0.002 -11"><span class='ocrx_word' id='word_1_66' title='bbox 148 803 352 855; x_wconf 85' lang='lat' dir='ltr'>Astutus,</span> <span class='ocrx_word' id='word_1_67' title='bbox 372 809 462 846; x_wconf 83' lang='lat' dir='ltr'>arte</span> <span class='ocrx_word' id='word_1_68' title='bbox 487 810 641 846; x_wconf 88' lang='lat' dir='ltr'>tutus.c</span> 
     </span>
    </p>
   </div>
   <div class='ocr_carea' id='block_1_6' title="bbox 763 917 999 930">
    <p class='ocr_par' dir='ltr' id='par_1_9' title="bbox 763 917 999 930">
     <span class='ocr_line' id='line_1_13' title="bbox 763 917 999 930; baseline -0.004 -1"><span class='ocrx_word' id='word_1_69' title='bbox 763 917 999 930; x_wconf 55' lang='lat' dir='ltr'>‘eoum‘eoo</span> 
     </span>
    </p>
   </div>
   <div class='ocr_carea' id='block_1_7' title="bbox 194 995 525 1027">
    <p class='ocr_par' dir='ltr' id='par_1_10' title="bbox 194 995 525 1027">
     <span class='ocr_line' id='line_1_14' title="bbox 194 995 525 1027; baseline 0.009 -3"><span class='ocrx_word' id='word_1_70' title='bbox 194 998 213 1024; x_wconf 82' lang='grc'>9</span> <span class='ocrx_word' id='word_1_71' title='bbox 237 995 303 1026; x_wconf 90' lang='lat' dir='ltr'>Alii</span> <span class='ocrx_word' id='word_1_72' title='bbox 330 996 525 1027; x_wconf 74' lang='lat' dir='ltr'>Assaratum.</span> 
     </span>
    </p>
   </div>
   <div class='ocr_carea' id='block_1_8' title="bbox 805 1094 946 1127">
    <p class='ocr_par' dir='ltr' id='par_1_11' title="bbox 805 1094 946 1127">
     <span class='ocr_line' id='line_1_15' title="bbox 805 1094 946 1127; baseline -0.007 0"><span class='ocrx_word' id='word_1_73' title='bbox 805 1094 946 1127; x_wconf 86' lang='lat' dir='ltr'>NOTAE</span> 
     </span>
    </p>
   </div>
   <div class='ocr_carea' id='block_1_9' title="bbox 154 1173 874 2764">
    <p class='ocr_par' dir='ltr' id='par_1_12' title="bbox 154 1173 853 1565">
     <span class='ocr_line' id='line_1_16' title="bbox 154 1173 844 1215; baseline 0.003 -10"><span class='ocrx_word' id='word_1_74' title='bbox 154 1174 312 1215; x_wconf 69' lang='lat' dir='ltr'>organico</span> <span class='ocrx_word' id='word_1_75' title='bbox 342 1173 568 1206; x_wconf 86' lang='lat' dir='ltr'>instrumento</span> <span class='ocrx_word' id='word_1_76' title='bbox 600 1185 641 1206; x_wconf 82' lang='lat' dir='ltr'>ex</span> <span class='ocrx_word' id='word_1_77' title='bbox 669 1176 844 1207; x_wconf 86' lang='lat' dir='ltr'>Varrone:</span> 
     </span>
     <span class='ocr_line' id='line_1_17' title="bbox 154 1224 849 1257; baseline 0.006 -4"><span class='ocrx_word' id='word_1_78' title='bbox 154 1230 190 1255; x_wconf 86' lang='lat' dir='ltr'>et</span> <span class='ocrx_word' id='word_1_79' title='bbox 220 1224 390 1254; x_wconf 83' lang='lat' dir='ltr'>Pedianus</span> <span class='ocrx_word' id='word_1_80' title='bbox 414 1224 447 1254; x_wconf 93' lang='lat' dir='ltr'>in</span> <span class='ocrx_word' id='word_1_81' title='bbox 477 1225 716 1256; x_wconf 81' lang='lat' dir='ltr'>Divinatione:</span> <span class='ocrx_word' id='word_1_82' title='bbox 740 1226 749 1242; x_wconf 87' lang='lat'>‘</span> <span class='ocrx_word' id='word_1_83' title='bbox 767 1226 849 1257; x_wconf 85' lang='lat' dir='ltr'>Cani</span> 
     </span>
     <span class='ocr_line' id='line_1_18' title="bbox 158 1274 851 1317; baseline 0.004 -13"><span class='ocrx_word' id='word_1_84' title='bbox 158 1274 339 1314; x_wconf 83' lang='lat' dir='ltr'>remigibus</span> <span class='ocrx_word' id='word_1_85' title='bbox 356 1275 504 1305; x_wconf 85' lang='lat' dir='ltr'>celeuma</span> <span class='ocrx_word' id='word_1_86' title='bbox 522 1286 581 1315; x_wconf 88' lang='lat' dir='ltr'>per</span> <span class='ocrx_word' id='word_1_87' title='bbox 595 1277 851 1317; x_wconf 82' lang='lat' dir='ltr'>symphoniacos</span> 
     </span>
     <span class='ocr_line' id='line_1_19' title="bbox 156 1325 851 1366; baseline 0.006 -12"><span class='ocrx_word' id='word_1_88' title='bbox 156 1325 297 1361; x_wconf 77' lang='lat' dir='ltr'>solebat,</span> <span class='ocrx_word' id='word_1_89' title='bbox 313 1330 348 1356; x_wconf 87' lang='lat' dir='ltr'>et</span> <span class='ocrx_word' id='word_1_90' title='bbox 366 1334 427 1365; x_wconf 87' lang='lat' dir='ltr'>per</span> <span class='ocrx_word' id='word_1_91' title='bbox 442 1335 546 1356; x_wconf 82' lang='lat' dir='ltr'>assam</span> <span class='ocrx_word' id='word_1_92' title='bbox 574 1336 705 1366; x_wconf 85' lang='lat' dir='ltr'>vocem,</span> <span class='ocrx_word' id='word_1_93' title='bbox 728 1327 760 1358; x_wconf 91' lang='lat' dir='ltr'>id</span> <span class='ocrx_word' id='word_1_94' title='bbox 787 1333 851 1363; x_wconf 85' lang='lat' dir='ltr'>est,</span> 
     </span>
     <span class='ocr_line' id='line_1_20' title="bbox 158 1376 852 1419; baseline 0.003 -12"><span class='ocrx_word' id='word_1_95' title='bbox 158 1385 216 1407; x_wconf 90' lang='lat' dir='ltr'>ore</span> <span class='ocrx_word' id='word_1_96' title='bbox 237 1376 416 1415; x_wconf 83' lang='lat' dir='ltr'>prolatam,</span> <span class='ocrx_word' id='word_1_97' title='bbox 434 1380 468 1406; x_wconf 88' lang='lat' dir='ltr'>et</span> <span class='ocrx_word' id='word_1_98' title='bbox 484 1383 519 1406; x_wconf 89' lang='lat' dir='ltr'>ut</span> <span class='ocrx_word' id='word_1_99' title='bbox 538 1377 569 1407; x_wconf 91' lang='lat' dir='ltr'>in</span> <span class='ocrx_word' id='word_1_100' title='bbox 589 1377 681 1414; x_wconf 68' lang='lat' dir='ltr'>Argo</span> <span class='ocrx_word' id='word_1_101' title='bbox 699 1379 774 1409; x_wconf 89' lang='lat' dir='ltr'>navi</span> <span class='ocrx_word' id='word_1_102' title='bbox 792 1388 852 1419; x_wconf 88' lang='lat' dir='ltr'>per</span> 
     </span>
     <span class='ocr_line' id='line_1_21' title="bbox 157 1425 853 1470; baseline 0.006 -14"><span class='ocrx_word' id='word_1_103' title='bbox 157 1425 341 1457; x_wconf 70' lang='lat' dir='ltr'>citharam!</span> <span class='ocrx_word' id='word_1_104' title='bbox 387 1427 473 1458; x_wconf 85' lang='lat' dir='ltr'>Haec</span> <span class='ocrx_word' id='word_1_105' title='bbox 490 1427 594 1466; x_wconf 85' lang='lat' dir='ltr'>igitur</span> <span class='ocrx_word' id='word_1_106' title='bbox 617 1428 714 1458; x_wconf 83' lang='lat' dir='ltr'>Pauli</span> <span class='ocrx_word' id='word_1_107' title='bbox 740 1429 853 1470; x_wconf 87' lang='lat' dir='ltr'>verba,</span> 
     </span>
     <span class='ocr_line' id='line_1_22' title="bbox 158 1477 853 1511; baseline 0.007 -5"><span class='ocrx_word' id='word_1_108' title='bbox 158 1485 225 1507; x_wconf 91' lang='lat' dir='ltr'>non</span> <span class='ocrx_word' id='word_1_109' title='bbox 250 1477 343 1507; x_wconf 83' lang='lat' dir='ltr'>Festi</span> <span class='ocrx_word' id='word_1_110' title='bbox 367 1486 440 1508; x_wconf 81' lang='lat' dir='ltr'>esse</span> <span class='ocrx_word' id='word_1_111' title='bbox 462 1477 669 1509; x_wconf 83' lang='lat' dir='ltr'>credendum</span> <span class='ocrx_word' id='word_1_112' title='bbox 686 1484 749 1510; x_wconf 85' lang='lat' dir='ltr'>est.</span> <span class='ocrx_word' id='word_1_113' title='bbox 773 1479 853 1511; x_wconf 80' lang='lat' dir='ltr'><strong><em>Ant.</em></strong></span> 
     </span>
     <span class='ocr_line' id='line_1_23' title="bbox 158 1526 243 1565; baseline 0.012 -8"><span class='ocrx_word' id='word_1_114' title='bbox 158 1526 243 1565; x_wconf 79' lang='lat' dir='ltr'>Aug.</span> 
     </span>
    </p>

    <p class='ocr_par' dir='ltr' id='par_1_13' title="bbox 160 1577 867 2370">
     <span class='ocr_line' id='line_1_24' title="bbox 201 1577 854 1619; baseline 0.003 -11"><span class='ocrx_word' id='word_1_115' title='bbox 201 1577 296 1617; x_wconf 83' lang='lat' dir='ltr'>Assa]</span> <span class='ocrx_word' id='word_1_116' title='bbox 321 1578 457 1609; x_wconf 87' lang='lat' dir='ltr'>Servius</span> <span class='ocrx_word' id='word_1_117' title='bbox 479 1579 510 1609; x_wconf 86' lang='lat' dir='ltr'>in</span> <span class='ocrx_word' id='word_1_118' title='bbox 528 1588 568 1610; x_wconf 88' lang='lat'>11.</span> <span class='ocrx_word' id='word_1_119' title='bbox 586 1579 713 1619; x_wconf 85' lang='lat' dir='ltr'>Georg.</span> <span class='ocrx_word' id='word_1_120' title='bbox 736 1578 854 1610; x_wconf 80' lang='lat' dir='ltr'>‘Assae</span> 
     </span>
     <span class='ocr_line' id='line_1_25' title="bbox 160 1627 856 1670; baseline 0 -12"><span class='ocrx_word' id='word_1_121' title='bbox 160 1627 252 1658; x_wconf 79' lang='lat' dir='ltr'>tibiae</span> <span class='ocrx_word' id='word_1_122' title='bbox 284 1628 442 1659; x_wconf 86' lang='lat' dir='ltr'>dicuntur</span> <span class='ocrx_word' id='word_1_123' title='bbox 471 1628 592 1670; x_wconf 87' lang='lat' dir='ltr'>quibus</span> <span class='ocrx_word' id='word_1_124' title='bbox 622 1631 755 1660; x_wconf 87' lang='lat' dir='ltr'>canitur</span> <span class='ocrx_word' id='word_1_125' title='bbox 785 1629 856 1659; x_wconf 86' lang='lat' dir='ltr'>sine</span> 
     </span>
     <span class='ocr_line' id='line_1_26' title="bbox 160 1678 856 1710; baseline 0.001 -3"><span class='ocrx_word' id='word_1_126' title='bbox 160 1678 252 1708; x_wconf 83' lang='lat' dir='ltr'>chori</span> <span class='ocrx_word' id='word_1_127' title='bbox 269 1678 372 1710; x_wconf 53' lang='lat' dir='ltr'>voce?</span> <span class='ocrx_word' id='word_1_128' title='bbox 419 1679 495 1710; x_wconf 87' lang='lat' dir='ltr'>Non</span> <span class='ocrx_word' id='word_1_129' title='bbox 511 1681 613 1710; x_wconf 78' lang='lat' dir='ltr'>solnm</span> <span class='ocrx_word' id='word_1_130' title='bbox 632 1684 745 1710; x_wconf 77' lang='lat' dir='ltr'>auten]</span> <span class='ocrx_word' id='word_1_131' title='bbox 763 1679 856 1710; x_wconf 69' lang='lat' dir='ltr'>tibiae</span> 
     </span>
     <span class='ocr_line' id='line_1_27' title="bbox 162 1728 858 1769; baseline 0 -11"><span class='ocrx_word' id='word_1_132' title='bbox 162 1737 245 1758; x_wconf 74' lang='lat' dir='ltr'>assae</span> <span class='ocrx_word' id='word_1_133' title='bbox 273 1728 443 1769; x_wconf 87' lang='lat' dir='ltr'>dicuntur,</span> <span class='ocrx_word' id='word_1_134' title='bbox 470 1739 544 1769; x_wconf 85' lang='lat' dir='ltr'>quae</span> <span class='ocrx_word' id='word_1_135' title='bbox 572 1729 641 1759; x_wconf 85' lang='lat' dir='ltr'>sine</span> <span class='ocrx_word' id='word_1_136' title='bbox 672 1738 769 1768; x_wconf 83' lang='lat' dir='ltr'>voce,</span> <span class='ocrx_word' id='word_1_137' title='bbox 799 1729 858 1759; x_wconf 87' lang='lat' dir='ltr'>sed</span> 
     </span>
     <span class='ocr_line' id='line_1_28' title="bbox 164 1777 859 1820; baseline 0.004 -13"><span class='ocrx_word' id='word_1_138' title='bbox 164 1777 265 1808; x_wconf 87' lang='lat' dir='ltr'>etiam</span> <span class='ocrx_word' id='word_1_139' title='bbox 298 1780 401 1809; x_wconf 81' lang='lat' dir='ltr'>‘assa</span> <span class='ocrx_word' id='word_1_140' title='bbox 431 1778 516 1809; x_wconf 88' lang='lat' dir='ltr'>vox&#39;</span> <span class='ocrx_word' id='word_1_141' title='bbox 551 1789 624 1820; x_wconf 82' lang='lat' dir='ltr'>qnae</span> <span class='ocrx_word' id='word_1_142' title='bbox 655 1779 727 1810; x_wconf 86' lang='lat' dir='ltr'>sine</span> <span class='ocrx_word' id='word_1_143' title='bbox 756 1779 859 1810; x_wconf 82' lang='lat' dir='ltr'>tibiis.</span> 
     </span>
     <span class='ocr_line' id='line_1_29' title="bbox 165 1828 858 1868; baseline 0 -10"><span class='ocrx_word' id='word_1_144' title='bbox 165 1828 308 1865; x_wconf 89' lang='lat' dir='ltr'>Nonius,</span> <span class='ocrx_word' id='word_1_145' title='bbox 324 1829 333 1844; x_wconf 89' lang='lat'>‘</span> <span class='ocrx_word' id='word_1_146' title='bbox 349 1838 421 1858; x_wconf 78' lang='lat' dir='ltr'>assa</span> <span class='ocrx_word' id='word_1_147' title='bbox 439 1838 532 1863; x_wconf 85' lang='lat' dir='ltr'>voce,</span> <span class='ocrx_word' id='word_1_148' title='bbox 544 1829 612 1859; x_wconf 85' lang='lat' dir='ltr'>sola</span> <span class='ocrx_word' id='word_1_149' title='bbox 624 1837 719 1868; x_wconf 90' lang='lat' dir='ltr'>voce,</span> <span class='ocrx_word' id='word_1_150' title='bbox 737 1829 858 1868; x_wconf 86' lang='lat' dir='ltr'>linguae</span> 
     </span>
     <span class='ocr_line' id='line_1_30' title="bbox 163 1875 861 1919; baseline 0 -9"><span class='ocrx_word' id='word_1_151' title='bbox 163 1879 397 1910; x_wconf 85' lang='lat' dir='ltr'>tautummodo</span> <span class='ocrx_word' id='word_1_152' title='bbox 414 1886 471 1910; x_wconf 88' lang='lat' dir='ltr'>aut</span> <span class='ocrx_word' id='word_1_153' title='bbox 489 1881 580 1911; x_wconf 88' lang='lat' dir='ltr'>vocis</span> <span class='ocrx_word' id='word_1_154' title='bbox 601 1875 781 1919; x_wconf 61' lang='lat' dir='ltr'>humanae,⁴</span> <span class='ocrx_word' id='word_1_155' title='bbox 796 1890 861 1910; x_wconf 89' lang='lat' dir='ltr'>non</span> 
     </span>
     <span class='ocr_line' id='line_1_31' title="bbox 166 1930 862 1970; baseline 0.003 -10"><span class='ocrx_word' id='word_1_156' title='bbox 166 1930 319 1961; x_wconf 83' lang='lat' dir='ltr'>admistis</span> <span class='ocrx_word' id='word_1_157' title='bbox 331 1930 403 1961; x_wconf 87' lang='lat' dir='ltr'>aliis</span> <span class='ocrx_word' id='word_1_158' title='bbox 415 1931 646 1970; x_wconf 51' lang='lat' dir='ltr'>musicisaesre</span> <span class='ocrx_word' id='word_1_159' title='bbox 661 1930 862 1962; x_wconf 87' lang='lat' dir='ltr'>voluerunt.&#39;</span> 
     </span>
     <span class='ocr_line' id='line_1_32' title="bbox 167 1980 864 2022; baseline 0.003 -13"><span class='ocrx_word' id='word_1_160' title='bbox 167 1980 253 2010; x_wconf 85' lang='lat' dir='ltr'>Nam</span> <span class='ocrx_word' id='word_1_161' title='bbox 280 1990 393 2019; x_wconf 80' lang='lat' dir='ltr'>assum,</span> <span class='ocrx_word' id='word_1_162' title='bbox 417 1981 498 2011; x_wconf 87' lang='lat' dir='ltr'>nibil</span> <span class='ocrx_word' id='word_1_163' title='bbox 525 1986 577 2012; x_wconf 90' lang='lat' dir='ltr'>est</span> <span class='ocrx_word' id='word_1_164' title='bbox 601 1991 701 2022; x_wconf 87' lang='lat' dir='ltr'>quam</span> <span class='ocrx_word' id='word_1_165' title='bbox 726 1987 864 2022; x_wconf 87' lang='lat' dir='ltr'>tostum,</span> 
     </span>
     <span class='ocr_line' id='line_1_33' title="bbox 166 2030 864 2071; baseline 0.004 -12"><span class='ocrx_word' id='word_1_166' title='bbox 166 2030 308 2068; x_wconf 87' lang='lat' dir='ltr'>aridum,</span> <span class='ocrx_word' id='word_1_167' title='bbox 332 2031 471 2061; x_wconf 86' lang='lat' dir='ltr'>siccum.</span> <span class='ocrx_word' id='word_1_168' title='bbox 526 2032 627 2062; x_wconf 83' lang='lat' dir='ltr'>Unde</span> <span class='ocrx_word' id='word_1_169' title='bbox 654 2037 688 2062; x_wconf 85' lang='lat' dir='ltr'>et</span> <span class='ocrx_word' id='word_1_170' title='bbox 716 2041 776 2071; x_wconf 86' lang='lat' dir='ltr'>pro</span> <span class='ocrx_word' id='word_1_171' title='bbox 801 2033 864 2063; x_wconf 87' lang='lat' dir='ltr'>solo</span> 
     </span>
     <span class='ocr_line' id='line_1_34' title="bbox 166 2081 862 2120; baseline 0.003 -11"><span class='ocrx_word' id='word_1_172' title='bbox 166 2085 386 2120; x_wconf 87' lang='lat' dir='ltr'>usurparunt,</span> <span class='ocrx_word' id='word_1_173' title='bbox 411 2086 446 2112; x_wconf 88' lang='lat' dir='ltr'>nt</span> <span class='ocrx_word' id='word_1_174' title='bbox 470 2086 505 2112; x_wconf 92' lang='lat' dir='ltr'>et</span> <span class='ocrx_word' id='word_1_175' title='bbox 523 2082 650 2112; x_wconf 83' lang='lat' dir='ltr'>siccum</span> <span class='ocrx_word' id='word_1_176' title='bbox 668 2087 703 2112; x_wconf 88' lang='lat' dir='ltr'>et</span> <span class='ocrx_word' id='word_1_177' title='bbox 721 2081 862 2112; x_wconf 87' lang='lat' dir='ltr'>aridum.</span> 
     </span>
     <span class='ocr_line' id='line_1_35' title="bbox 166 2130 864 2162; baseline 0.001 -2"><span class='ocrx_word' id='word_1_178' title='bbox 166 2130 222 2161; x_wconf 90' lang='lat' dir='ltr'>Sic</span> <span class='ocrx_word' id='word_1_179' title='bbox 247 2130 387 2161; x_wconf 88' lang='lat' dir='ltr'>Plautus</span> <span class='ocrx_word' id='word_1_180' title='bbox 412 2131 444 2161; x_wconf 92' lang='lat' dir='ltr'>in</span> <span class='ocrx_word' id='word_1_181' title='bbox 469 2131 626 2162; x_wconf 87' lang='lat' dir='ltr'>Rudente</span> <span class='ocrx_word' id='word_1_182' title='bbox 643 2131 730 2162; x_wconf 78' lang='lat' dir='ltr'>dixit</span> <span class='ocrx_word' id='word_1_183' title='bbox 746 2131 864 2162; x_wconf 89' lang='lat' dir='ltr'>‘arido</span> 
     </span>
     <span class='ocr_line' id='line_1_36' title="bbox 168 2181 864 2222; baseline 0.001 -12"><span class='ocrx_word' id='word_1_184' title='bbox 168 2187 311 2220; x_wconf 84' lang='lat' dir='ltr'>argento</span> <span class='ocrx_word' id='word_1_185' title='bbox 338 2187 390 2213; x_wconf 86' lang='lat' dir='ltr'>est</span> <span class='ocrx_word' id='word_1_186' title='bbox 419 2191 502 2222; x_wconf 84' lang='lat' dir='ltr'>opus</span> <span class='ocrx_word' id='word_1_187' title='bbox 518 2181 540 2213; x_wconf 86' lang='lat'>:’</span> <span class='ocrx_word' id='word_1_188' title='bbox 565 2181 598 2212; x_wconf 81' lang='lat' dir='ltr'>id</span> <span class='ocrx_word' id='word_1_189' title='bbox 627 2187 690 2222; x_wconf 79' lang='lat' dir='ltr'>est,</span> <span class='ocrx_word' id='word_1_190' title='bbox 715 2181 786 2212; x_wconf 89' lang='lat' dir='ltr'>solo</span> <span class='ocrx_word' id='word_1_191' title='bbox 814 2190 864 2211; x_wconf 89' lang='lat' dir='ltr'>ar-</span> 
     </span>
     <span class='ocr_line' id='line_1_37' title="bbox 169 2232 865 2271; baseline 0.003 -10"><span class='ocrx_word' id='word_1_192' title='bbox 169 2236 291 2270; x_wconf 81' lang='lat' dir='ltr'>gent03</span> <span class='ocrx_word' id='word_1_193' title='bbox 312 2236 424 2271; x_wconf 79' lang='lat' dir='ltr'>argent</span> <span class='ocrx_word' id='word_1_194' title='bbox 447 2243 506 2264; x_wconf 83' lang='lat' dir='ltr'>sec.</span> <span class='ocrx_word' id='word_1_195' title='bbox 551 2233 608 2264; x_wconf 86' lang='lat' dir='ltr'>Sic</span> <span class='ocrx_word' id='word_1_196' title='bbox 633 2237 668 2263; x_wconf 88' lang='lat' dir='ltr'>et</span> <span class='ocrx_word' id='word_1_197' title='bbox 693 2242 751 2263; x_wconf 85' lang='lat' dir='ltr'>nos</span> <span class='ocrx_word' id='word_1_198' title='bbox 766 2232 865 2263; x_wconf 81' lang='lat' dir='ltr'>hodie</span> 
     </span>
     <span class='ocr_line' id='line_1_38' title="bbox 169 2282 867 2320; baseline 0.001 -8"><span class='ocrx_word' id='word_1_199' title='bbox 169 2291 289 2320; x_wconf 84' lang='lat' dir='ltr'>panem</span> <span class='ocrx_word' id='word_1_200' title='bbox 317 2284 423 2312; x_wconf 89' lang='lat' dir='ltr'>solnm</span> <span class='ocrx_word' id='word_1_201' title='bbox 449 2288 484 2314; x_wconf 88' lang='lat' dir='ltr'>et</span> <span class='ocrx_word' id='word_1_202' title='bbox 509 2283 637 2314; x_wconf 87' lang='lat' dir='ltr'>siccum</span> <span class='ocrx_word' id='word_1_203' title='bbox 664 2282 805 2313; x_wconf 85' lang='lat' dir='ltr'>dicimus</span> <span class='ocrx_word' id='word_1_204' title='bbox 825 2283 867 2313; x_wconf 75' lang='lat' dir='ltr'>(lu</span> 
     </span>
     <span class='ocr_line' id='line_1_39' title="bbox 167 2331 422 2370; baseline 0.016 -10"><span class='ocrx_word' id='word_1_205' title='bbox 167 2331 243 2370; x_wconf 82' lang='lat' dir='ltr'>pain</span> <span class='ocrx_word' id='word_1_206' title='bbox 257 2342 315 2363; x_wconf 82' lang='lat' dir='ltr'>sec.</span> <span class='ocrx_word' id='word_1_207' title='bbox 338 2333 422 2364; x_wconf 86' lang='lat' dir='ltr'>Dac.</span> 
     </span>
    </p>

    <p class='ocr_par' dir='ltr' id='par_1_14' title="bbox 171 2382 874 2764">
     <span class='ocr_line' id='line_1_40' title="bbox 213 2382 866 2424; baseline 0.002 -12"><span class='ocrx_word' id='word_1_208' title='bbox 213 2387 226 2407; x_wconf 65' lang='grc' dir='ltr'>Υ</span> <span class='ocrx_word' id='word_1_209' title='bbox 251 2382 391 2422; x_wconf 87' lang='lat' dir='ltr'>Asseres]</span> <span class='ocrx_word' id='word_1_210' title='bbox 418 2383 494 2414; x_wconf 87' lang='lat' dir='ltr'>Non</span> <span class='ocrx_word' id='word_1_211' title='bbox 522 2387 575 2414; x_wconf 90' lang='lat' dir='ltr'>est</span> <span class='ocrx_word' id='word_1_212' title='bbox 598 2392 714 2414; x_wconf 86' lang='lat' dir='ltr'>verum</span> <span class='ocrx_word' id='word_1_213' title='bbox 730 2387 866 2424; x_wconf 85' lang='lat' dir='ltr'>etymon</span> 
     </span>
     <span class='ocr_line' id='line_1_41' title="bbox 171 2432 868 2473; baseline 0.003 -12"><span class='ocrx_word' id='word_1_214' title='bbox 171 2441 288 2462; x_wconf 82' lang='lat' dir='ltr'>asseres</span> <span class='ocrx_word' id='word_1_215' title='bbox 297 2432 339 2462; x_wconf 91' lang='lat' dir='ltr'>ab</span> <span class='ocrx_word' id='word_1_216' title='bbox 346 2433 515 2472; x_wconf 76' lang='lat' dir='ltr'>assidendo,</span> <span class='ocrx_word' id='word_1_217' title='bbox 523 2443 711 2473; x_wconf 76' lang='lat' dir='ltr'>quanquam</span> <span class='ocrx_word' id='word_1_218' title='bbox 721 2439 754 2463; x_wconf 87' lang='lat' dir='ltr'>et</span> <span class='ocrx_word' id='word_1_219' title='bbox 768 2443 868 2473; x_wconf 84' lang='lat' dir='ltr'>prop-</span> 
     </span>
     <span class='ocr_line' id='line_1_42' title="bbox 173 2482 869 2523; baseline 0.004 -12"><span class='ocrx_word' id='word_1_220' title='bbox 173 2487 269 2512; x_wconf 82' lang='lat' dir='ltr'>terea</span> <span class='ocrx_word' id='word_1_221' title='bbox 285 2492 303 2512; x_wconf 88' lang='lat' dir='ltr'>a</span> <span class='ocrx_word' id='word_1_222' title='bbox 319 2482 450 2512; x_wconf 80' lang='lat' dir='ltr'>Graecis</span> <span class='ocrx_word' id='word_1_223' title='bbox 476 2483 670 2513; x_wconf 84' lang='lat' dir='ltr'>viderentur</span> <span class='ocrx_word' id='word_1_224' title='bbox 696 2484 869 2523; x_wconf 73' lang='grc' dir='ltr'>στρωτῆρες</span> 
     </span>
     <span class='ocr_line' id='line_1_43' title="bbox 174 2532 869 2571; baseline 0.001 -9"><span class='ocrx_word' id='word_1_225' title='bbox 174 2532 268 2563; x_wconf 87' lang='lat' dir='ltr'>dicti.</span> <span class='ocrx_word' id='word_1_226' title='bbox 311 2532 378 2562; x_wconf 90' lang='lat' dir='ltr'>Sed</span> <span class='ocrx_word' id='word_1_227' title='bbox 399 2533 482 2570; x_wconf 85' lang='lat' dir='ltr'>axis,</span> <span class='ocrx_word' id='word_1_228' title='bbox 506 2532 629 2571; x_wconf 81' lang='lat' dir='ltr'>axeris,</span> <span class='ocrx_word' id='word_1_229' title='bbox 654 2537 691 2563; x_wconf 87' lang='lat' dir='ltr'>nt</span> <span class='ocrx_word' id='word_1_230' title='bbox 714 2533 780 2563; x_wconf 87' lang='lat' dir='ltr'>suis</span> <span class='ocrx_word' id='word_1_231' title='bbox 796 2543 869 2563; x_wconf 75' lang='lat' dir='ltr'>sne-</span> 
     </span>
     <span class='ocr_line' id='line_1_44' title="bbox 175 2581 869 2620; baseline 0.001 -8"><span class='ocrx_word' id='word_1_232' title='bbox 175 2582 240 2612; x_wconf 87' lang='lat' dir='ltr'>ris:</span> <span class='ocrx_word' id='word_1_233' title='bbox 264 2581 374 2618; x_wconf 85' lang='lat' dir='ltr'>Jovis,</span> <span class='ocrx_word' id='word_1_234' title='bbox 398 2582 554 2614; x_wconf 84' lang='lat' dir='ltr'>Joveris:</span> <span class='ocrx_word' id='word_1_235' title='bbox 580 2582 689 2620; x_wconf 87' lang='lat' dir='ltr'>bovis,</span> <span class='ocrx_word' id='word_1_236' title='bbox 716 2582 869 2613; x_wconf 83' lang='lat' dir='ltr'>boveris:</span> 
     </span>
     <span class='ocr_line' id='line_1_45' title="bbox 175 2632 872 2671; baseline -0.001 -9"><span class='ocrx_word' id='word_1_237' title='bbox 175 2633 284 2671; x_wconf 89' lang='lat' dir='ltr'>nucis,</span> <span class='ocrx_word' id='word_1_238' title='bbox 314 2633 461 2664; x_wconf 87' lang='lat' dir='ltr'>nuceris.</span> <span class='ocrx_word' id='word_1_239' title='bbox 515 2632 568 2663; x_wconf 87' lang='lat' dir='ltr'>Ab</span> <span class='ocrx_word' id='word_1_240' title='bbox 596 2632 712 2671; x_wconf 64' lang='lat' dir='ltr'>ameris,</span> <span class='ocrx_word' id='word_1_241' title='bbox 735 2633 872 2669; x_wconf 81' lang='lat' dir='ltr'>asseris,-</span> 
     </span>
     <span class='ocr_line' id='line_1_46' title="bbox 177 2681 870 2724; baseline -0.001 -12"><span class='ocrx_word' id='word_1_242' title='bbox 177 2693 252 2714; x_wconf 87' lang='lat' dir='ltr'>nam</span> <span class='ocrx_word' id='word_1_243' title='bbox 267 2693 290 2714; x_wconf 83' lang='lat' dir='ltr'><em>x</em></span> <span class='ocrx_word' id='word_1_244' title='bbox 305 2682 505 2724; x_wconf 86' lang='lat' dir='ltr'>frequenter</span> <span class='ocrx_word' id='word_1_245' title='bbox 518 2682 589 2713; x_wconf 87' lang='lat' dir='ltr'>abit</span> <span class='ocrx_word' id='word_1_246' title='bbox 607 2683 638 2712; x_wconf 89' lang='lat' dir='ltr'>in</span> <span class='ocrx_word' id='word_1_247' title='bbox 651 2691 693 2716; x_wconf 86' lang='lat' dir='ltr'>ss,</span> <span class='ocrx_word' id='word_1_248' title='bbox 706 2681 793 2712; x_wconf 85' lang='lat' dir='ltr'>unde</span> <span class='ocrx_word' id='word_1_249' title='bbox 807 2682 870 2712; x_wconf 88' lang='lat' dir='ltr'>Ve-</span> 
     </span>
     <span class='ocr_line' id='line_1_47' title="bbox 178 2732 874 2764; baseline -0.004 0"><span class='ocrx_word' id='word_1_250' title='bbox 178 2738 267 2764; x_wconf 77' lang='lat' dir='ltr'>teres</span> <span class='ocrx_word' id='word_1_251' title='bbox 292 2732 523 2764; x_wconf 81' lang='lat' dir='ltr'>indifferenter</span> <span class='ocrx_word' id='word_1_252' title='bbox 544 2741 662 2763; x_wconf 83' lang='lat' dir='ltr'>cossare</span> <span class='ocrx_word' id='word_1_253' title='bbox 685 2736 720 2763; x_wconf 87' lang='lat' dir='ltr'>et</span> <span class='ocrx_word' id='word_1_254' title='bbox 742 2741 874 2762; x_wconf 80' lang='lat' dir='ltr'>coaxare</span> 
     </span>
    </p>
   </div>
   <div class='ocr_carea' id='block_1_10' title="bbox 902 1174 1626 2763">
    <p class='ocr_par' dir='ltr' id='par_1_15' title="bbox 902 1174 1216 1206">
     <span class='ocr_line' id='line_1_48' title="bbox 902 1174 1216 1206; baseline -0.006 0"><span class='ocrx_word' id='word_1_255' title='bbox 902 1175 1031 1206; x_wconf 85' lang='lat' dir='ltr'>dicunt.</span> <span class='ocrx_word' id='word_1_256' title='bbox 1046 1175 1115 1206; x_wconf 76' lang='lat' dir='ltr'>Jos.</span> <span class='ocrx_word' id='word_1_257' title='bbox 1133 1174 1216 1205; x_wconf 73' lang='lat' dir='ltr'>Scal.</span> 
     </span>
    </p>

    <p class='ocr_par' dir='ltr' id='par_1_16' title="bbox 905 1221 1603 1362">
     <span class='ocr_line' id='line_1_49' title="bbox 945 1221 1600 1265; baseline -0.005 -9"><span class='ocrx_word' id='word_1_258' title='bbox 945 1232 957 1246; x_wconf 66' lang='grc' dir='ltr'>Ζ</span> <span class='ocrx_word' id='word_1_259' title='bbox 980 1225 1175 1265; x_wconf 81' lang='lat' dir='ltr'>Assiratum]</span> <span class='ocrx_word' id='word_1_260' title='bbox 1198 1223 1319 1255; x_wconf 88' lang='lat' dir='ltr'>Monet</span> <span class='ocrx_word' id='word_1_261' title='bbox 1342 1222 1469 1253; x_wconf 87' lang='lat' dir='ltr'>dictum</span> <span class='ocrx_word' id='word_1_262' title='bbox 1497 1221 1538 1253; x_wconf 84' lang='lat' dir='ltr'>ab</span> <span class='ocrx_word' id='word_1_263' title='bbox 1561 1232 1600 1253; x_wconf 83' lang='lat' dir='ltr'>eo</span> 
     </span>
     <span class='ocr_line' id='line_1_50' title="bbox 905 1273 1603 1316; baseline -0.003 -11"><span class='ocrx_word' id='word_1_264' title='bbox 905 1274 993 1316; x_wconf 87' lang='lat' dir='ltr'>quod</span> <span class='ocrx_word' id='word_1_265' title='bbox 1004 1275 1095 1306; x_wconf 81' lang='lat' dir='ltr'>Assir</span> <span class='ocrx_word' id='word_1_266' title='bbox 1105 1274 1299 1314; x_wconf 82' lang='lat' dir='ltr'>sanguinem</span> <span class='ocrx_word' id='word_1_267' title='bbox 1311 1273 1487 1304; x_wconf 86' lang='lat' dir='ltr'>vocabant.</span> <span class='ocrx_word' id='word_1_268' title='bbox 1504 1273 1603 1304; x_wconf 84' lang='lat' dir='ltr'>Glos-</span> 
     </span>
     <span class='ocr_line' id='line_1_51' title="bbox 905 1323 1446 1362; baseline -0.002 -6"><span class='ocrx_word' id='word_1_269' title='bbox 905 1325 1029 1357; x_wconf 82' lang='lat' dir='ltr'>sarium</span> <span class='ocrx_word' id='word_1_270' title='bbox 1044 1335 1051 1355; x_wconf 88' lang='lat'>:</span> <span class='ocrx_word' id='word_1_271' title='bbox 1077 1326 1085 1342; x_wconf 90' lang='lat'>‘</span> <span class='ocrx_word' id='word_1_272' title='bbox 1103 1325 1210 1360; x_wconf 89' lang='lat' dir='ltr'>Assir,</span> <span class='ocrx_word' id='word_1_273' title='bbox 1228 1323 1322 1362; x_wconf 69' lang='grc' dir='ltr'>αῖμα.’</span> <span class='ocrx_word' id='word_1_274' title='bbox 1349 1325 1446 1355; x_wconf 82' lang='lat' dir='ltr'>Idem.</span> 
     </span>
    </p>

    <p class='ocr_par' dir='ltr' id='par_1_17' title="bbox 909 1373 1610 1768">
     <span class='ocr_line' id='line_1_52' title="bbox 949 1373 1606 1415; baseline -0.005 -8"><span class='ocrx_word' id='word_1_275' title='bbox 949 1375 1142 1415; x_wconf 64' lang='lat' dir='ltr'>Assa-atum]</span> <span class='ocrx_word' id='word_1_276' title='bbox 1163 1375 1467 1415; x_wconf 78' lang='lat' dir='ltr'>Abassir‚sang11is.</span> <span class='ocrx_word' id='word_1_277' title='bbox 1492 1373 1606 1405; x_wconf 82' lang='lat' dir='ltr'>Gloss.</span> 
     </span>
     <span class='ocr_line' id='line_1_53' title="bbox 909 1424 1607 1467; baseline -0.006 -9"><span class='ocrx_word' id='word_1_278' title='bbox 909 1428 917 1445; x_wconf 93' lang='lat'>‘</span> <span class='ocrx_word' id='word_1_279' title='bbox 932 1427 1027 1467; x_wconf 86' lang='lat' dir='ltr'>assir,</span> <span class='ocrx_word' id='word_1_280' title='bbox 1042 1424 1137 1466; x_wconf 54' lang='grc' dir='ltr'><em>αἷμα]</em></span> <span class='ocrx_word' id='word_1_281' title='bbox 1170 1426 1287 1457; x_wconf 80' lang='lat' dir='ltr'>Utitur</span> <span class='ocrx_word' id='word_1_282' title='bbox 1301 1425 1386 1456; x_wconf 89' lang='lat' dir='ltr'>Cato</span> <span class='ocrx_word' id='word_1_283' title='bbox 1400 1425 1441 1455; x_wconf 90' lang='lat' dir='ltr'>de</span> <span class='ocrx_word' id='word_1_284' title='bbox 1457 1425 1505 1455; x_wconf 84' lang='lat' dir='ltr'>Re</span> <span class='ocrx_word' id='word_1_285' title='bbox 1522 1425 1607 1455; x_wconf 83' lang='lat' dir='ltr'>Rus-</span> 
     </span>
     <span class='ocr_line' id='line_1_54' title="bbox 910 1475 1607 1517; baseline -0.007 -8"><span class='ocrx_word' id='word_1_286' title='bbox 910 1478 977 1509; x_wconf 87' lang='lat' dir='ltr'>tica</span> <span class='ocrx_word' id='word_1_287' title='bbox 993 1487 1069 1517; x_wconf 85' lang='lat' dir='ltr'>cap.</span> <span class='ocrx_word' id='word_1_288' title='bbox 1082 1478 1134 1507; x_wconf 82' lang='lat'>33.</span> <span class='ocrx_word' id='word_1_289' title='bbox 1153 1480 1161 1493; x_wconf 94' lang='lat'>‘</span> <span class='ocrx_word' id='word_1_290' title='bbox 1175 1477 1272 1516; x_wconf 87' lang='lat' dir='ltr'>Daps</span> <span class='ocrx_word' id='word_1_291' title='bbox 1289 1475 1367 1507; x_wconf 85' lang='lat' dir='ltr'>Jovi</span> <span class='ocrx_word' id='word_1_292' title='bbox 1384 1476 1468 1506; x_wconf 86' lang='lat' dir='ltr'>assir</span> <span class='ocrx_word' id='word_1_293' title='bbox 1484 1485 1502 1506; x_wconf 86' lang='lat' dir='ltr'>a</span> <span class='ocrx_word' id='word_1_294' title='bbox 1520 1484 1607 1515; x_wconf 82' lang='lat' dir='ltr'>pecu</span> 
     </span>
     <span class='ocr_line' id='line_1_55' title="bbox 909 1525 1607 1565; baseline -0.007 -6"><span class='ocrx_word' id='word_1_295' title='bbox 909 1528 944 1559; x_wconf 89' lang='lat' dir='ltr'>in</span> <span class='ocrx_word' id='word_1_296' title='bbox 963 1538 1043 1558; x_wconf 84' lang='lat' dir='ltr'>urna</span> <span class='ocrx_word' id='word_1_297' title='bbox 1060 1527 1127 1557; x_wconf 90' lang='lat' dir='ltr'>vini</span> <span class='ocrx_word' id='word_1_298' title='bbox 1143 1531 1235 1557; x_wconf 80' lang='lat' dir='ltr'>caste</span> <span class='ocrx_word' id='word_1_299' title='bbox 1251 1525 1428 1565; x_wconf 83' lang='lat' dir='ltr'>profanato</span> <span class='ocrx_word' id='word_1_300' title='bbox 1443 1525 1513 1556; x_wconf 84' lang='lat' dir='ltr'>sine</span> <span class='ocrx_word' id='word_1_301' title='bbox 1528 1534 1607 1555; x_wconf 85' lang='lat' dir='ltr'>con-</span> 
     </span>
     <span class='ocr_line' id='line_1_56' title="bbox 911 1576 1608 1618; baseline -0.007 -8"><span class='ocrx_word' id='word_1_302' title='bbox 911 1577 1072 1618; x_wconf 56' lang='lat' dir='ltr'>tagione!</span> <span class='ocrx_word' id='word_1_303' title='bbox 1116 1579 1172 1608; x_wconf 88' lang='lat' dir='ltr'>De</span> <span class='ocrx_word' id='word_1_304' title='bbox 1198 1577 1334 1616; x_wconf 82' lang='lat' dir='ltr'>potione</span> <span class='ocrx_word' id='word_1_305' title='bbox 1361 1581 1473 1606; x_wconf 85' lang='lat' dir='ltr'>autem</span> <span class='ocrx_word' id='word_1_306' title='bbox 1497 1585 1515 1606; x_wconf 86' lang='lat' dir='ltr'>e</span> <span class='ocrx_word' id='word_1_307' title='bbox 1532 1576 1608 1605; x_wconf 87' lang='lat' dir='ltr'>vino</span> 
     </span>
     <span class='ocr_line' id='line_1_57' title="bbox 911 1625 1610 1665; baseline -0.007 -6"><span class='ocrx_word' id='word_1_308' title='bbox 911 1634 945 1659; x_wconf 89' lang='lat' dir='ltr'>et</span> <span class='ocrx_word' id='word_1_309' title='bbox 964 1627 1127 1665; x_wconf 75' lang='lat' dir='ltr'>sanguine</span> <span class='ocrx_word' id='word_1_310' title='bbox 1146 1627 1282 1656; x_wconf 84' lang='lat' dir='ltr'>Sallust.</span> <span class='ocrx_word' id='word_1_311' title='bbox 1300 1626 1437 1657; x_wconf 79' lang='lat' dir='ltr'>Catilin.</span> <span class='ocrx_word' id='word_1_312' title='bbox 1454 1630 1462 1643; x_wconf 92' lang='lat'><em>‘</em></span> <span class='ocrx_word' id='word_1_313' title='bbox 1477 1625 1610 1655; x_wconf 86' lang='lat' dir='ltr'>humani</span> 
     </span>
     <span class='ocr_line' id='line_1_58' title="bbox 912 1674 1610 1718; baseline -0.006 -10"><span class='ocrx_word' id='word_1_314' title='bbox 912 1678 1064 1718; x_wconf 80' lang='lat' dir='ltr'>corporis</span> <span class='ocrx_word' id='word_1_315' title='bbox 1090 1677 1286 1716; x_wconf 80' lang='lat' dir='ltr'>sangninem</span> <span class='ocrx_word' id='word_1_316' title='bbox 1311 1676 1387 1705; x_wconf 88' lang='lat' dir='ltr'>vino</span> <span class='ocrx_word' id='word_1_317' title='bbox 1412 1674 1610 1714; x_wconf 87' lang='lat' dir='ltr'>permistum</span> 
     </span>
     <span class='ocr_line' id='line_1_59' title="bbox 914 1725 1484 1768; baseline -0.005 -10"><span class='ocrx_word' id='word_1_318' title='bbox 914 1729 945 1759; x_wconf 93' lang='lat' dir='ltr'>in</span> <span class='ocrx_word' id='word_1_319' title='bbox 965 1728 1089 1768; x_wconf 82' lang='lat' dir='ltr'>pateris</span> <span class='ocrx_word' id='word_1_320' title='bbox 1106 1725 1378 1757; x_wconf 63' lang='lat' dir='ltr'>circumtulisse!</span> <span class='ocrx_word' id='word_1_321' title='bbox 1404 1725 1484 1756; x_wconf 80' lang='lat' dir='ltr'>Dae.</span> 
     </span>
    </p>

    <p class='ocr_par' dir='ltr' id='par_1_18' title="bbox 915 1775 1615 1968">
     <span class='ocr_line' id='line_1_60' title="bbox 957 1775 1614 1818; baseline -0.006 -9"><span class='ocrx_word' id='word_1_322' title='bbox 957 1784 972 1799; x_wconf 56' lang='grc' dir='ltr'><strong>ὃ</strong></span> <span class='ocrx_word' id='word_1_323' title='bbox 994 1778 1093 1818; x_wconf 76' lang='lat' dir='ltr'>Astu]</span> <span class='ocrx_word' id='word_1_324' title='bbox 1117 1777 1253 1808; x_wconf 84' lang='lat' dir='ltr'>Astute.</span> <span class='ocrx_word' id='word_1_325' title='bbox 1277 1776 1391 1806; x_wconf 83' lang='lat' dir='ltr'>Plaut.</span> <span class='ocrx_word' id='word_1_326' title='bbox 1417 1777 1449 1805; x_wconf 91' lang='lat' dir='ltr'>in</span> <span class='ocrx_word' id='word_1_327' title='bbox 1476 1775 1614 1814; x_wconf 76' lang='lat' dir='ltr'>Prolog.</span> 
     </span>
     <span class='ocr_line' id='line_1_61' title="bbox 915 1824 1614 1865; baseline -0.01 -4"><span class='ocrx_word' id='word_1_328' title='bbox 915 1830 1050 1861; x_wconf 84' lang='lat' dir='ltr'>Poenul.</span> <span class='ocrx_word' id='word_1_329' title='bbox 1074 1832 1082 1846; x_wconf 80' lang='lat'>‘</span> <span class='ocrx_word' id='word_1_330' title='bbox 1098 1829 1152 1859; x_wconf 83' lang='lat' dir='ltr'>Ita</span> <span class='ocrx_word' id='word_1_331' title='bbox 1177 1828 1276 1857; x_wconf 81' lang='lat' dir='ltr'>docte</span> <span class='ocrx_word' id='word_1_332' title='bbox 1302 1831 1404 1865; x_wconf 80' lang='lat' dir='ltr'>atque</span> <span class='ocrx_word' id='word_1_333' title='bbox 1430 1830 1505 1855; x_wconf 86' lang='lat' dir='ltr'>astu</span> <span class='ocrx_word' id='word_1_334' title='bbox 1529 1824 1614 1855; x_wconf 83' lang='lat' dir='ltr'>filias</span> 
     </span>
     <span class='ocr_line' id='line_1_62' title="bbox 916 1875 1615 1922; baseline -0.01 -11"><span class='ocrx_word' id='word_1_335' title='bbox 916 1881 1039 1922; x_wconf 69' lang='lat' dir='ltr'>quaerit</span> <span class='ocrx_word' id='word_1_336' title='bbox 1053 1877 1154 1910; x_wconf 85' lang='lat' dir='ltr'>suas.&#39;</span> <span class='ocrx_word' id='word_1_337' title='bbox 1198 1878 1334 1908; x_wconf 84' lang='lat' dir='ltr'>Terent.</span> <span class='ocrx_word' id='word_1_338' title='bbox 1351 1876 1439 1907; x_wconf 88' lang='lat' dir='ltr'>And.</span> <span class='ocrx_word' id='word_1_339' title='bbox 1464 1880 1471 1893; x_wconf 94' lang='lat'><em>‘</em></span> <span class='ocrx_word' id='word_1_340' title='bbox 1485 1875 1568 1907; x_wconf 76' lang='lat' dir='ltr'>Quae</span> <span class='ocrx_word' id='word_1_341' title='bbox 1587 1875 1615 1904; x_wconf 81' lang='lat' dir='ltr'>si</span> 
     </span>
     <span class='ocr_line' id='line_1_63' title="bbox 917 1925 1460 1968; baseline -0.011 -7"><span class='ocrx_word' id='word_1_342' title='bbox 917 1939 983 1961; x_wconf 91' lang='lat' dir='ltr'>non</span> <span class='ocrx_word' id='word_1_343' title='bbox 1000 1933 1075 1960; x_wconf 86' lang='lat' dir='ltr'>astu</span> <span class='ocrx_word' id='word_1_344' title='bbox 1093 1925 1338 1968; x_wconf 81' lang='lat' dir='ltr'>providentur.&#39;</span> <span class='ocrx_word' id='word_1_345' title='bbox 1362 1926 1460 1957; x_wconf 79' lang='lat' dir='ltr'>Idem.</span> 
     </span>
    </p>

    <p class='ocr_par' dir='ltr' id='par_1_19' title="bbox 917 1976 1623 2412">
     <span class='ocr_line' id='line_1_64' title="bbox 959 1976 1617 2020; baseline -0.009 -9"><span class='ocrx_word' id='word_1_346' title='bbox 959 1979 974 2000; x_wconf 77' lang='lat' dir='ltr'>b</span> <span class='ocrx_word' id='word_1_347' title='bbox 997 1980 1047 2011; x_wconf 75' lang='lat' dir='ltr'>Ab</span> <span class='ocrx_word' id='word_1_348' title='bbox 1063 1980 1171 2020; x_wconf 79' lang='lat' dir='ltr'>oppido</span> <span class='ocrx_word' id='word_1_349' title='bbox 1187 1977 1282 2017; x_wconf 76' lang='grc' dir='ltr'>ἄστυ]</span> <span class='ocrx_word' id='word_1_350' title='bbox 1318 1976 1401 2007; x_wconf 80' lang='lat' dir='ltr'>Astu</span> <span class='ocrx_word' id='word_1_351' title='bbox 1430 1985 1489 2016; x_wconf 87' lang='lat' dir='ltr'>per</span> <span class='ocrx_word' id='word_1_352' title='bbox 1506 1976 1617 2006; x_wconf 82' lang='lat' dir='ltr'>excel-</span> 
     </span>
     <span class='ocr_line' id='line_1_65' title="bbox 917 2025 1617 2060; baseline -0.007 0"><span class='ocrx_word' id='word_1_353' title='bbox 917 2030 1054 2060; x_wconf 86' lang='lat' dir='ltr'>lentiam</span> <span class='ocrx_word' id='word_1_354' title='bbox 1082 2030 1124 2059; x_wconf 86' lang='lat' dir='ltr'>de</span> <span class='ocrx_word' id='word_1_355' title='bbox 1151 2027 1257 2058; x_wconf 89' lang='lat' dir='ltr'>veteri</span> <span class='ocrx_word' id='word_1_356' title='bbox 1284 2026 1365 2057; x_wconf 89' lang='lat' dir='ltr'>urbe</span> <span class='ocrx_word' id='word_1_357' title='bbox 1395 2025 1617 2056; x_wconf 82' lang='lat' dir='ltr'>Athenarum.</span> 
     </span>
     <span class='ocr_line' id='line_1_66' title="bbox 917 2075 1617 2112; baseline -0.011 0"><span class='ocrx_word' id='word_1_358' title='bbox 917 2082 1056 2112; x_wconf 81' lang='lat' dir='ltr'>Terent.</span> <span class='ocrx_word' id='word_1_359' title='bbox 1081 2079 1233 2110; x_wconf 89' lang='lat' dir='ltr'>Eunucb.</span> <span class='ocrx_word' id='word_1_360' title='bbox 1263 2077 1272 2094; x_wconf 88' lang='lat'>‘</span> <span class='ocrx_word' id='word_1_361' title='bbox 1286 2087 1326 2107; x_wconf 82' lang='lat' dir='ltr'>an</span> <span class='ocrx_word' id='word_1_362' title='bbox 1349 2079 1381 2107; x_wconf 91' lang='lat' dir='ltr'>in</span> <span class='ocrx_word' id='word_1_363' title='bbox 1400 2082 1473 2107; x_wconf 87' lang='lat' dir='ltr'>astu</span> <span class='ocrx_word' id='word_1_364' title='bbox 1492 2076 1581 2105; x_wconf 80' lang='lat' dir='ltr'>venit</span> <span class='ocrx_word' id='word_1_365' title='bbox 1596 2075 1617 2104; x_wconf 64' lang='lat'>‚³¹</span> 
     </span>
     <span class='ocr_line' id='line_1_67' title="bbox 920 2125 1619 2171; baseline -0.014 -8"><span class='ocrx_word' id='word_1_366' title='bbox 920 2132 986 2163; x_wconf 90' lang='lat' dir='ltr'>Sed</span> <span class='ocrx_word' id='word_1_367' title='bbox 1015 2132 1101 2161; x_wconf 83' lang='lat' dir='ltr'>male</span> <span class='ocrx_word' id='word_1_368' title='bbox 1126 2129 1260 2171; x_wconf 85' lang='lat' dir='ltr'>quidam</span> <span class='ocrx_word' id='word_1_369' title='bbox 1278 2128 1339 2158; x_wconf 86' lang='lat' dir='ltr'>sibi</span> <span class='ocrx_word' id='word_1_370' title='bbox 1363 2135 1561 2167; x_wconf 83' lang='lat' dir='ltr'>persuasere</span> <span class='ocrx_word' id='word_1_371' title='bbox 1578 2125 1619 2154; x_wconf 84' lang='lat' dir='ltr'>de</span> 
     </span>
     <span class='ocr_line' id='line_1_68' title="bbox 920 2175 1621 2212; baseline -0.011 0"><span class='ocrx_word' id='word_1_372' title='bbox 920 2182 998 2212; x_wconf 89' lang='lat' dir='ltr'>solis</span> <span class='ocrx_word' id='word_1_373' title='bbox 1013 2180 1156 2211; x_wconf 83' lang='lat' dir='ltr'>Athenis</span> <span class='ocrx_word' id='word_1_374' title='bbox 1169 2183 1239 2209; x_wconf 72' lang='lat' dir='ltr'>astu</span> <span class='ocrx_word' id='word_1_375' title='bbox 1254 2178 1301 2208; x_wconf 83' lang='lat' dir='ltr'>sic</span> <span class='ocrx_word' id='word_1_376' title='bbox 1316 2177 1469 2207; x_wconf 76' lang='lat' dir='ltr'>absolute</span> <span class='ocrx_word' id='word_1_377' title='bbox 1482 2175 1621 2205; x_wconf 74' lang='lat' dir='ltr'>dictum.</span> 
     </span>
     <span class='ocr_line' id='line_1_69' title="bbox 920 2225 1621 2267; baseline -0.011 -5"><span class='ocrx_word' id='word_1_378' title='bbox 920 2232 1011 2262; x_wconf 87' lang='lat' dir='ltr'>Nam</span> <span class='ocrx_word' id='word_1_379' title='bbox 1043 2231 1083 2260; x_wconf 83' lang='lat' dir='ltr'>(le</span> <span class='ocrx_word' id='word_1_380' title='bbox 1115 2230 1180 2260; x_wconf 84' lang='lat' dir='ltr'>alia</span> <span class='ocrx_word' id='word_1_381' title='bbox 1211 2227 1324 2267; x_wconf 83' lang='lat' dir='ltr'>quavis</span> <span class='ocrx_word' id='word_1_382' title='bbox 1352 2225 1434 2255; x_wconf 90' lang='lat' dir='ltr'>urbe</span> <span class='ocrx_word' id='word_1_383' title='bbox 1464 2225 1621 2264; x_wconf 84' lang='lat' dir='ltr'>exempla</span> 
     </span>
     <span class='ocr_line' id='line_1_70' title="bbox 921 2274 1623 2321; baseline -0.014 -9"><span class='ocrx_word' id='word_1_384' title='bbox 921 2285 1121 2321; x_wconf 78' lang='lat' dir='ltr'>suppetunt.</span> <span class='ocrx_word' id='word_1_385' title='bbox 1153 2279 1203 2308; x_wconf 92' lang='lat' dir='ltr'>De</span> <span class='ocrx_word' id='word_1_386' title='bbox 1218 2277 1337 2308; x_wconf 86' lang='lat' dir='ltr'>Mileto</span> <span class='ocrx_word' id='word_1_387' title='bbox 1356 2274 1525 2305; x_wconf 88' lang='lat' dir='ltr'>Herodot.</span> <span class='ocrx_word' id='word_1_388' title='bbox 1543 2283 1623 2314; x_wconf 84' lang='lat' dir='ltr'>pag.</span> 
     </span>
     <span class='ocr_line' id='line_1_71' title="bbox 922 2324 1622 2370; baseline -0.011 -8"><span class='ocrx_word' id='word_1_389' title='bbox 922 2334 952 2362; x_wconf 88' lang='lat' dir='ltr'>S.</span> <span class='ocrx_word' id='word_1_390' title='bbox 970 2331 1012 2361; x_wconf 87' lang='lat' dir='ltr'>de</span> <span class='ocrx_word' id='word_1_391' title='bbox 1030 2330 1200 2370; x_wconf 87' lang='lat' dir='ltr'>Lydorum</span> <span class='ocrx_word' id='word_1_392' title='bbox 1218 2327 1301 2357; x_wconf 89' lang='lat' dir='ltr'>urbe</span> <span class='ocrx_word' id='word_1_393' title='bbox 1324 2334 1400 2365; x_wconf 79' lang='lat' dir='ltr'>pag.</span> <span class='ocrx_word' id='word_1_394' title='bbox 1418 2327 1470 2355; x_wconf 78' lang='lat'>37.</span> <span class='ocrx_word' id='word_1_395' title='bbox 1497 2325 1540 2355; x_wconf 88' lang='lat' dir='ltr'>de</span> <span class='ocrx_word' id='word_1_396' title='bbox 1557 2324 1622 2365; x_wconf 89' lang='lat' dir='ltr'>Cy-</span> 
     </span>
     <span class='ocr_line' id='line_1_72' title="bbox 923 2376 1408 2412; baseline -0.012 -1"><span class='ocrx_word' id='word_1_397' title='bbox 923 2381 1012 2412; x_wconf 84' lang='lat' dir='ltr'>renis</span> <span class='ocrx_word' id='word_1_398' title='bbox 1026 2381 1058 2410; x_wconf 93' lang='lat' dir='ltr'>iu</span> <span class='ocrx_word' id='word_1_399' title='bbox 1075 2380 1140 2409; x_wconf 83' lang='lat' dir='ltr'>fine</span> <span class='ocrx_word' id='word_1_400' title='bbox 1156 2377 1214 2408; x_wconf 90' lang='lat' dir='ltr'>lib.</span> <span class='ocrx_word' id='word_1_401' title='bbox 1233 2385 1283 2407; x_wconf 86' lang='grc' dir='ltr'>Χῐ.</span> <span class='ocrx_word' id='word_1_402' title='bbox 1310 2376 1408 2406; x_wconf 81' lang='lat' dir='ltr'>Idem.</span> 
     </span>
    </p>

    <p class='ocr_par' dir='ltr' id='par_1_20' title="bbox 924 2425 1623 2568">
     <span class='ocr_line' id='line_1_73' title="bbox 965 2425 1622 2467; baseline -0.011 -6"><span class='ocrx_word' id='word_1_403' title='bbox 965 2436 978 2451; x_wconf 77' lang='lat' dir='ltr'>c</span> <span class='ocrx_word' id='word_1_404' title='bbox 1000 2430 1147 2467; x_wconf 74' lang='lat' dir='ltr'>Astutus,</span> <span class='ocrx_word' id='word_1_405' title='bbox 1175 2430 1244 2458; x_wconf 79' lang='lat' dir='ltr'>arte</span> <span class='ocrx_word' id='word_1_406' title='bbox 1269 2425 1371 2465; x_wconf 83' lang='lat' dir='ltr'>tutus]</span> <span class='ocrx_word' id='word_1_407' title='bbox 1398 2425 1477 2457; x_wconf 89' lang='lat' dir='ltr'>Non</span> <span class='ocrx_word' id='word_1_408' title='bbox 1508 2428 1622 2455; x_wconf 87' lang='lat' dir='ltr'>recte:</span> 
     </span>
     <span class='ocr_line' id='line_1_74' title="bbox 924 2476 1623 2517; baseline -0.01 -5"><span class='ocrx_word' id='word_1_409' title='bbox 924 2482 1042 2513; x_wconf 83' lang='lat' dir='ltr'>melius</span> <span class='ocrx_word' id='word_1_410' title='bbox 1060 2480 1101 2510; x_wconf 90' lang='lat' dir='ltr'>ab</span> <span class='ocrx_word' id='word_1_411' title='bbox 1119 2483 1191 2510; x_wconf 81' lang='lat' dir='ltr'>astu</span> <span class='ocrx_word' id='word_1_412' title='bbox 1209 2478 1344 2509; x_wconf 82' lang='lat' dir='ltr'>dictus:</span> <span class='ocrx_word' id='word_1_413' title='bbox 1365 2481 1400 2508; x_wconf 86' lang='lat' dir='ltr'>ut</span> <span class='ocrx_word' id='word_1_414' title='bbox 1419 2476 1517 2517; x_wconf 88' lang='lat' dir='ltr'>paulo</span> <span class='ocrx_word' id='word_1_415' title='bbox 1534 2481 1623 2506; x_wconf 83' lang='lat' dir='ltr'>ante.</span> 
     </span>
     <span class='ocr_line' id='line_1_75' title="bbox 924 2531 1104 2568; baseline -0.011 -6"><span class='ocrx_word' id='word_1_416' title='bbox 924 2531 1003 2562; x_wconf 74' lang='lat' dir='ltr'>Ant.</span> <span class='ocrx_word' id='word_1_417' title='bbox 1020 2531 1104 2568; x_wconf 77' lang='lat' dir='ltr'>Aug.</span> 
     </span>
    </p>

    <p class='ocr_par' dir='ltr' id='par_1_21' title="bbox 927 2575 1626 2763">
     <span class='ocr_line' id='line_1_76' title="bbox 969 2575 1624 2619; baseline -0.011 -8"><span class='ocrx_word' id='word_1_418' title='bbox 969 2579 1115 2619; x_wconf 79' lang='lat' dir='ltr'>Astutus]</span> <span class='ocrx_word' id='word_1_419' title='bbox 1138 2578 1218 2610; x_wconf 75' lang='lat' dir='ltr'>Arte</span> <span class='ocrx_word' id='word_1_420' title='bbox 1233 2581 1329 2609; x_wconf 77' lang='lat' dir='ltr'>tutus.</span> <span class='ocrx_word' id='word_1_421' title='bbox 1374 2576 1438 2607; x_wconf 89' lang='lat' dir='ltr'>Sed</span> <span class='ocrx_word' id='word_1_422' title='bbox 1453 2575 1624 2616; x_wconf 87' lang='lat' dir='ltr'>quodjam</span> 
     </span>
     <span class='ocr_line' id='line_1_77' title="bbox 927 2627 1625 2671; baseline -0.009 -10"><span class='ocrx_word' id='word_1_423' title='bbox 927 2640 1026 2671; x_wconf 86' lang='lat' dir='ltr'>supra</span> <span class='ocrx_word' id='word_1_424' title='bbox 1044 2630 1085 2660; x_wconf 86' lang='lat' dir='ltr'>de</span> <span class='ocrx_word' id='word_1_425' title='bbox 1102 2634 1176 2660; x_wconf 84' lang='lat' dir='ltr'>astu</span> <span class='ocrx_word' id='word_1_426' title='bbox 1192 2628 1319 2659; x_wconf 85' lang='lat' dir='ltr'>dictum</span> <span class='ocrx_word' id='word_1_427' title='bbox 1332 2631 1397 2665; x_wconf 88' lang='lat' dir='ltr'>est,</span> <span class='ocrx_word' id='word_1_428' title='bbox 1414 2627 1496 2656; x_wconf 84' lang='lat' dir='ltr'>satis</span> <span class='ocrx_word' id='word_1_429' title='bbox 1511 2631 1625 2657; x_wconf 76' lang='lat' dir='ltr'>osten-</span> 
     </span>
     <span class='ocr_line' id='line_1_78' title="bbox 927 2680 1626 2721; baseline -0.009 -8"><span class='ocrx_word' id='word_1_430' title='bbox 927 2682 978 2713; x_wconf 88' lang='lat' dir='ltr'>dit</span> <span class='ocrx_word' id='word_1_431' title='bbox 996 2681 1133 2712; x_wconf 86' lang='lat' dir='ltr'>Festum</span> <span class='ocrx_word' id='word_1_432' title='bbox 1149 2680 1480 2721; x_wconf 75' lang='lat' dir='ltr'>scripsisse‚astutus‚</span> <span class='ocrx_word' id='word_1_433' title='bbox 1495 2680 1564 2708; x_wconf 75' lang='lat' dir='ltr'>astu</span> <span class='ocrx_word' id='word_1_434' title='bbox 1577 2680 1626 2707; x_wconf 85' lang='lat' dir='ltr'>tu-</span> 
     </span>
     <span class='ocr_line' id='line_1_79' title="bbox 928 2732 1099 2763; baseline -0.006 -1"><span class='ocrx_word' id='word_1_435' title='bbox 928 2735 989 2763; x_wconf 77' lang='lat' dir='ltr'>tus.</span> <span class='ocrx_word' id='word_1_436' title='bbox 1013 2732 1099 2762; x_wconf 86' lang='lat' dir='ltr'>Dae.</span> 
     </span>
    </p>
   </div>
  </div>
 </body>
</html>
