1835 2906
179 103 205 142 8
781 112 981 142 DACERH

177 220 321 262 pauca
349 207 503 248 alienae
534 206 767 259 diligentiae
800 207 963 260 reliqua
997 206 1177 247 fecisset
1207 207 1245 247 si
1275 210 1608 253 emendatiorem

178 275 371 316 codicem
392 278 547 315 nactus
569 279 698 315 esset.
759 274 894 315 Hunc
924 279 1097 316 secutus
1122 274 1313 316 Illustris
1333 281 1376 316 et
1398 277 1450 318 de
1469 278 1607 320 literis

177 343 341 395 optime
363 342 538 382 meritus
561 341 740 382 Fulvius
764 341 960 390 Ursinus,
983 341 1058 394 qui
1079 355 1175 382 cum
1193 341 1353 383 videret
1370 343 1607 385 Antonium

175 408 468 461 Augustinum
505 408 820 450 Farnesianum
850 409 1066 458 codicem,
1107 409 1223 450 unde
1254 409 1493 462 fragmenta
1527 425 1609 452 sua

176 475 478 529 descripserat,
493 476 634 516 minus
651 476 874 528 diligenter
891 480 1112 524 tractasse,
1130 481 1172 517 et
1190 477 1235 516 in
1252 490 1305 517 eo
1321 477 1606 519 describendo

175 543 311 582 multa
331 543 606 596 praeteriisse,
619 543 803 584 eundem
824 547 865 584 et
885 543 981 596 ipse
997 543 1212 597 inspicere
1233 544 1389 585 voluit.
1449 544 1607 599 Itaque

174 622 272 649 cum
303 622 379 650 eas
409 609 613 663 reliquias
642 611 684 650 ei
714 610 925 651 arbitratu
956 623 1038 651 suo
1068 610 1227 652 habere
1257 611 1421 661 liceret,
1454 625 1608 653 omnes

172 680 300 718 notas
320 682 363 718 et
379 677 532 730 apices
553 680 754 718 accurate
777 682 966 726 secutus,
984 683 1025 718 et
1045 678 1146 718 aliis
1168 691 1275 719 usus
1296 679 1487 728 auxiliis,
1507 692 1607 732 quae

173 742 368 786 divinare
397 757 484 784 non
516 756 768 797 possumus,
800 743 920 785 brevi
961 744 1119 786 Romae
1154 745 1311 786 librum
1350 746 1608 799 publicavit,

173 811 249 862 qui
266 811 446 865 reliquis
465 812 665 851 omnibus
686 812 850 852 auctior
866 816 908 852 et
927 812 1197 853 emendatior
1215 826 1226 863 ;
1257 816 1300 853 et
1318 812 1434 853 unde
1454 817 1608 866 postea

170 882 427 931 propagatae
448 891 596 919 omnes
624 878 856 928 editiones,
889 878 965 919 ubi
995 892 1150 931 magna
1178 891 1235 919 ex
1265 884 1392 932 parte
1428 881 1608 933 supple·

172 948 228 985 tae
249 944 434 986 lacunae.

226 1011 374 1066 Atque
394 1012 492 1054 haec
512 1012 566 1053 de
588 1012 711 1053 Festi
733 1012 937 1067 Pompeii
968 1013 1102 1054 variis
1132 1014 1306 1055 casibus
1336 1014 1392 1055 ad
1411 1018 1606 1055 nostram

171 1082 342 1119 aetatem
371 1080 459 1121 dici
481 1083 676 1134 potuere.
735 1079 866 1122 Nunc
880 1081 1084 1135 quaedam
1109 1081 1389 1135 subjicienda
1409 1095 1485 1123 cur
1505 1087 1607 1135 post

170 1149 318 1187 tantos
338 1148 458 1188 viros
479 1161 547 1188 me
565 1148 806 1201 expugnari
828 1161 990 1203 passus
1011 1162 1105 1190 sum
1135 1153 1184 1190 ut
1204 1149 1388 1190 eundem
1409 1149 1606 1190 laborem

168 1214 435 1265 aggrederer.

225 1281 340 1322 Sane
380 1282 635 1336 priusquam
673 1295 783 1323 onus
812 1282 1016 1332 subirem,
1050 1282 1227 1324 Horatii
1262 1283 1447 1324 consilio
1482 1294 1604 1331 usus,

168 1347 274 1400 quid
293 1348 501 1399 valerent,
523 1353 564 1390 et
589 1349 694 1402 quid
722 1349 831 1390 ferre
858 1355 1110 1390 recusarent
1136 1350 1313 1398 humeri,
1342 1349 1418 1389 diu
1436 1349 1605 1389 sedulo-

168 1428 253 1467 que
293 1417 477 1457 versavi.
539 1416 628 1456 Sed
663 1416 795 1457 etiam
835 1416 874 1457 si
914 1429 985 1457 me
1023 1418 1231 1470 imparem
1267 1417 1604 1468 cognoscebam,

165 1495 253 1522 non
276 1482 373 1523 ideo
394 1487 634 1535 praesumta
660 1483 960 1537 desperatione
981 1485 1173 1525 animum
1207 1484 1383 1525 omnino
1415 1483 1603 1536 despon-

166 1549 223 1588 di.
302 1549 417 1590 Mihi
455 1550 632 1603 quidem
674 1550 859 1592 arduum
897 1552 1039 1591 visum
1084 1555 1154 1591 est
1195 1550 1396 1604 perficere
1432 1555 1602 1591 tantum

165 1629 292 1669 opus,
332 1617 449 1670 quod
478 1618 584 1659 tanti
608 1617 687 1658 viri
717 1630 802 1659 non
832 1618 1137 1671 perfecissent,
1168 1618 1247 1658 sed
1277 1631 1328 1658 eo
1356 1619 1455 1671 ipso
1487 1618 1604 1671 quod

167 1683 276 1724 tanti
296 1684 378 1724 viri
408 1697 493 1725 non
525 1684 824 1737 perfecissent,
855 1685 954 1725 inde
983 1684 1086 1725 mihi
1116 1684 1223 1725 illud
1253 1684 1449 1725 tentandi
1470 1684 1605 1725 confi-

164 1748 308 1790 dentia
337 1754 438 1792 nata
465 1756 546 1791 est.
608 1752 828 1793 Praeterea
858 1765 958 1793 cum
987 1752 1125 1792 multa
1154 1752 1196 1792 in
1226 1751 1309 1792 hoc
1339 1752 1440 1804 ipso
1472 1764 1603 1804 opere

163 1816 344 1858 vidisset
381 1817 594 1870 Scaliger,
629 1831 729 1871 quae
766 1832 818 1859 ne
859 1819 1033 1872 quidem
1086 1819 1361 1859 suboluerant
1409 1817 1603 1860 Antonio

164 1881 429 1936 Augustino,
470 1885 612 1925 multa
653 1884 840 1926 Fulvius
883 1884 1071 1925 Ursinus
1112 1898 1212 1938 quae
1252 1886 1522 1937 Scaligerum
1558 1890 1603 1927 et

162 1950 453 2003 Augustinum
473 1952 705 2002 latuerant,
728 1957 774 1993 et
794 1952 934 1993 adhuc
955 1952 1091 1992 multa
1113 1958 1401 2005 superessent,
1417 1966 1514 2005 quae
1531 1965 1604 1992 ne·

163 2031 248 2071 que
270 2017 429 2059 Fulvio
450 2018 626 2068 Ursino,
646 2032 785 2073 neque
799 2020 1037 2073 Scaligero,
1058 2032 1197 2073 neque
1213 2018 1410 2060 Antonio
1432 2018 1603 2072 Augus-

161 2085 251 2125 tino
272 2085 316 2125 in
337 2089 520 2126 mentem
540 2086 778 2135 venissent,
810 2086 914 2127 mihi
945 2087 1147 2127 continuo
1178 2085 1233 2126 ad
1253 2085 1602 2126 exhortationem

163 2153 389 2203 succurrit,
421 2156 434 2174 ‘
451 2166 540 2193 non
560 2166 717 2207 capere
736 2153 780 2194 id
801 2167 941 2195 rerum
971 2158 1180 2204 naturam,
1210 2157 1258 2194 ut
1284 2152 1494 2206 quicquid
1513 2165 1602 2193 non

162 2223 230 2258 est
249 2219 412 2260 factum
434 2233 483 2260 ne
503 2220 594 2261 fieri
616 2221 790 2274 quidem
808 2220 980 2274 possit?
1038 2220 1287 2261 Arbitratus
1323 2233 1417 2260 sum
1448 2220 1600 2272 itaque

160 2298 236 2338 per
256 2286 418 2327 multos
438 2288 617 2329 labores
637 2289 882 2342 multasque
897 2289 1072 2342 vigilias
1092 2288 1185 2329 fieri
1203 2301 1346 2341 posse,
1363 2291 1409 2327 ut
1427 2286 1601 2339 fastigia

161 2352 365 2405 quaedam
387 2353 590 2395 adderem
607 2354 961 2397 doctissimorum
981 2356 1171 2397 virorum
1193 2355 1396 2396 inventiS.
1458 2353 1601 2407 quue

160 2419 264 2459 mihi
293 2419 469 2460 facilius
499 2422 701 2474 persuasi
733 2435 833 2463 cum
862 2436 906 2463 re
937 2424 1039 2476 ipsa
1068 2426 1278 2476 expertus
1309 2434 1402 2462 sum
1434 2434 1504 2462 me
1543 2433 1600 2461 ex

159 2486 414 2539 conjectura
434 2488 568 2529 multa
597 2490 851 2540 restituisse,
882 2504 983 2544 quae
1013 2490 1115 2530 mihi
1137 2489 1293 2530 deinde
1315 2488 1500 2529 Schedae
1523 2501 1601 2541 ap-

159 2554 464 2605 probaverunt.
524 2555 679 2609 Neque
702 2571 782 2610 ego
802 2558 883 2599 hoc
905 2558 1005 2599 dico
1025 2558 1109 2598 mei
1134 2556 1330 2610 jactandi
1351 2567 1501 2604 causa,
1522 2556 1599 2608 qui

160 2632 255 2660 sum
269 2621 323 2661 ab
339 2621 456 2662 omni
467 2621 706 2675 jactatione
719 2624 1028 2676 alienissimus,
1039 2629 1082 2667 et
1096 2623 1301 2678 ingenioli
1314 2622 1397 2664 mei
1411 2621 1597 2664 tenuita-
