1835 2906
330 263 899 323 ,IOHANNIS
990 260 1455 321 CLERICI

481 420 564 461 DE
594 418 905 462 EDITIONE
935 416 1314 460 DACERIANA

623 562 655 592 A
677 562 732 592 SE
755 559 960 592 AUCTIUS
982 559 1162 591 RECUSA

439 695 912 744 ADMONITIO
968 691 1342 742 LECTORI.

183 972 312 1032 CUM
343 990 650 1032 statuissemus
675 989 881 1030 recudere
905 988 1201 1028 Parisiensem
1223 986 1470 1028 Editionem
1492 986 1624 1026 Pom·

183 1059 275 1111 peii
298 1058 437 1107 Festi,
458 1057 611 1098 moniti
632 1069 781 1096 sumus
799 1056 841 1096 ei
862 1055 1068 1095 nonnulla
1083 1054 1248 1102 deesse,
1266 1066 1364 1107 quae
1388 1053 1427 1093 si
1444 1052 1623 1106 supple-

182 1130 337 1173 rentur,
360 1125 589 1165 Lectorum
618 1123 775 1164 usibus
803 1121 1175 1163 accommodatior
1196 1121 1342 1161 futura
1362 1120 1457 1161 haec
1477 1123 1627 1159 nostra

187 1191 336 1232 Editio
361 1192 601 1232 videbatur.
663 1190 856 1230 Primum
880 1190 1060 1229 deerant
1078 1192 1193 1229 notae
1215 1189 1386 1240 integrae
1407 1187 1488 1228 viri
1510 1198 1628 1226 sum-

186 1260 247 1299 mi
277 1259 376 1300 Jos.
412 1258 640 1310 Scaligeri,
679 1270 790 1311 quas
821 1260 1064 1297 contractas
1095 1255 1191 1295 suis
1221 1255 1518 1296 admiscuerat
1548 1252 1629 1292 Vir

189 1326 471 1367 Clarissimus
494 1325 607 1365 And.
630 1325 863 1372 Dacerius,
896 1325 1156 1376 plerumque
1178 1322 1354 1375 quidem
1378 1320 1530 1361 addito
1550 1332 1630 1359 no-

187 1393 301 1432 mine
342 1393 567 1444 Scaligeri‚
610 1391 686 1431 sed
718 1394 759 1431 et
797 1389 1016 1430 interdum
1059 1389 1240 1429 omisso.
1299 1389 1388 1428 Eas
1425 1388 1633 1438 integras,

190 1464 321 1512 atque
356 1459 553 1512 subjecto
591 1461 841 1499 constanter
876 1456 1112 1509 Scriptoris
1147 1456 1336 1505 nomine,
1368 1454 1439 1495 edi
1461 1455 1533 1494 hic
1561 1467 1634 1495 cu-

193 1527 403 1567 ravimus.
464 1526 679 1575 Secundo,
702 1524 814 1565 idem
832 1524 1114 1577 praestitimus
1134 1524 1178 1564 in
1199 1524 1316 1564 notis
1335 1521 1443 1563 Ant.
1459 1522 1634 1574 Augus-

192 1594 271 1633 tini
302 1597 344 1634 et
375 1593 522 1634 Fulvii
553 1592 720 1642 Ursini,
752 1605 864 1645 quas
895 1592 1051 1632 deesse
1081 1591 1214 1631 etiam
1244 1590 1517 1638 videbamus,
1554 1588 1636 1628 nisi

194 1673 344 1701 earum
377 1660 516 1700 obiter
554 1660 820 1700 meminisset
859 1659 1092 1700 Dacerius.
1154 1658 1349 1710 Scaliger
1386 1656 1563 1710 quidem
1595 1659 1638 1695 et

195 1727 471 1778 Augustinus
486 1726 677 1767 nondum
692 1726 890 1767 viderant
905 1725 1213 1776 Fragmentum
1231 1723 1375 1775 Festi3
1400 1723 1477 1763 sed
1494 1726 1639 1763 tamen

194 1793 446 1832 felicissime
463 1793 641 1832 lacunas
663 1793 980 1846 exemplarium
1002 1804 1178 1832 suorum
1200 1789 1383 1831 subinde
1408 1789 1641 1842 suppleve-

198 1872 256 1909 re,
278 1859 525 1911 praesertim
548 1858 765 1910 Scaliger3
798 1871 825 1899 a
845 1871 929 1910 quo
949 1858 1051 1897 ideo
1073 1858 1317 1910 inspectum
1338 1857 1640 1908 fragmentum,

198 1924 398 1978 quamvis
434 1923 731 1973 dissimularit,
767 1924 884 1964 fuere
920 1925 997 1977 qui
1033 1923 1302 1964 crediderint.
1362 1922 1567 1964 Attamen
1598 1925 1642 1961 et

201 1991 416 2031 interdum
438 1991 493 2031 ab
513 1990 610 2043 ejus
632 1991 817 2031 vocibus
839 1990 943 2039 abit,
963 1991 1024 2030 ita
1044 1993 1187 2030 tamen
1208 1995 1255 2030 ut
1276 1990 1313 2030 si
1329 1990 1497 2029 aberret
1516 1988 1641 2028 docte

203 2058 379 2098 omnino
418 2056 722 2106 hallucinetur‚
764 2060 807 2097 et
846 2057 964 2097 lectu
1010 2057 1066 2096 sit
1104 2056 1401 2108 dignissimus.
1478 2055 1641 2101 Tertio,

206 2125 514 2176 Fragmentum
528 2126 572 2164 et
586 2123 796 2173 Schedas,
810 2136 910 2164 cum
929 2124 1093 2164 notulis
1109 2123 1209 2164 Ful.
1225 2123 1391 2171 Ursini,
1414 2122 1643 2175 subjunxi-

207 2204 317 2240 mus,
336 2194 383 2230 ut
403 2202 430 2230 a
451 2190 711 2231 Lectoribus
738 2194 925 2243 possent
947 2203 1044 2230 cum
1065 2189 1365 2242 superioribus
1386 2189 1645 2241 comparari.

208 2256 403 2297 Tametsi
422 2256 534 2297 enim
557 2270 615 2297 ex
635 2257 690 2297 iis
711 2257 929 2310 suppletae
953 2257 1043 2297 sint
1067 2257 1238 2297 lacunae
1270 2256 1406 2304 Festi,
1439 2255 1644 2296 nonnulla

212 2323 448 2363 etiamnum
470 2327 568 2363 sunt
588 2336 686 2376 quae
703 2323 747 2363 in
764 2337 815 2364 eo
833 2336 920 2363 non
934 2327 1198 2376 comparent,
1213 2327 1258 2362 et
1278 2334 1376 2375 quae
1396 2321 1645 2362 intercidere

214 2389 476 2441 negligentia
495 2394 646 2431 nostra
672 2390 797 2431 nefas
824 2390 1040 2431 duximus.
1100 2389 1216 2430 Haec
1247 2389 1301 2429 de
1330 2389 1412 2429 hac
1445 2387 1645 2428 Editione

215 2455 430 2496 monenda
449 2455 732 2507 habebamus,
750 2457 807 2497 ad
826 2469 924 2510 quae
944 2456 1028 2496 hoc
1042 2468 1173 2495 unum
1187 2455 1395 2506 accedet3
1427 2454 1647 2494 innumera

217 2522 373 2562 menda
398 2521 764 2576 Typothetarum,
797 2536 898 2578 quae
925 2523 967 2563 in
1002 2522 1245 2562 Editionem
1276 2521 1567 2563 parisiensem
1594 2522 1650 2562 ir«

220 2593 457 2642 repserant,
476 2602 529 2630 ex
554 2589 632 2630 hac
656 2590 791 2632 fuisse
809 2590 1036 2643 diligenter
1057 2589 1246 2630 sublata.
1279 2588 1404 2629 Vale,
