1835 2906
267 143 324 185 98

715 154 862 186 SEX'rl
897 155 1094 186 POMPEI!
1130 154 1265 186 FESTI

268 249 529 299 Atticissat,⁰
549 248 699 291 Attice
720 250 926 304 loquitur.
967 250 1182 292 Plautus:
1204 262 1290 292 non
1307 249 1559 303 Atticissat‚
1585 252 1711 294 sed¹⁶

325 317 577 359 Sicilissat:
608 317 654 358 id
677 322 761 368 est,
786 318 933 360 Sicule
948 318 1157 373 loquitur.

267 385 448 437 Attinge
463 389 497 415 ¹7
511 390 528 414 Ρ
549 398 630 438 pro
651 385 859 438 attingam
884 399 1082 440 posuere.

265 450 512 501 ΑυῡΕΤΑ,’ἶ
533 463 655 505 saepe
675 459 819 495 aucta.

266 517 555 560 Auctariumr
587 519 795 561 dicebant
826 521 1013 575 antiqui,
1036 522 1155 576 quod
1189 533 1324 574 supra
1353 533 1601 562 mensuram
1631 520 1706 560 vel

320 586 495 639 pondus
534 585 707 639 justum
750 587 1070 642 adjiciebatur:
1113 595 1165 631 ut
1206 589 1405 629 cumulus
1444 591 1628 629 vocatur
1666 588 1711 627 iu

320 653 485 694 modio.

264 718 460 761 Auctors
482 721 727 762 communis
748 721 918 774 generis
945 722 1060 776 apud
1082 723 1299 776 antiquos.

262 784 481 829 Auctumt
503 788 742 829 vocabatur
776 789 968 841 spatium
997 790 1118 841 circi,
1157 790 1276 845 quod
1309 801 1442 843 supra
1476 786 1706 829 definitum

319 855 500 896 modum
521 856 720 896 victoriae
740 855 1005 909 adjungitur.

869 965 1108 978 aeoeN‘me‘e

305 1029 346 1058 16
371 1027 531 1066 Quidam,
548 1032 636 1059 teste
653 1028 741 1060 Scal.
757 1030 941 1071 conjiciunt
957 1034 1157 1062 verum—17
1176 1030 1186 1048 ‘
1202 1030 1396 1069 Legendum
1421 1030 1610 1069 Attingem:
1635 1039 1714 1069 quo-

262 1070 362 1100 modo
378 1070 480 1102 babet
498 1071 534 1102 L.
551 1071 604 1101 m.'
621 1072 712 1104 Fulv.
730 1073 839 1105 Ursin.
885 1074 1110 1105 Scribendum
1125 1081 1239 1106 mouet
1255 1075 1344 1106 Scal.
1359 1074 1536 1114 Attingem,
1550 1073 1716 1112 attingam.

917 1181 1059 1213 NOTAE

304 1257 318 1271 ⁰
341 1251 525 1293 Atticissat]
570 1254 686 1286 Plaut.
725 1254 758 1285 in
790 1254 959 1286 Menaecli.

261 1303 340 1333 Ant.
356 1304 441 1343 Aug.

303 1353 490 1393 Atticissat]
532 1354 641 1385 Locus
682 1355 797 1387 Plauti
837 1360 889 1386 est
928 1356 960 1387 in

259 1403 352 1435 Prol.
370 1404 538 1435 Menaech.
562 1405 630 1435 Sed
647 1405 693 1436 ibi
709 1415 775 1436 non
790 1405 962 1446 Sicilissat‚

259 1459 298 1485 ut
321 1455 388 1494 hic,
414 1455 473 1485 sed
498 1455 689 1486 siccus-sicat.
717 1456 856 1497 ‘Atque
878 1457 962 1487 adeo

259 1504 324 1535 hoc
360 1510 597 1545 argumentum
628 1506 815 1545 graecissat,
847 1512 961 1538 tamen

258 1555 338 1587 Non
376 1556 558 1595 atticissat,
587 1567 704 1589 verum
744 1558 963 1590 sicelissitat.'

257 1605 340 1637 Dae.

300 1660 316 1680 Ρ
328 1655 480 1697 Attinge]
496 1657 606 1689 Locus
615 1659 796 1690 mendosus
810 1670 818 1690 τ
836 1660 961 1701 scribe,

256 1704 435 1746 Attingem,
462 1708 630 1748 attingam.
665 1709 755 1741 Nam
780 1709 958 1750 Afflngeo,

257 1756 419 1788 claudeo:
445 1762 479 1788 et
496 1758 700 1800 Attingebo,
715 1760 894 1796 claudebo,
912 1761 959 1791 vi-

256 1806 356 1845 vebo,
381 1806 551 1840 dicebant.
589 1809 678 1841 Vide
705 1810 865 1842 Nonium.
888 1812 958 1842 Jos.

254 1854 339 1888 Scal.

298 1905 449 1946 Attinge]
484 1907 642 1939 Correxit
669 1909 835 1949 Scaliger,
859 1910 957 1941 attin·

252 1963 337 1993 gem,
353 1956 521 1995 attingam.
547 1957 592 1987 Et
608 1957 657 1988 ita
675 1958 707 1987 in
723 1957 809 1989 libro
828 1959 957 1989 Ursini.

256 2003 354 2035 Idem
375 2014 470 2036 error
489 2006 523 2036 in
550 2016 634 2038 voce
656 2007 782 2047 recipie.
821 2008 957 2040 Quinti-

253 2054 335 2086 lian.
352 2055 408 2086 lib.
428 2065 454 2087 1.
469 2065 544 2096 cap.
559 2059 589 2088 7.
626 2058 636 2074 ⁴
651 2058 765 2090 Quid?
790 2067 855 2088 non
870 2058 958 2089 Cato

256 2103 439 2135 Censorius
457 2105 566 2137 dicam
590 2110 626 2137 et
648 2106 783 2145 faciam,
799 2107 907 2138 dicem
924 2114 959 2140 et

255 2152 394 2194 faciem,
407 2155 567 2196 scripsit?
592 2156 807 2198 eundemque
821 2157 853 2188 in
868 2164 961 2189 cete·

254 2204 299 2234 ris
315 2215 390 2245 quae
422 2206 577 2237 similiter
601 2207 729 2238 cadunt
750 2207 886 2238 modum
909 2212 960 2238 te-

255 2255 349 2285 nuit?
375 2256 465 2295 quod
493 2260 528 2287 et
553 2266 595 2287 ex
620 2256 794 2287 veteribus
818 2257 890 2297 ejus
916 2257 955 2287 li-

254 2302 325 2333 bris
342 2304 556 2336 manifestum
573 2309 637 2344 est,
652 2311 687 2336 et
704 2315 723 2336 a
747 2306 895 2337 Messala
922 2306 955 2336 in

253 2352 340 2383 libro
354 2354 397 2384 de
413 2364 428 2384 s
444 2355 544 2386 litera
560 2355 732 2395 positum.’
760 2357 841 2387 Dae.

297 2407 312 2428 ‘¹
336 2404 472 2443 Auceta]
493 2405 532 2435 In
557 2406 643 2436 Mss.
666 2410 741 2437 erat
756 2410 878 2446 ducatu,
895 2416 955 2437 un·

253 2452 298 2483 de
322 2452 536 2485 doctissimus
553 2455 693 2487 Vossius
719 2457 804 2497 legit
829 2460 956 2488 auctam

254 2502 297 2533 ab
326 2507 464 2542 auctare,
495 2505 518 2535 i.
544 2505 642 2546 Saepe
671 2516 809 2548 augere,
840 2505 955 2537 forsan

253 2552 369 2592 nutrita,
392 2553 424 2583 id
455 2558 521 2591 est,
545 2560 656 2595 aucta,
686 2562 724 2588 ut
755 2568 773 2588 a
801 2557 810 2573 ‘
828 2557 957 2593 caveo,’

251 2603 261 2618 ‘
279 2602 441 2641 cautum‚'
458 2609 494 2635 et
510 2605 520 2621 ‘
537 2605 712 2646 cavitum,'
728 2607 818 2638 unde
846 2607 855 2624 ‘
868 2606 957 2638 cavi-

253 2651 362 2682 tiones
379 2651 386 2664 ’
411 2652 532 2692 Fest0;
558 2654 606 2684 sic
624 2655 666 2685 ab
682 2657 691 2671 ⁴
706 2656 837 2697 augeo,'
855 2656 864 2673 ‘
877 2666 956 2689 auc-

253 2705 325 2733 tum
340 2701 348 2716 '
366 2706 402 2734 et
416 2703 426 2722 ‘
445 2703 620 2737 aucitum.’
644 2705 741 2738 Idem.

1058 1261 1070 1277 Υ
1085 1256 1287 1296 Auctarium]
1303 1256 1419 1287 Plaut.
1437 1256 1584 1286 Mercat.
1602 1255 1611 1271 ‘
1627 1253 1717 1285 Auc-

1017 1308 1161 1338 tuarium
1178 1307 1333 1347 Adjicito
1358 1306 1411 1336 vel
1438 1306 1528 1336 mille
1545 1314 1716 1335 nummum

1016 1358 1191 1399 plusquam
1210 1357 1354 1398 poscet.’
1386 1357 1499 1388 Gloss.
1522 1357 1530 1373 ‘
1548 1357 1716 1387 auctuari-

1018 1418 1086 1449 um,
1102 1407 1284 1449 ἐπίμετρον.’
1308 1408 1391 1449 Leg.
1408 1407 1593 1438 auctarium.
1604 1406 1713 1436 Idem.

1061 1463 1072 1478 ⁸
1095 1458 1231 1498 Auctor]
1270 1458 1361 1490 Juno
1396 1457 1487 1498 apud
1522 1456 1716 1496 Virgilium,

1018 1509 1026 1525 ‘
1044 1508 1174 1539 Auctor
1188 1518 1251 1548 ego
1268 1507 1437 1539 audeudi.’
1472 1507 1593 1547 Neque
1610 1506 1716 1536 solum

1016 1557 1161 1597 Auctor,
1186 1559 1243 1589 sed
1273 1563 1308 1589 et
1333 1558 1395 1588 alia
1423 1557 1583 1597 pleraque
1605 1556 1717 1586 omnia

1016 1608 1179 1639 verbalia.
1216 1607 1359 1639 Ovidius
1373 1618 1383 1638 ε
1412 1608 1421 1624 ‘
1437 1606 1586 1647 Sponsor
1602 1605 1717 1645 conju-

1014 1658 1059 1698 gii
1075 1663 1144 1689 stat
1160 1659 1239 1689 Dea
1255 1658 1348 1698 picta
1364 1656 1437 1687 sui.’
1471 1655 1538 1687 Sed
1552 1655 1630 1696 quid
1645 1655 1716 1685 lon-

1014 1707 1139 1748 ginqua
1151 1707 1403 1749 conquirimus?
1421 1707 1510 1737 Ecce
1523 1705 1622 1736 obvia
1631 1714 1717 1736 sem·

1014 1767 1076 1798 per
1092 1767 1157 1789 vox
1176 1758 1272 1789 Uxor
1299 1762 1351 1789 est
1378 1756 1544 1788 foeminini
1569 1755 1715 1796 generis.

1013 1807 1134 1839 Unxor
1165 1808 1344 1839 dicendum
1381 1811 1468 1846 erat,
1493 1815 1555 1846 pro
1582 1810 1716 1836 unctor.

1012 1858 1188 1897 Ejusmodi
1212 1858 1301 1888 enim
1323 1862 1421 1888 erant
1446 1855 1598 1887 verbalia
1622 1855 1713 1896 apud

1013 1908 1188 1946 Veteres;
1221 1917 1318 1947 uxor,
1343 1917 1403 1947 pro
1436 1911 1581 1944 unctor;
1603 1906 1714 1945 pacio,

1013 1966 1075 1996 pro
1092 1958 1228 1997 pactio:
1256 1957 1301 1988 ita
1318 1957 1413 1988 dicta
1428 1961 1493 1994 est,
1517 1955 1595 1996 quia
1611 1954 1712 1995 adipe

1013 2006 1130 2045 lupino
1158 2011 1272 2046 postes
1298 2005 1378 2036 novi
1409 2005 1521 2036 mariti
1559 2010 1713 2043 ungeret.

1011 2056 1077 2086 Sed
1102 2061 1137 2086 et
1154 2056 1329 2096 AEscliylus
1352 2054 1455 2093 τύχην
1479 2053 1603 2092 σωτῆρα
1629 2053 1716 2083 dixit

1014 2105 1047 2134 in
1064 2104 1318 2144 Agamemnone
1334 2115 1341 2134 :
1365 2103 1451 2143 τύχη
1472 2103 1505 2134 δὲ
1524 2102 1628 2143 σωτὴρ
1643 2115 1714 2133 ναυ-

1015 2155 1162 2186 στολοῦσ’
1186 2154 1324 2195 ἐφέζετο.
1360 2154 1459 2187 Quod
1483 2163 1563 2185 sane
1580 2154 1714 2185 silentio

1014 2206 1292 2246 praetereundum
1309 2214 1373 2236 non
1388 2209 1472 2235 erat.
1494 2205 1562 2236 Jos.
1577 2204 1661 2235 Scal.

1055 2255 1192 2296 Auctor]
1215 2255 1307 2287 Juno
1335 2253 1426 2294 apud
1450 2254 1545 2293 virg.
1573 2262 1644 2284 xri.
1660 2253 1714 2284 ΙΕ-

1010 2304 1104 2335 neid.
1128 2310 1137 2324 ‘
1156 2304 1285 2336 Auctor
1316 2313 1379 2344 ego
1406 2303 1575 2334 audendi.'
1607 2304 1711 2335 Ovid.

1011 2363 1060 2385 ιν.
1074 2355 1167 2386 Fast.
1203 2356 1213 2371 ‘
1232 2354 1375 2394 Optima
1403 2359 1438 2384 tu
1456 2353 1586 2394 proprii
1603 2355 1709 2385 nomi-

1010 2406 1061 2435 nis
1077 2410 1196 2436 auctor
1209 2403 1298 2436 eris!
1321 2404 1366 2435 Et
1380 2404 1446 2434 alia
1458 2404 1620 2444 pleraque
1639 2413 1710 2434 ver-

1010 2453 1111 2485 balia.
1141 2454 1245 2486 Ovid,
1281 2456 1290 2472 ‘
1305 2454 1455 2494 Sponsor
1473 2453 1624 2492 conjugii
1641 2458 1711 2484 stat

1009 2505 1084 2535 Dea
1104 2505 1194 2545 picta
1209 2503 1283 2537 sui.’
1308 2504 1508 2536 Graecorum
1525 2512 1630 2534 more.
1655 2503 1709 2533 ΙΕ-

1011 2554 1116 2595 scliyl.
1139 2553 1223 2594 τύχη
1237 2554 1355 2594 σωτὴρ,
1379 2554 1529 2585 Fortuna
1544 2559 1709 2584 servator.

1010 2605 1051 2636 In
1068 2604 1244 2645 Agamem.
1273 2607 1356 2636 Dae.
1487 2600 1490 2605 '

1053 2656 1062 2675 ¹
1086 2655 1237 2695 Auceum]
1264 2654 1408 2687 Quando
1435 2653 1553 2684 Circus
1580 2653 1622 2684 ob
1650 2653 1709 2683 ali-

1010 2715 1110 2746 quam
1125 2705 1299 2737 victoriam
1313 2704 1548 2745 ampliabatur,
1563 2703 1706 2744 spatium
