1835 2906
198 94 283 133 440

647 100 793 129 SEx'ri
831 98 1032 128 POMPEI}
1070 98 1205 127 FESTI

201 198 503 250 Murgisonem
522 194 529 217 i
551 194 757 236 dixerunt
779 209 804 236 a
820 207 956 243 mora,
979 196 1021 233 et
1049 193 1286 233 decisione.

203 261 399 305 Muriesk
421 264 650 304 dicebatur
669 263 736 304 sal
760 264 803 303 in
837 263 929 315 pila
958 266 1149 309 tunsum,
1171 266 1215 300 et
1236 260 1280 299 in
1304 259 1435 299 ollam
1471 259 1649 300 fictilem

259 331 521 385 conjectum,
568 337 614 371 et
652 331 696 371 in
742 330 868 370 furno
906 333 1176 382 percoctum,
1229 339 1317 379 quo
1361 326 1518 366 dehinc
1536 331 1566 355 ¹⁷
1606 328 1651 366 in

259 411 414 451 aquam
437 398 574 439 misso
596 398 799 439 Vestales
821 396 1011 449 virgines
1033 395 1270 435 utebantur
1294 394 1340 434 in
1362 393 1594 434 sacrificio.

811 515 925 528 eeeeee

245 587 282 616 17
307 584 360 617 Al.
375 576 457 616 deiri.

929 515 1043 528 ‘‘‘‘‘‘

859 669 1000 700 NOTAE

201 746 340 777 Murtiae
353 752 451 777 metae
467 745 687 776 vocabantur.
712 743 897 784 Apuleius:

198 798 206 812 ¹
226 797 261 827 Si
280 797 353 836 quis
368 807 387 827 a
403 795 485 836 fuga
510 796 696 834 retrahere,
716 795 767 825 vel
788 795 899 825 occul·

200 853 269 877 tam
301 846 531 878 demonstrare
564 846 692 886 poterit
721 845 899 885 fugitivam

199 896 290 936 regis
306 895 420 935 filiam,
430 896 573 927 Veneris
586 896 754 934 ancillam,
766 896 900 926 nomine

199 947 370 986 Psychen,
385 946 567 977 conveniat
583 952 675 977 retro
686 951 792 976 metas
808 946 900 975 Mur-

202 999 265 1028 tias
283 997 492 1027 Mercurium
511 994 794 1035 praedicatorem.’
815 995 902 1025 Var-

201 1058 259 1078 ro:
285 1048 293 1063 ⁴
311 1047 457 1077 Intimus
475 1047 595 1077 Circus
620 1046 662 1076 ad
686 1046 827 1076 Murtim
845 1055 900 1075 vo·

200 1098 322 1130 catus.’
368 1099 440 1129 Has
469 1102 589 1136 metas,
607 1098 638 1127 iu
667 1096 786 1127 eodem
805 1096 901 1131 libro,

201 1150 303 1189 paulo
320 1154 413 1186 ante,
436 1149 445 1164 ⁴
464 1148 589 1188 primas
618 1152 726 1178 metas
739 1146 746 1159 '
765 1157 903 1178 vocave-

200 1205 254 1230 rat
271 1199 513 1229 Tertullianus.
547 1200 556 1215 ‘
573 1199 619 1228 Et
648 1196 760 1234 nunc,'
777 1198 901 1238 iuquit,

199 1252 208 1266 ⁸
226 1259 284 1280 ara
304 1250 414 1280 Conso
441 1249 488 1279 illi
514 1249 545 1279 in
567 1248 657 1278 circo
682 1246 818 1278 defossa
835 1253 899 1285 est,

201 1302 243 1331 ad
262 1301 385 1341 primas
410 1305 518 1330 metas
534 1298 594 1329 sub
623 1299 735 1329 terra.’
781 1297 901 1336 Porro,

201 1351 290 1392 quod
317 1352 370 1381 bic
396 1351 439 1380 de
464 1355 578 1380 monte
604 1347 774 1379 Aventino
800 1349 900 1378 tradit

200 1403 333 1440 Festus,
347 1401 434 1432 idem
453 1401 485 1430 in
499 1399 669 1430 veteribus
686 1399 900 1429 monimentis

199 1452 356 1483 Danielis
373 1462 381 1482 ε
408 1456 415 1468 ‘
434 1451 540 1480 Vallis
557 1450 640 1489 ipsa,
656 1449 711 1479 ubi
729 1450 902 1479 Circenses

200 1504 283 1533 editi
312 1507 402 1541 sunt,
433 1501 509 1531 ideo
541 1501 677 1530 Murcia
713 1499 808 1530 dicta
839 1505 902 1539 est,

200 1555 276 1595 quia
301 1551 606 1594 quidaiirvicinuni
632 1556 779 1580 montem
805 1550 899 1580 Mur-

199 1614 276 1634 cum
296 1603 502 1643 appellatum
530 1601 658 1631 volunt.
704 1600 785 1638 Alii,
810 1601 901 1641 quod

199 1654 315 1684 fanum
340 1652 483 1683 Veneris
508 1650 734 1681 Verticordiae
759 1650 804 1681 ibi
827 1650 900 1681 fue-

200 1708 257 1745 rit,
274 1707 363 1737 circa
385 1706 472 1747 quod
501 1714 619 1735 nemus
642 1704 798 1734 murtetis
823 1713 901 1734 con-

201 1759 302 1788 situm
325 1756 459 1793 fuisset,
483 1756 660 1786 immutata
684 1754 783 1784 litera
808 1753 901 1783 Mur-

200 1809 286 1839 ciam
303 1806 533 1847 appellatam,’
550 1807 614 1836 &c.
646 1804 675 1835 A
691 1809 812 1844 myrto,
825 1814 901 1844 quae

200 1858 327 1888 Veneri
343 1866 452 1896 sacra,
465 1856 615 1895 Myrtea,
632 1859 751 1892 postea
768 1853 903 1883 Murcia

199 1908 316 1938 Venus
340 1907 444 1937 dicta.
490 1905 571 1945 Ejus
598 1903 704 1934 aedem
729 1903 762 1933 in
782 1912 832 1933 xi.
848 1913 900 1934 ur·

199 1958 250 1989 bis
268 1958 407 1998 regione
426 1956 521 1996 ponit
535 1954 665 1984 Victor.
715 1953 793 1983 Fuit
815 1963 900 1993 prae-

199 2015 298 2040 terea
313 2009 376 2038 alia
390 2009 462 2038 Dea
477 2004 673 2043 Murcia,sic
690 2003 798 2042 dicta,
811 2003 900 2046 quod

199 2060 274 2090 Dea
298 2064 390 2090 esset
416 2057 645 2093 Murcidornm,
670 2054 702 2084 id
727 2059 791 2093 est,
809 2055 901 2093 igna-

200 2120 329 2149 vorum,
342 2109 513 2140 inertium.
539 2105 701 2138 Quamvis
714 2105 811 2135 istam
825 2115 901 2135 cum

198 2161 307 2191 altera
344 2159 480 2190 Servius
513 2157 647 2187 videtur
679 2154 901 2186 confundere.

198 2211 286 2242 Vide
302 2212 311 2227 ⁴
325 2207 573 2241 Mui‘ricidum.'
599 2207 682 2236 Duc.

242 2262 249 2281 ⁵
283 2260 516 2300 IlIurgisoncm]
556 2257 703 2296 Murgiso
742 2260 900 2297 tanquam

200 2312 314 2341 dictus
345 2317 448 2348 esset,
477 2308 636 2340 Merit-iso.
683 2306 832 2337 Isidorus
868 2307 901 2336 in

201 2362 350 2392 Glossis:
376 2368 384 2379 ¹
402 2361 570 2400 MurgiSO,
582 2357 739 2391 callidus,
755 2366 900 2387 murmu-

201 2417 295 2441 rator
310 2412 330 2441 :⁷
354 2413 445 2451 lego,
461 2412 603 2447 callidus,
618 2413 766 2439 murator.
793 2408 901 2439 Idem.

244 2461 256 2481 ⁸<
280 2463 419 2500 Muriesj
443 2462 545 2500 Vide,
562 2470 636 2501 quae
662 2469 765 2498 super
787 2459 849 2489 boc
868 2459 901 2489 in

202 2513 441 2552 Coniectaneis
456 2512 658 2543 notavimus.
696 2510 901 2541 Addendum

201 2573 242 2593 ex
260 2563 438 2597 abstrusis,
460 2563 605 2592 necdum
625 2561 805 2601 publicatis
821 2562 899 2591 Scr-

202 2614 245 2644 vii
265 2612 422 2644 Schedis:
447 2614 455 2629 ‘
475 2613 630 2652 Virgines
647 2612 802 2642 Vestales
828 2616 897 2641 tres

202 2664 345 2696 maxime
376 2673 417 2694 ex
447 2662 553 2693 Nouis
583 2662 684 2693 Maiis
716 2661 757 2692 ad
788 2661 896 2702 pridie

954 743 1036 774 Idus
1045 744 1155 775 Maias
1170 744 1309 774 alternis
1321 742 1441 773 diebus
1455 741 1564 781 spicas
1575 740 1655 771 ado-

955 804 1029 824 reas
1052 794 1084 824 in
1108 794 1266 825 corbibus
1289 792 1479 824 messuariis
1503 796 1653 831 ponunt:

955 853 1080 884 easque
1104 844 1215 884 spicas
1236 845 1317 884 ipsae
1340 843 1485 882 virgines
1510 846 1654 881 torrent,

956 894 1106 934 pinsant,
1131 894 1281 925 molunt:
1307 900 1408 933 atque
1432 893 1478 924 ita
1502 892 1653 923 molitum

957 944 1107 975 condunt
1123 956 1128 973 :
1155 954 1195 974 ex
1214 954 1254 975 eo
1272 943 1362 974 farre
1380 943 1528 983 virgines
1544 947 1597 973 ter
1620 942 1654 972 in

957 1004 1044 1025 anno
1072 994 1193 1025 molam
1221 992 1366 1031 faciunt,
1398 992 1655 1032 Lupercalib118‚

957 1045 1166 1085 Vestalibus,
1184 1043 1293 1074 idibus
1309 1042 1581 1084 Septembribus,
1598 1042 1655 1072 ad·

953 1096 1049 1135 jecto
1075 1095 1144 1126 sale
1170 1099 1284 1134 cocto,
1311 1099 1345 1125 et
1370 1094 1439 1125 sale
1461 1091 1569 1124 duro.’
1586 1093 1655 1122 Jos.

956 1146 1041 1176 Scul.

999 1196 1136 1236 Μανίας]
1159 1196 1235 1227 Non
1254 1195 1421 1226 intellexit
1436 1194 1562 1225 Paulus
1576 1192 1655 1233 quid

955 1254 1046 1278 esset
1064 1247 1153 1287 apud
1180 1248 1319 1277 Festum
1343 1247 1402 1276 olla
1417 1244 1656 1283 f1·iti1is,ide0·

956 1308 1021 1339 que
1043 1299 1160 1339 fictilis
1196 1297 1348 1337 reposuit
1380 1296 1539 1336 pessime.
1585 1295 1656 1324 olla

946 1349 1066 1385 sritilis
1084 1357 1188 1388 genus
1207 1352 1281 1377 erat
1300 1346 1399 1384 vasis,
1418 1355 1483 1385 quo
1501 1346 1532 1375 in
1550 1344 1655 1374 sacris

956 1399 1115 1429 Vestales
1141 1398 1337 1434 utebantur,
1355 1406 1373 1426 a
1389 1396 1467 1435 frit,
1482 1394 1571 1435 quod
1589 1393 1655 1433 spi-

956 1458 1004 1479 cae
1021 1458 1184 1479 summum
1203 1453 1266 1478 est.
1315 1446 1392 1477 Nisi
1409 1445 1504 1475 malis
1522 1445 1568 1475 ita
1585 1444 1655 1473 dic-

957 1505 1025 1530 tam
1053 1510 1071 1530 a
1098 1500 1206 1529 veteri
1238 1507 1319 1528 voce
1339 1495 1509 1535 sritirmus,
1532 1494 1565 1524 id
1591 1499 1657 1531 est,

956 1549 1127 1580 motitatio
1155 1554 1188 1579 et
1213 1546 1413 1578 subsaltatio
1442 1555 1517 1576 cum
1548 1549 1657 1582 motu,

957 1599 1219 1638 undesritiunire
1232 1596 1320 1637 apud
1339 1596 1486 1627 Nonium
1502 1594 1658 1624 subsilire

958 1661 1034 1681 cum
1052 1660 1145 1681 sono.
1190 1650 1218 1679 A
1236 1647 1410 1686 fritimms,
1428 1655 1487 1685 per
1512 1644 1657 1674 diminu-

959 1702 1084 1731 tionem
1098 1699 1248 1737 fritillus.
1295 1698 1340 1728 Ut
1360 1707 1378 1727 a
1394 1700 1401 1713 ‘
1413 1694 1559 1733 cinnus,’
1576 1694 1584 1709 ⁴
1600 1694 1659 1724 cil-

957 1750 1031 1790 lus‚’
1046 1752 1054 1766 ‘
1070 1748 1255 1790 pusiunus‚'
1274 1748 1282 1764 ‘
1299 1745 1461 1788 pusillus.'
1510 1745 1536 1776 A
1552 1744 1659 1782 fritil-

957 1804 1014 1835 lus,
1036 1801 1203 1840 fritillire,
1228 1804 1263 1830 et
1282 1798 1448 1835 fritillum,
1477 1795 1565 1836 quod
1598 1803 1658 1825 nos

958 1853 1057 1890 vulgo
1085 1851 1227 1882 dicimus
1246 1848 1399 1887 sretiller.
1444 1847 1520 1879 Jam
1546 1850 1659 1875 autem

949 1903 1079 1941 sritikis,
1095 1907 1131 1932 ut
1149 1903 1157 1917 ‘
1172 1899 1347 1936 sublimis‚'
1363 1900 1371 1915 ‘
1387 1895 1573 1935 sublimus,'
1595 1897 1659 1925 διο.

957 1959 992 1983 et
1009 1953 1056 1982 sic
1073 1951 1165 1981 (licta
1181 1948 1378 1987 ollusritilis,
1394 1946 1482 1987 quod
1498 1946 1531 1976 in
1548 1955 1588 1975 ea
1612 1944 1659 1974 sal

956 2003 989 2033 in
1008 2001 1107 2032 furno
1123 2005 1325 2040 coqueretur
1340 2004 1374 2029 et
1390 1997 1566 2027 fritilliret.
1593 1995 1660 2025 Ne-

957 2062 1022 2093 que
1039 2052 1129 2083 enim
1143 2050 1262 2087 fricius
1277 2053 1473 2087 corruptum
1491 2056 1532 2076 ex
1548 2045 1659 2081 fricti-

958 2104 1009 2142 lis,
1026 2102 1116 2143 quod
1135 2102 1205 2131 viro
1222 2100 1364 2130 doctiss.
1382 2097 1522 2139 placuit.
1548 2097 1628 2127 Duc.

999 2151 1137 2191 IlIuries]
1161 2152 1216 2181 Sal
1235 2155 1384 2188 coctum,
1401 2158 1440 2178 ex
1459 2157 1526 2188 quo
1539 2154 1573 2177 et
1592 2146 1658 2176 far-

957 2213 993 2234 re
1017 2203 1143 2234 adoreo
1168 2206 1219 2231 ter
1246 2201 1278 2231 in
1305 2208 1390 2230 anuo
1408 2198 1565 2228 Vestales
1590 2206 1660 2227 mo-

956 2256 1021 2286 lam
1047 2253 1229 2285 faciebant.
1274 2253 1371 2282 Serv.
1397 2250 1428 2279 iu
1454 2249 1561 2287 eclog.
1579 2257 1659 2279 vm.

955 2308 964 2323 ‘
982 2305 1141 2345 Virgines
1161 2303 1315 2333 Vestales
1341 2306 1411 2332 tres
1437 2299 1592 2329 maximae
1618 2309 1660 2328 ex

959 2356 1068 2386 Nonis
1088 2355 1188 2385 Maiis
1204 2354 1245 2383 ad
1265 2351 1373 2392 pridie
1390 2350 1465 2380 idus
1489 2349 1598 2378 Maias
1615 2350 1661 2379 al·

958 2406 1063 2436 ternis
1080 2405 1198 2435 diebus
1214 2404 1323 2443 spicas
1341 2401 1483 2431 adoreas
1501 2400 1532 2429 in
1549 2399 1660 2429 corbi-

957 2458 1018 2488 bus
1043 2456 1237 2487 messuariis
1267 2457 1414 2494 ponunt;
1439 2459 1560 2490 easque
1593 2450 1659 2487 spi-

957 2518 1013 2539 cas
1037 2509 1119 2547 ipsae
1148 2505 1305 2545 Virgines
1334 2506 1477 2539 torrent,
1507 2500 1656 2539 pinsunt,

958 2559 1100 2592 molunt,
1124 2561 1225 2596 atque
1251 2555 1299 2585 ita
1322 2553 1472 2584 molitum
1497 2550 1659 2581 condunt.

960 2610 1010 2639 Ex
1029 2618 1068 2637 eo
1085 2607 1174 2637 farre
1193 2605 1350 2644 Virgines
1369 2608 1419 2632 ter
1436 2602 1468 2631 in
1485 2610 1572 2630 anno
1590 2610 1659 2629 mo-

957 2660 1023 2689 lam
1051 2657 1192 2694 faciunt,
1225 2651 1485 2694 Lupercalibus,
1512 2650 1661 2681 Vestali·
