1835 2906
220 109 306 152 ‘200

676 124 825 154 SEXTI
863 124 1065 155 POMPEH
1102 126 1238 156 FEST(

223 225 397 282 Cupes¹²
428 232 468 269 et
511 229 696 283 cupedia
732 232 897 286 antiqui
933 232 1144 273 lautiores
1176 233 1299 274 cibos
1314 239 1329 263 ⁵
1359 235 1664 277 nominabant:

278 296 378 336 inde
398 298 625 338 macellum
642 296 658 320 b
687 298 829 340 forum
855 300 1084 353 cupedinis
1110 301 1407 354 appellabant.
1465 302 1667 357 Cupedia

278 369 423 405 autem
438 378 465 406 a
486 366 727 420 cupiditate
745 373 850 408 sunt
870 368 1001 419 dicta,
1022 369 1108 418 vel,
1131 369 1249 410 sicut
1261 369 1402 411 Varro
1421 371 1526 421 vult,
1547 372 1667 425 quod

278 432 342 473 ibi
361 432 493 475 fuerit
515 434 760 489 Cupedinis
775 442 788 459 ‘³
819 437 979 491 equitis
1006 437 1179 487 domus,
1200 439 1275 493 qui
1294 438 1436 482 fuerat
1457 441 1514 481 ob
1536 440 1668 482 latro-

279 500 442 541 cinium
463 501 706 544 damnatus.

221 565 433 621 Cupressi
449 570 464 592 ‘¹
494 574 753 612 mortuorum
770 571 971 613 domibus
991 574 1267 627 ponebantur
1282 574 1401 626 ideo,
1418 576 1524 631 quia
1538 576 1666 632 hujus

826 691 943 703 eeeeee

263 757 281 783 5
305 753 373 784 Alii
391 755 503 794 ciphos.

948 692 1065 704 eeeeee

874 840 1017 872 NOTAE

220 919 239 939 a
267 910 275 926 ¹
296 910 425 951 Poena,'
463 914 641 952 ‘puuirez’
672 926 698 945 oe
728 917 914 956 saepissirne

217 960 286 991 abit
304 961 335 991 in
351 972 381 992 u.
430 963 545 995 Cunire
561 970 674 996 autem
694 967 829 1007 proprie
846 967 914 998 dic—

219 1015 288 1040 tum
306 1011 438 1043 videtur
454 1013 495 1044 de
514 1013 698 1046 infantibus
710 1026 811 1047 cunas
829 1022 914 1048 ster-

218 1070 296 1091 core
318 1060 535 1094 foedantibus.
558 1065 655 1096 Idem.

261 1117 275 1131 ὃ
300 1113 415 1153 Cupes]
440 1115 546 1146 Varro
568 1125 619 1147 1v.
637 1116 678 1147 de
699 1117 820 1149 Latino
844 1127 912 1149 ser-

217 1172 337 1194 mone:
364 1164 439 1196 ‘Ad
467 1172 606 1198 corneta
634 1166 741 1199 forum
772 1170 911 1209 cupedi-

217 1213 283 1252 nis,
300 1224 318 1244 a
335 1213 495 1248 fastidio?
540 1217 594 1248 Ita
620 1219 707 1249 enim
734 1219 855 1259 legitur
879 1220 911 1250 in

215 1265 469 1306 manuscripto:
507 1272 543 1298 et
572 1274 676 1300 recte.
723 1270 912 1302 Fastidium

217 1315 305 1346 enim
318 1321 383 1357 est,
399 1318 489 1358 quod
507 1320 624 1360 vulgus
642 1320 816 1352 Gallorum
831 1322 911 1353 dicit

217 1366 385 1399 Friandize
396 1380 406 1399 .·
422 1374 457 1400 et
467 1369 672 1411 fastidiosus,
687 1371 818 1405 Friand.
843 1373 910 1404 Ita-

215 1416 278 1448 lice
306 1419 432 1450 Giotto:
457 1430 476 1450 a
501 1421 696 1460 glutiendo:
723 1423 911 1454 vetustissi-

216 1478 289 1500 mus
307 1475 422 1501 orator
446 1472 650 1504 Favorinus:
674 1473 684 1490 ‘
697 1473 730 1504 Is
748 1483 836 1504 nnnc
852 1472 912 1504 flos

216 1529 321 1551 caenae
358 1521 501 1553 habetur
534 1523 623 1554 inter
660 1523 756 1562 istos,
791 1524 912 1564 quibus

217 1576 346 1601 sumtus
363 1577 398 1602 et
414 1571 587 1604 fastidium
606 1583 667 1614 pro
685 1572 820 1604 facetiis
838 1583 913 1614 pro-

216 1620 331 1651 cedit.’
369 1621 539 1653 Isidorus:
565 1624 738 1664 ‘Cuppes,
759 1623 912 1655 fastidio—

217 1680 282 1706 sus,
309 1671 480 1711 cupidus.'
524 1673 755 1704 Glossarium:
787 1674 797 1691 ‘
811 1674 913 1714 Cupi·

216 1722 291 1761 dns,
308 1722 436 1754 κνιπός.’
476 1724 578 1764 Lego,
598 1725 761 1765 Cupedius.
801 1726 914 1757 Κνιπὸς

217 1778 318 1803 estre
334 1783 424 1813 vera,
442 1784 540 1815 quem
564 1774 780 1806 fastidiosum
801 1777 914 1808 vocari

218 1822 465 1863 admonuimus,
490 1825 545 1865 qui
570 1835 636 1855 non
663 1827 781 1865 multa,
803 1831 840 1857 ut
858 1837 912 1857 vo·

216 1879 361 1915 ratores,
385 1876 442 1906 sed
460 1876 608 1907 electilia
625 1876 696 1907 edit
713 1887 719 1905 :
745 1887 854 1918 neque
866 1877 913 1908 fa-

217 1925 280 1956 cile
298 1926 439 1964 invenit,
459 1926 547 1967 quod
566 1927 607 1957 ad
625 1928 774 1967 palatum
791 1928 912 1961 faciat:

216 1975 384 2016 significat
401 1982 436 2008 et
450 1977 554 2008 κνιπὸς
565 1987 701 2019 parcum
718 1989 724 2008 2
745 1979 833 2019 qnod
848 1990 912 2010 non

216 2026 348 2056 recedit
365 2037 383 2058 a
399 2027 510 2067 priore
522 2026 781 2068 significatione.
804 2029 912 2060 Porro

218 2076 403 2116 Cupedinis
420 2076 529 2108 forum
556 2082 621 2118 est,
644 2077 751 2109 forum
767 2080 912 2118 piscato-

218 2127 314 2163 rium,
341 2132 376 2158 nt
392 2129 627 2168 cognoscimus
644 2139 684 2160 ex
703 2129 837 2170 Apuleii
858 2140 912 2160 va-

217 2178 275 2209 riis
291 2179 385 2210 locis.
407 2180 474 2210 Jos.
487 2179 570 2212 διαὶ.

262 2231 363 2271 Cupes
386 2235 415 2261 et
438 2232 583 2272 cupedia]
610 2232 737 2263 Omnes
760 2232 911 2263 ciborum

218 2282 354 2314 delicias
373 2294 461 2325 cupes
480 2289 515 2316 et
529 2286 655 2325 cupedia
672 2285 839 2316 vocabant
854 2295 911 2316 an-

218 2333 312 2373 tiqui.
358 2333 471 2365 Plant.
482 2335 586 2366 Stich.
602 2337 611 2352 ⁸
625 2335 715 2367 Nihil
731 2344 842 2366 moror
856 2345 912 2366 cn—

219 2383 342 2422 pedia.'
391 2385 528 2424 Cupedia
545 2389 670 2424 antem,
687 2385 783 2427 quasi
806 2395 912 2425 canpe-

218 2434 282 2471 dm,
300 2443 364 2464 non
382 2444 399 2464 a
418 2435 569 2475 Cupedio
586 2435 741 2476 quodam,
755 2440 791 2467 ut
814 2441 912 2476 putat

219 2484 342 2522 Varro,
369 2484 425 2514 sed
454 2486 542 2524 qnod
560 2487 591 2517 in
609 2487 772 2527 cauponis
790 2486 913 2517 vende·

219 2540 346 2566 rentur.
386 2536 501 2576 Caupv,
523 2547 607 2578 copo,
621 2548 706 2578 cupo,
723 2538 812 2569 unde
826 2548 916 2578 cupes

221 2590 256 2616 et
277 2585 416 2625 cupedia.
464 2587 584 2626 Neque
613 2588 712 2618 etiarn
727 2593 822 2619 caret
836 2588 914 2618 rati-

221 2646 283 2667 one
310 2647 329 2667 a
350 2636 520 2676 cupiditate
545 2636 652 2667 forum
668 2639 823 2678 cupidinis
843 2638 913 2669 dic-

220 2694 304 2720 tum.
338 2688 424 2719 Nam
441 2693 475 2719 et
492 2687 580 2718 idem
597 2689 714 2719 scribit
731 2690 836 2720 Varro
854 2689 912 2721 lib.

969 925 1015 946 ιν.
1042 921 1049 933 ‘
1064 916 1166 947 Multi
1185 916 1292 947 forum
1310 916 1486 957 cupedinis
1502 927 1521 948 a
1536 917 1666 958 cupidi-

968 967 1063 997 tate.¹
1110 968 1153 998 Et
1182 968 1370 1006 Cupedinem
1397 976 1458 1007 pro
1481 968 1666 1007 Cupidinem

968 1017 1113 1049 Veteres
1134 1018 1260 1049 dixisse
1279 1023 1409 1049 certum
1427 1022 1493 1049 est.
1527 1019 1665 1050 Lucret.

966 1068 975 1084 ‘
993 1068 1140 1100 Quantae
1170 1068 1394 1099 conscindunt
1417 1068 1583 1099 hominem
1611 1078 1669 1099 cu-

968 1118 1099 1158 pedinis
1124 1128 1218 1150 arces
1235 1120 1413 1151 solicitum
1429 1119 1553 1151 curae?'
1605 1120 1667 1150 Fa·

966 1169 1014 1199 cit
1031 1169 1131 1200 etiam
1148 1169 1236 1210 quod
1255 1170 1286 1200 in
1301 1171 1399 1210 gloss,
1413 1170 1559 1211 legitur:
1577 1170 1586 1186 ‘
1601 1171 1666 1202 Cn·

966 1228 1037 1260 pes,
1054 1218 1263 1260 fastidiosus,
1281 1220 1447 1262 cupidus.'
1498 1221 1664 1262 Hujusce-

965 1269 1055 1301 modi
1071 1270 1237 1303 hominem
1252 1272 1350 1311 vulgo
1369 1282 1528 1304 vocamus
1538 1272 1665 1310 friand.

966 1320 1075 1351 Porro
1093 1321 1182 1362 quod
1199 1322 1253 1354 hic
1271 1322 1318 1354 ait
1334 1323 1489 1364 Scaliger
1505 1333 1547 1354 ex
1568 1322 1663 1363 Apu—

964 1370 1042 1409 leio,
1057 1370 1166 1402 forum
1184 1373 1361 1413 cupedinis
1374 1377 1410 1404 et
1426 1372 1534 1404 forum
1557 1373 1666 1413 pisca-

966 1421 1090 1452 torium
1114 1422 1202 1453 idem
1226 1431 1314 1461 esse,
1332 1432 1398 1453 non
1413 1423 1496 1454 satis
1510 1422 1608 1454 firmo
1626 1424 1666 1454 ti-

966 1471 1077 1503 bicine
1094 1471 1217 1503 fultum
1232 1478 1295 1513 est,
1312 1483 1387 1504 nam
1405 1482 1447 1503 ex
1464 1473 1616 1504 Varrone
1631 1478 1667 1504 et

967 1522 1041 1552 aliis
1058 1523 1139 1553 satis
1155 1527 1288 1554 constat
1313 1522 1422 1553 forum
1447 1523 1625 1564 cupedinis
1648 1533 1667 1555 a

968 1571 1041 1603 foro
1054 1573 1237 1613 piscatorio
1254 1573 1422 1604 diversum
1431 1572 1544 1605 fuisse.
1563 1574 1644 1605 Dae.

1011 1623 1024 1643 ὓ
1056 1624 1134 1655 Inde
1165 1624 1337 1664 macellum]
1373 1625 1462 1656 Vide
1491 1635 1552 1656 suo
1580 1626 1668 1657 loco.

969 1672 1066 1704 Idem.

1012 1729 1024 1744 θ
1049 1724 1137 1759 Quod
1154 1723 1197 1755 ibi
1208 1724 1311 1763 suerit
1332 1725 1515 1766 Cupedinis]
1541 1725 1666 1757 Varro-

970 1774 1022 1806 nis
1038 1776 1145 1815 locus,
1161 1785 1260 1817 quem
1285 1776 1404 1807 Festus
1421 1776 1592 1817 intelligit,
1615 1783 1667 1809 est

970 1836 1010 1856 ex
1036 1826 1095 1858 lib,
1122 1837 1231 1858 rerum
1259 1828 1494 1867 humanarum,
1518 1828 1665 1860 ‘Nume-

970 1878 1036 1908 rius
1074 1878 1229 1919 Equitius
1259 1878 1385 1919 Cupes,
1410 1879 1531 1920 inquit,
1562 1883 1598 1910 et
1624 1879 1667 1910 Α.

969 1927 1132 1958 Omanius
1156 1929 1325 1960 Macellus
1347 1929 1508 1969 singulari
1535 1929 1667 1960 latroci-

968 1978 1024 2008 nio
1057 1979 1162 2009 multa
1192 1980 1266 2010 loca
1295 1979 1485 2010 babuerunt
1518 1978 1666 2010 infesta)

970 2028 1037 2059 Sed
1056 2029 1101 2059 ibi
1126 2038 1191 2059 non
1209 2030 1320 2069 capedo
1337 2029 1396 2059 sed
1413 2039 1504 2069 cupes
1515 2029 1666 2060 nomina·

969 2084 1033 2110 tur.
1080 2079 1177 2110 Unde
1194 2089 1274 2119 ergo
1290 2079 1470 2120 cupedinis?
1494 2079 1600 2112 Idem.

1010 2129 1023 2149 1¹
1050 2130 1212 2171 Cupressi]
1237 2129 1367 2160 Plinius
1391 2129 1479 2170 apud
1496 2130 1664 2168 Servium,

967 2181 1025 2221 qui
1063 2179 1209 2210 nondum
1240 2180 1353 2211 editus
1384 2186 1437 2211 est
1455 2192 1461 2211 τ
1495 2183 1505 2198 ‘
1524 2182 1665 2212 Romani

967 2231 1066 2262 moris
1082 2229 1158 2270 fnit,
1177 2236 1316 2271 propter
1326 2232 1536 2263 caerimonias
1555 2242 1666 2263 sacro-

967 2292 1053 2321 rum,
1077 2282 1197 2322 quibus
1224 2282 1264 2312 P.
1287 2281 1455 2313 Romanus
1481 2283 1665 2315 obstrictus

967 2337 1054 2371 erat,
1079 2337 1114 2362 ut
1140 2331 1348 2372 potissimum
1376 2342 1567 2373 cupressus,
1590 2344 1664 2375 qnae

967 2384 1083 2415 excisa
1102 2383 1230 2413 renasci
1247 2392 1311 2414 non
1327 2384 1426 2422 solet,
1444 2384 1476 2414 in
1497 2385 1664 2416 vestibulo

967 2433 1088 2466 mortui
1106 2439 1306 2474 poneretur,
1327 2435 1444 2474 nequis
1469 2434 1664 2474 imprudens

967 2485 1134 2516 funestam
1152 2485 1285 2515 domum
1301 2493 1370 2515 rem
1387 2484 1532 2516 divinam
1557 2484 1665 2515 factu·

969 2547 1024 2568 rns
1039 2535 1195 2574 introeat,
1208 2541 1243 2566 et
1256 2536 1349 2576 quasi
1364 2535 1580 2566 attaminatus
1592 2545 1664 2566 sus-

967 2594 1071 2628 cepta
1087 2596 1250 2628 peragere
1275 2595 1341 2616 non
1366 2585 1495 2626 possit.’
1542 2586 1589 2616 Ex
1615 2586 1662 2617 liis

968 2639 1136 2670 Servianis
1154 2637 1320 2676 intelliges
1336 2643 1439 2676 quare
1453 2635 1596 2675 Plinius,
1619 2636 1662 2666 de

968 2700 1008 2721 ca
1025 2688 1144 2719 arbore
1163 2689 1314 2728 loquens,
1332 2685 1469 2727 dixerit,
1496 2692 1504 2705 ‘
1521 2687 1592 2719 Diti
1611 2695 1662 2717 sau
