1835 2906
336 172 398 200 DE
432 168 702 200 VERBORUM
736 164 1138 198 stcNtFchTIONE
1175 165 1269 197 Llss.
1303 166 1346 195 V.

1480 152 1564 195 241

122 263 353 312 Eudiaeon,
369 267 394 283 ¹¹¹
425 262 584 302 lineum
605 261 738 310 (ilum,
761 257 880 313 quod
902 256 1057 298 medici
1077 261 1273 298 extremo
1294 257 1339 298 in
1359 258 1564 312 clysterio

179 331 444 383 relinquunt,
465 342 542 383 per
560 329 674 382 quod
697 328 850 370 climos
867 331 897 357 ¹9
931 325 1159 366 emittitur.

124 398 411 447 Evelatum,20
434 402 450 418 ¹¹
491 397 792 438 eventilatum.

181 468 325 506 menta
341 464 616 506 ventilantur.

727 570 843 583 eeeeee

872 392 1004 434 Unde
1047 392 1238 442 velabat,
1279 393 1438 446 quibus
1475 391 1564 434 fru-

847 569 964 582 eeeeee

170 653 209 681 19
233 650 377 688 Κλυσμὸς
395 661 454 692 pro
469 652 573 683 climos
588 649 765 692 legendum
782 652 895 679 monet
910 646 1083 679 Dae—2⁰
1107 644 1185 676 Vid.
1204 645 1284 676 Not.
1301 643 1361 675 inf.

775 745 914 777 NOTAE

125 820 180 843 nr.
208 816 243 843 et
270 811 464 843 Atticarum
491 812 654 843 minarum
684 815 818 852 septua-

122 864 216 902 ginta
228 862 382 901 duarum,
394 867 430 894 ut
443 863 592 894 AElianus
606 862 749 894 affirmat
758 862 818 893 lib.

126 923 150 943 1.
167 923 242 953 cap.
264 916 318 944 22.
335 912 376 943 de
399 914 491 944 varia
512 914 662 945 historia.
707 912 819 943 Omne

124 968 237 993 antem
254 964 417 995 talentum
436 969 487 995 est
514 964 692 1004 sexaginta
716 963 819 993 mina-

126 1022 198 1043 rum
215 1023 223 1051 3
249 1013 349 1044 minae
365 1018 477 1044 autem
493 1014 633 1054 singulae
659 1019 820 1043 centenas

127 1063 302 1094 drachmas
337 1064 514 1095 continent
530 1075 538 1102 ;
575 1068 611 1095 ut
638 1063 821 1095 Africanus

125 1118 159 1144 et
175 1114 284 1146 Julius
308 1115 433 1145 Pollux
448 1114 613 1145 scribunt.
660 1115 716 1145 Sic
733 1113 771 1144 fit
785 1119 822 1144 ut

127 1163 312 1194 Euboicum
331 1164 493 1194 talentum
508 1165 552 1194 sit
567 1164 746 1204 sexaginta
762 1163 821 1193 mi-

125 1223 242 1244 narum
272 1214 512 1253 Euboicarum,
537 1219 575 1245 ut
592 1213 746 1245 Atticum
768 1218 822 1245 est

124 1265 302 1303 sexaginta
339 1264 530 1296 Atticarum
548 1276 556 1296 2
603 1265 667 1296 hoc
708 1269 820 1296 antem

126 1314 279 1344 continet
300 1323 361 1345 sex
384 1315 489 1345 millia
510 1314 745 1346 drachmarum
763 1314 824 1346 At-

127 1365 283 1404 ticarum,
306 1371 341 1396 et
367 1365 508 1397 totidem
538 1365 641 1396 millia
669 1365 824 1396 denario-

128 1424 217 1454 rum,
237 1420 272 1446 ut
301 1415 405 1447 verbo
431 1415 684 1447 ‘Talentorum’
703 1417 825 1447 Festus

125 1464 243 1495 scribit
263 1476 268 1492 :
311 1465 400 1506 quod
434 1466 535 1496 etiam
568 1466 659 1497 Plin.
692 1466 737 1497 ait
767 1466 826 1498 lib.

128 1526 244 1548 xxxv.
261 1528 336 1559 cap.
356 1521 406 1550 ll.
424 1524 458 1549 et
472 1518 596 1551 Athen.
613 1519 672 1550 lib.
685 1528 733 1550 iv.
749 1529 823 1559 cap.

125 1571 157 1598 6.
174 1574 208 1598 et
227 1568 351 1599 Pollux
372 1569 426 1600 lib.
442 1578 493 1600 rx.
539 1569 660 1610 Itaque
690 1570 715 1600 si
739 1578 824 1601 Lxx.

126 1617 223 1648 minae
239 1617 401 1657 Euboicae
413 1620 624 1651 aestimantur
634 1628 750 1651 Lxxir.
763 1619 824 1650 At-

127 1668 215 1707 ticis,
227 1673 260 1699 et
272 1668 389 1700 eadem
404 1670 582 1710 proportio
597 1669 693 1700 estin
707 1669 825 1699 drach-

127 1719 203 1757 mis,
229 1718 300 1750 sive
327 1718 495 1757 denariis3
522 1720 662 1759 triginta
679 1718 826 1760 quinque

128 1767 299 1798 drachmae
327 1768 489 1799 Euboicae
507 1769 717 1799 aestimantur
734 1767 825 1798 Atti-

128 1817 176 1847 cis
194 1817 361 1848 drachmis
382 1817 523 1858 triginta
539 1828 611 1849 sex.
647 1818 825 1849 Talentum

128 1876 209 1898 vero
237 1866 424 1898 Euboicum
451 1868 638 1899 aestimatur
665 1868 829 1899 drachmis

130 1917 268 1957 Atticis,
291 1918 362 1949 sive
387 1918 532 1949 denariis
550 1924 684 1950 centum
703 1923 738 1950 et
754 1929 830 1959 sep—

129 1968 285 2008 tuaginta
302 1978 365 1999 uno
380 1978 481 2009 supra
495 1979 553 2000 sex
571 1970 685 2002 millia.
729 1969 828 2000 Men-

129 2019 207 2048 dose
225 2018 328 2059 igitur
346 2020 465 2050 Festus
492 2020 540 2050 ait
564 2025 708 2060 quatuor
730 2020 829 2051 milli-

130 2068 190 2099 bus
208 2068 425 2099 denariorum
443 2070 613 2102 aestimari.
658 2070 757 2103 Quod
773 2080 830 2101 ve·

130 2127 167 2148 ro
186 2118 226 2149 ad
251 2118 460 2158 cistophoros
477 2120 612 2159 attinet,
633 2121 714 2151 nihil
733 2130 752 2151 a
776 2129 829 2151 me

130 2169 215 2200 certi
233 2169 336 2199 statui
354 2174 480 2209 potest.
520 2171 597 2201 Non
615 2171 734 2211 ignoro
752 2171 830 2201 Pol-

128 2219 239 2250 lucem
264 2218 380 2250 dicere
402 2219 648 2260 Babylonicum
666 2220 829 2251 talentum

131 2269 291 2299 aestimari
324 2273 456 2309 septem
481 2270 626 2301 millibus
657 2269 831 2301 drachma-

133 2327 205 2348 rum
225 2317 431 2358 Atticarum,
448 2319 506 2351 sed
524 2320 605 2351 mihi
619 2320 832 2351 verisimilior

133 2368 269 2399 videtur
298 2368 419 2399 AEliani
450 2370 576 2410 opinio,
603 2375 641 2401 nt
672 2370 832 2402 Euboicae

134 2419 232 2449 minae
250 2418 292 2449 ab
308 2419 431 2450 Atticis
448 2418 618 2451 differant.
640 2422 719 2452 Ant.
736 2421 821 2459 Aug.

182 2470 348 2500 Euboicum
370 2468 536 2508 talentum]
559 2469 768 2500 Falsissimus
785 2470 833 2499 vi-

134 2520 234 2550 detur
250 2520 304 2550 hic
321 2520 434 2558 locus;
450 2529 523 2550 nam
536 2519 757 2560 Cistophorus
767 2530 831 2551 non

137 2571 244 2601 multo
285 2571 459 2611 plusquam
498 2569 627 2599 denarii
659 2569 831 2600 dimidium

138 2620 301 2651 continet.
334 2619 520 2651 Euboicum
537 2623 649 2649 autem
668 2619 833 2649 talentum

139 2673 267 2703 talento
285 2671 402 2703 Attico
418 2671 524 2701 minus
541 2674 593 2701 est
616 2669 721 2700 tribus
739 2669 835 2700 minis

140 2726 174 2752 et
202 2722 336 2752 triente.
383 2721 533 2752 Atticum
561 2721 714 2752 continet
740 2730 834 2751 sexa·

226 2774 341 2814 Delph.
356 2776 384 2805 et
401 2774 475 2805 Var.
495 2774 576 2804 Clas.

875 809 968 849 ginta
984 807 1102 846 minas,
1117 806 1180 837 hoc
1194 810 1258 841 est,
1275 815 1334 837 sex
1350 803 1454 836 millia
1467 805 1570 837 denao

874 860 1011 893 riorum,
1028 861 1064 888 ut
1080 856 1170 888 infra
1183 857 1216 887 in
1235 861 1242 873 ‘
1254 856 1433 887 Talentum
1451 855 1470 885 ι’
1494 860 1571 887 sunt

873 910 979 949 igitur
996 908 1027 938 iu
1040 907 1192 939 Euboico
1209 908 1338 938 talento
1355 906 1451 937 minae
1467 908 1520 937 56.
1536 911 1571 937 et

877 960 946 994 bes,
976 959 1037 989 hoc
1065 963 1131 997 est,
1158 962 1321 989 sexcenta
1346 963 1381 988 et
1397 956 1573 997 sexaginta

875 1020 934 1040 sex
951 1019 1050 1050 supra
1069 1009 1217 1049 quinque
1233 1007 1446 1039 denariorum
1459 1007 1573 1039 millia.

877 1061 968 1101 Ergo
991 1059 1229 1099 Cistophorum
1253 1059 1360 1099 major
1383 1068 1480 1099 qnam
1498 1066 1558 1098 sep

876 1118 946 1143 tem
972 1112 1110 1142 millium
1135 1115 1171 1141 et
1192 1111 1453 1150 quingentorum
1471 1108 1575 1140 debet

876 1172 949 1193 esse
966 1170 1141 1199 numerus,
1167 1159 1319 1200 adeoque
1341 1158 1450 1198 major
1471 1157 1574 1189 etiam

876 1222 975 1253 qnam
999 1213 1008 1229 ‘
1024 1216 1168 1253 quatuor
1184 1210 1323 1241 millium
1336 1208 1575 1247 denariorum‚'

875 1263 964 1304 quod
982 1272 1023 1293 ex
1041 1260 1247 1302 supradictis
1274 1259 1376 1291 facile
1403 1259 1577 1299 cognosci-

876 1319 940 1345 tur.
970 1313 1157 1344 Euboicum
1175 1311 1340 1341 talentum
1358 1319 1479 1340 aureos
1497 1318 1575 1340 nos-

877 1370 947 1395 tros
964 1364 1057 1404 capit
1073 1365 1146 1393 556.
1172 1361 1271 1402 paulo
1299 1360 1395 1400 plus;
1421 1360 1576 1391 Atticum

876 1418 950 1446 600.
996 1413 1217 1454 cistophorus
1237 1410 1398 1442 Asiaticae
1421 1410 1578 1450 pecunias

877 1475 996 1506 genus,
1012 1465 1059 1495 sic.
1083 1464 1194 1494 dictus
1218 1460 1306 1503 quod
1324 1469 1504 1501 expressos
1521 1459 1578 1490 ha·

880 1517 975 1547 beret
998 1515 1189 1553 cistigeros,
1206 1512 1263 1553 qui
1287 1519 1460 1542 sacrorum
1483 1518 1578 1540 arca=

881 1578 923 1599 na
948 1568 1042 1599 cistis
1068 1566 1196 1596 inclusa
1213 1563 1406 1604 gestabant.
1453 1561 1579 1592 Euboi·

882 1628 957 1649 cum
982 1622 1094 1648 antem
1117 1615 1282 1646 talentum
1298 1613 1440 1650 dictum,
1456 1621 1520 1642 non
1536 1610 1579 1641 ab

885 1667 1013 1699 Euboea
1031 1666 1151 1703 insula,
1167 1664 1226 1695 sed
1245 1663 1286 1694 ab
1303 1663 1433 1694 Euboea
1446 1660 1580 1701 Argoli-

883 1718 934 1749 dis
950 1719 1039 1757 loco,
1052 1717 1107 1747 ubi
1122 1715 1253 1746 Phidon
1272 1713 1422 1754 pondera
1439 1716 1475 1743 et
1487 1720 1580 1743 men-

879 1778 974 1799 suras
1018 1766 1161 1801 invenit,
1195 1765 1391 1806 primusque
1429 1770 1580 1794 nummos

881 1823 1061 1859 argenteos
1079 1821 1115 1848 et
1132 1825 1251 1847 aureos
1272 1814 1399 1845 cudere
1421 1812 1580 1844 instituit.

884 1869 965 1900 Duc.

927 1924 950 1940 ¹1¹
975 1916 1144 1957 Eudiaeon]
1176 1914 1325 1947 Εὐδίαιον.
1372 1913 1425 1946 Ab
1448 1923 1489 1946 eo
1518 1914 1582 1945 Eu·

883 1971 972 2010 gium
988 1969 1146 2000 dixerunt
1161 1969 1288 2001 Latini.
1331 1967 1480 1999 Lucilius
1494 1967 1581 2004 Epo-

884 2020 935 2051 dis
952 2030 961 2051 ε
985 2021 993 2037 ‘
1011 2020 1156 2061 Hymnis
1169 2021 1240 2051 sine
1256 2018 1416 2057 eugio,ac
1433 2014 1582 2046 distina.'

884 2070 1036 2102 Imitatio
1053 2070 1264 2102 Graecornm.
1309 2067 1398 2098 Vide
1413 2064 1582 2107 Hesychi-

884 2130 952 2161 um,
971 2119 1111 2152 εὐδίαιον.
1133 2121 1203 2150 Jos.
1221 2118 1306 2149 Scal-

940 2170 1118 2212 Eudioeum]
1155 2168 1295 2200 Εὐδίαιον
1321 2165 1456 2208 proprie
1494 2163 1584 2195 fora-

885 2230 961 2252 men
979 2220 1072 2251 navis
1088 2230 1148 2260 per
1162 2219 1250 2260 quod
1264 2216 1407 2249 effluunt
1422 2224 1497 2246 cnm
1511 2215 1583 2253 plu-

885 2271 947 2301 viae
971 2281 1078 2312 aquae,
1097 2275 1166 2301 tum
1183 2278 1256 2310 quae
1273 2277 1291 2298 e
1309 2266 1441 2298 sentina
1457 2263 1583 2295 exhau-

885 2323 1029 2353 riuntur.
1074 2319 1173 2352 Unde
1199 2328 1259 2359 per
1287 2315 1518 2356 metaphoram
1535 2314 1584 2345 sic

885 2371 1009 2403 dicitur
1031 2371 1123 2402 filum
1155 2368 1238 2400 illud
1264 2368 1388 2398 lineum
1412 2375 1471 2406 per
1493 2364 1583 2406 quod

885 2419 1023 2459 κλυσμὸς
1040 2420 1107 2461 (sic
1124 2419 1211 2449 enim
1229 2416 1408 2457 legendum
1426 2419 1490 2455 est,
1517 2423 1584 2445 non

885 2471 1012 2510 κλιμὸς)
1034 2470 1216 2500 emittitur:
1242 2466 1384 2506 εὐδίαιον,
1415 2466 1457 2497 ab
1490 2463 1524 2496 εὖ
1548 2468 1585 2496 et

885 2521 998 2559 διαίνω,
1017 2520 1132 2560 irrigo.
1158 2519 1240 2549 Duc.

931 2576 945 2590 ⁰
985 2568 1164 2608 Evelatum]
1200 2567 1400 2599 ventilabra
1430 2566 1585 2606 appellat

890 2620 1075 2652 Columella
1106 2619 1163 2649 lib.
1187 2627 1225 2649 ιι.
1251 2628 1327 2658 cap.
1351 2621 1401 2649 10.
1426 2622 1461 2648 et
1475 2617 1584 2647 Varro

890 2671 947 2701 lib.
965 2680 999 2701 x.
1016 2669 1057 2699 de
1079 2670 1174 2709 Ling.
1195 2670 1265 2700 Lat.
1290 2670 1365 2700 Ant.
1382 2668 1466 2706 Aug.

934 2720 1113 2760 Eva-latum]
1142 2718 1193 2750 An
1224 2729 1243 2749 a
1273 2719 1360 2750 velo?
1396 2718 1483 2759 quod
1512 2716 1585 2748 velo

764 2773 873 2812 Pomp.
891 2773 974 2804 Fest.
1467 2770 1498 2801 Q
