1835 2906
220 138 305 180 206

647 149 796 181 SEXTI
832 151 1035 181 POMPElI
1071 151 1207 181 FESTI

221 245 425 286 CYBELE
443 252 455 268 ⁶
488 248 638 296 mater,
653 258 786 299 quam
809 245 1012 287 dicebant
1028 258 1246 298 maguam,
1267 246 1328 287 ita
1345 246 1661 300 appellabatur,

276 313 393 366 quod
422 318 566 366 ageret
595 313 793 354 homines
817 314 861 354 in
895 313 1095 362 furorem,
1129 313 1248 366 quod
1273 313 1423 355 Graeci
1450 313 1610 365 κύβηβον
1629 319 1657 338 ¹¹

277 380 440 422 dicunt.

276 448 482 502 Phrygia.

500 381 664 435 Cybele
700 394 802 422 vero
842 381 997 422 eadem
1033 381 1149 422 dicta
1190 394 1217 422 a
1251 381 1367 432 loco,
1405 382 1480 436 qui
1515 387 1582 423 est
1616 382 1661 423 in

219 515 403 570 Cybium
421 514 438 538 ‘¹
470 517 649 565 dictum,
669 517 775 570 quia
796 516 893 570 ejus
925 517 1116 558 medium
1148 530 1275 570 aeque
1297 520 1417 570 patet
1443 518 1486 557 in
1508 530 1660 558 omnes

275 589 437 638 partes,
458 585 575 638 quod
595 596 731 636 genus
753 597 779 624 a
799 585 1029 635 geometris
1044 584 1154 634 κύβον
1170 584 1345 625 dicitur.
1377 583 1508 624 Unde
1528 585 1661 625 etiam

273 653 466 694 tessellae
504 652 730 706 quadratae
763 652 883 703 κύβοι.

944 652 1066 694 Hinc
1102 659 1148 693 et
1182 652 1308 703 κύβιον
1342 665 1476 705 genus
1505 652 1660 705 piscis,

273 721 377 773 qnia
400 721 622 773 piscantes
643 719 688 760 id
710 732 845 771 genus
865 719 1056 773 piscium
1077 721 1197 762 velut
1218 720 1362 761 aleam
1382 719 1546 760 ludant.

218 785 446 840 Cyllenius
461 793 474 809 Ε
506 787 751 829 Mercurius
772 787 936 838 dictus,
959 787 1074 841 quod
1094 801 1267 829 omnem
1289 801 1380 829 rem
1402 801 1543 829 sermo
1565 786 1659 828 sine

815 894 937 907 ccccc

940 895 1060 908 ‘‘‘‘‘‘

259 963 294 990 ll
324 960 377 993 Al.
397 961 532 1001 κιβίβον,
550 962 601 994 vel
617 961 768 1004 βέβηλον,
785 963 837 994 vel
854 962 1012 1001 κυβήβειν,
1026 964 1078 994 vel
1095 962 1228 998 κύβικος.
1271 962 1348 994 Vid.
1367 961 1448 993 Nol,

865 1075 1009 1107 NOTAE

215 1139 292 1166 tura
308 1135 404 1168 Voss.
421 1136 476 1177 qui
493 1137 674 1178 legendum
693 1139 819 1170 monuit
835 1138 909 1170 σκύ-

212 1197 278 1223 τυς,
303 1186 392 1226 quod
411 1187 560 1228 Hesycli.
578 1189 825 1228 iuterpretatur
849 1190 911 1219 πᾶν

212 1236 316 1277 δέρμα,
340 1242 348 1254 ‘
362 1246 492 1269 omnem
508 1238 651 1278 pellem)
691 1238 719 1269 A
731 1238 843 1271 σκύτος
858 1251 910 1271 cu-

213 1289 266 1326 tis,
293 1293 330 1320 ut
353 1298 372 1319 a
395 1288 499 1328 στέγω
515 1293 597 1328 tego.
627 1289 658 1321 A
673 1289 786 1322 σκύτος
808 1292 910 1323 etiam

213 1342 333 1369 scutum
350 1344 384 1370 et
399 1341 526 1371 scutica.
551 1341 634 1371 Dac.

255 1394 268 1408 ⁰
295 1390 423 1430 Cybele]
454 1391 618 1430 Deorum,
634 1396 742 1422 mater
764 1391 909 1433 ideoque

212 1449 333 1479 magna
351 1445 459 1471 mater
484 1441 588 1471 dicta.
636 1442 704 1472 Sed
729 1442 909 1482 legendum

215 1489 352 1530 Cybebe.-
366 1496 401 1521 nt
411 1491 489 1521 viris
501 1492 611 1522 doctis
625 1492 765 1532 placuit.
790 1494 910 1534 Cybebe

211 1542 300 1572 enim
318 1552 337 1573 a
354 1542 476 1574 Graeco
493 1543 635 1579 κύβιβον,
658 1545 731 1584 lege
757 1543 910 1586 κύβηβον,

211 1591 265 1621 vel
292 1596 328 1621 ut
354 1592 409 1621 alii
425 1592 584 1628 κυβήβειν.
625 1593 742 1623 Malim
758 1593 909 1631 κύβηβον.

212 1641 301 1672 Nam
319 1642 450 1679 κύβηβοι
477 1643 616 1683 proprie
633 1643 778 1683 Cybeles
795 1644 908 1678 furore

210 1693 376 1732 correpti,
391 1699 427 1724 ut
440 1693 556 1731 βακχοὶ
568 1694 623 1734 qui
642 1694 768 1725 Bacchi
785 1695 909 1735 spiritu

211 1740 301 1780 pleni
329 1747 438 1781 erant,
467 1743 681 1774 dicebantur.
728 1743 816 1774 Vide
843 1745 908 1775 En-

211 1792 312 1822 statli.
331 1792 363 1821 in
379 1792 521 1828 κύβηβοι.
551 1794 611 1824 Est
629 1798 741 1824 autem
759 1794 909 1831 κυβήβειν

209 1840 299 1871 idem
318 1842 404 1882 quod
418 1843 713 1883 κυβιστᾷν,εθρίῑίς
737 1845 907 1877 rotatione

210 1891 358 1922 furorem
396 1894 609 1930 contrahere,
639 1894 728 1933 quod
761 1895 905 1934 Cybeles

211 1942 444 1973 sacerdotibus
461 1943 601 1973 solenne
618 1942 695 1972 fuit.
726 1943 884 1975 Lucanus
900 1957 905 1974 :

209 1993 218 2008 ‘
237 1992 432 2033 crinemque
463 1997 617 2023 rotantes
643 1992 820 2031 Sanguiuei
850 2004 907 2034 po-

209 2042 298 2081 pulis
315 2043 484 2073 ulularunt
502 2043 609 2072 tristia
626 2041 743 2073 Gaui:
779 2043 905 2075 Eadem

211 2092 324 2133 Cybele
341 2102 358 2123 a
375 2093 504 2133 Cybelo
521 2093 677 2133 Pin-ygiae
702 2099 816 2124 monte
838 2094 908 2125 dic-

208 2148 255 2173 ta.
301 2144 345 2174 Et
368 2144 455 2174 male
480 2143 536 2184 qui
561 2152 635 2183 pre,
652 2143 679 2174 A
697 2144 762 2173 loco
785 2146 837 2184 qui
860 2150 906 2177 ese

206 2194 239 2223 ’ἱη
256 2193 410 2234 Phrygia,
424 2195 552 2234 legunt,
564 2194 657 2225 alueo
672 2195 724 2234 qui
739 2198 782 2225 est
798 2196 830 2226 in
843 2196 904 2229 ΡΙι.

208 2242 319 2275 Idem.

249 2293 263 2313 ‘¹
290 2293 436 2334 Cybium]
467 2294 670 2325 Salsamenti
694 2294 764 2325 sive
782 2296 902 2327 taricbi

208 2355 313 2384 genus
323 2346 688 2386 quadi-attini,aGraeco
698 2345 903 2388 mfflunquod

207 2397 400 2428 Geometris
424 2399 562 2439 figuram
578 2399 777 2440 quadratam
795 2405 901 2431 notat.

206 2448 235 2479 A
256 2448 440 2489 Pelamyde
455 2449 560 2480 fiebat
573 2450 722 2490 cybium,
739 2450 818 2490 quia
837 2449 901 2480 Pe-

205 2498 310 2537 lamys
328 2498 360 2527 in
377 2498 473 2536 cybia
488 2499 678 2529 secabatur.
716 2498 900 2529 Athenaeus

205 2547 263 2577 lib.
288 2555 328 2577 11.
351 2547 477 2578 Ἱκέσιος
501 2549 525 2577 δ’
549 2549 581 2579 ἐν
598 2548 727 2589 δευτέρῳ
741 2548 808 2588 περὶ
825 2549 900 2586 ὕλης

203 2597 381 2635 πελαμύδας
412 2598 502 2632 κυβὶα
539 2597 613 2629 εἶναί
649 2606 725 2638 φασι
761 2599 897 2638 μεγάλα.

203 2648 293 2679 Ptin.
311 2649 365 2678 lib.
385 2657 435 2679 tx.
453 2658 528 2688 cap.
548 2652 595 2679 15.
619 2652 627 2666 ⁴
645 2651 846 2691 Pelamydes
864 2652 896 2681 in

204 2699 376 2740 apolectos
407 2699 702 2741 particulatimque
729 2706 896 2735 consectae

964 1140 997 1171 in
1028 1149 1153 1181 genera
1182 1139 1357 1180 cybiorum
1389 1134 1663 1177 dispartiuntur.’

967 1192 1010 1222 Et
1026 1192 1079 1222 bic
1098 1200 1166 1222 mos
1184 1190 1366 1221 etiamnum
1378 1189 1479 1218 durat
1495 1197 1504 1225 3
1528 1186 1659 1216 Tliunni

964 1242 1053 1272 enim
1070 1242 1126 1283 qui
1143 1246 1177 1272 et
1195 1239 1411 1280 Pelamydes,
1435 1238 1468 1268 in
1495 1237 1593 1275 cybia
1610 1246 1661 1266 se-

965 1298 1095 1323 cantur.
1141 1291 1237 1322 Infra
1252 1291 1384 1325 Festus,
1397 1298 1472 1319 cum
1490 1289 1537 1319 ait
1553 1287 1661 1322 κύβιον

965 1353 1037 1375 esse
1051 1353 1156 1384 genus
1174 1341 1288 1383 pisciS,
1304 1339 1515 1381 pelamydem
1537 1338 1663 1368 intelli-

966 1396 1027 1435 git,
1049 1394 1106 1425 sod
1135 1394 1166 1423 in
1184 1402 1224 1423 eo
1250 1391 1352 1422 falsus
1370 1394 1432 1427 est,
1448 1387 1536 1429 quod
1561 1386 1662 1417 Pela—

964 1445 1081 1485 mydas
1109 1443 1207 1484 cybia
1238 1442 1332 1472 dicta
1360 1439 1464 1470 fuisse
1493 1438 1662 1478 opinatur,

964 1506 1040 1527 cum
1068 1504 1182 1526 earum
1209 1497 1340 1523 tantum
1365 1489 1512 1520 frustilla
1529 1488 1561 1518 in
1580 1498 1660 1528 qua-

964 1547 1061 1577 drum
1088 1545 1222 1577 concisa
1238 1542 1338 1583 cybia
1356 1541 1447 1571 dicta
1464 1540 1544 1570 sint.
1592 1539 1659 1569 Ne-

963 1607 1029 1637 que
1057 1597 1160 1628 Festo
1183 1594 1275 1626 favet
1293 1592 1439 1630 Plinius,
1460 1596 1498 1621 ut
1519 1589 1659 1621 doctiss.

962 1647 1145 1678 Salmasius
1162 1643 1383 1682 existimavit,
1399 1641 1453 1682 qui
1471 1645 1507 1671 et
1523 1640 1660 1671 Festum

964 1702 1000 1728 et
1013 1697 1159 1727 Plinium
1174 1694 1294 1726 eodem
1310 1691 1408 1723 modo
1422 1690 1586 1730 deceptos
1602 1699 1660 1729 nu-

964 1752 1027 1778 tat.
1074 1745 1176 1776 Plinii
1204 1743 1310 1775 verba
1333 1746 1412 1773 sunt
1428 1750 1469 1771 ex
1487 1740 1546 1770 lib.
1564 1747 1659 1769 xxn.

963 1808 1038 1838 cap.
1055 1797 1117 1829 ult.
1141 1797 1151 1813 ⁴
1169 1795 1325 1836 Cybium,
1340 1793 1386 1824 ita
1403 1796 1545 1822 vocatur
1569 1791 1660 1829 pela-

962 1858 1048 1889 mys,
1074 1857 1147 1889 quae
1174 1850 1252 1887 post
1277 1854 1332 1876 xx,-
1355 1844 1428 1875 dies
1453 1853 1472 1874 a
1498 1849 1602 1883 ponto
1627 1843 1659 1873 in

963 1898 1118 1929 Maeotim
1146 1895 1349 1927 revertitur!
1403 1893 1470 1925 Sed
1497 1893 1586 1924 enim
1614 1894 1660 1923 vi-

962 1949 1049 1980 tioso
1065 1948 1184 1980 codice
1198 1946 1381 1978 Salmasius
1396 1944 1570 1983 utebatur,
1581 1953 1657 1973 uam

962 2008 1076 2029 omnes
1103 1998 1157 2029 alii
1179 1998 1235 2038 qui
1251 1997 1398 2028 melioris
1415 1999 1503 2026 notae
1517 1998 1606 2031 sunt,
1623 2003 1657 2023 a-

962 2052 1060 2087 perte
1077 2046 1277 2087 praeferuut,
1305 2045 1449 2085 Cybium,
1470 2043 1516 2073 ita
1531 2046 1658 2072 vocatur

959 2098 1080 2128 concisa
1090 2097 1239 2136 pelamys,
1253 2097 1305 2134 &⁰-
1336 2094 1375 2124 In
1392 2094 1471 2133 fine,
1487 2101 1561 2123 cum
1577 2092 1654 2122 Fes-

961 2151 1013 2179 tus
1039 2148 1088 2178 ait
1117 2147 1288 2186 piscantes
1307 2145 1432 2184 piscem
1448 2144 1541 2174 illum
1559 2143 1656 2183 quasi

959 2199 1064 2228 aleam
1081 2197 1209 2231 lusisse,
1234 2196 1277 2226 de
1301 2195 1372 2235 ejus
1390 2193 1504 2233 Cybiis
1531 2192 1654 2222 intelli-

959 2248 1106 2288 gendum
1133 2252 1198 2281 est,
1231 2244 1353 2286 quibus
1380 2243 1567 2284 piscatores
1595 2251 1656 2281 pro

959 2298 1032 2328 alea
1049 2297 1244 2328 utebantur.
1269 2294 1367 2325 Idem.

1002 2352 1016 2368 e
1029 2345 1201 2388 Cyllenius]
1213 2345 1400 2376 Mercurius
1412 2344 1560 2374 Deorum
1572 2352 1654 2372 nun-

958 2398 1024 2429 tius
1041 2403 1076 2428 et
1092 2398 1277 2436 interpres,
1292 2399 1325 2425 et
1341 2394 1421 2435 quia
1431 2402 1544 2424 eorum
1561 2402 1653 2423 nian-

956 2448 1038 2478 data
1053 2456 1206 2478 sermone
1231 2444 1462 2485 exequebatur
1486 2443 1557 2473 sine
1583 2452 1652 2473 ma·

955 2508 1057 2529 nuum
1075 2498 1210 2537 auxilio,
1227 2507 1246 2528 a
1258 2496 1380 2526 Graeco
1395 2492 1522 2531 κυλλὸς,
1536 2494 1545 2509 ‘
1559 2501 1649 2522 man-

956 2549 1038 2587 cus‚’
1061 2548 1250 2588 Cyllenium
1272 2546 1399 2576 dictum
1416 2545 1535 2574 Festus
1552 2549 1647 2582 puta.

956 2601 1014 2631 vit,
1059 2599 1124 2630 Ubi
1152 2598 1243 2629 illum
1272 2604 1381 2627 meras
1408 2603 1512 2633 nugas
1532 2593 1649 2623 ludere

954 2660 1052 2680 nemo
1070 2659 1134 2680 non
1152 2648 1255 2679 videt.
1301 2647 1352 2677 Ita
1369 2645 1457 2675 enim
1475 2654 1493 2674 a
1509 2644 1648 2683 Cyllene

955 2699 1111 2731 Arcadiae
1143 2702 1254 2729 monte
1284 2695 1396 2727 dictus
1427 2699 1490 2725 est.
1551 2693 1645 2733 Virg.
