1835 2906
188 134 274 176 134

630 145 779 176 SEXTI
811 146 1015 177 POMPElI
1049 145 1186 176 FESTI

192 239 378 283 Cancri²
409 239 668 283 dicebantur
699 243 754 283 ab
785 232 1099 296 antiquiSJqui
1131 253 1245 282 nunc
1275 254 1351 296 per
1373 242 1633 283 deminutio-

246 321 345 349 nem
381 307 567 349 cancelli
587 322 596 348 :
628 322 687 350 ex
708 322 796 363 quo
819 322 973 362 genere
1007 314 1108 350 sunt
1124 309 1282 359 calces,
1303 310 1378 363 qui
1398 322 1476 363 per
1496 309 1634 350 demi-

246 374 470 416 nutionem
487 376 763 430 appellantur
782 377 953 418 calculi.

192 440 512 483 Candelabrum
528 447 544 464 ²²
563 443 743 493 dictum,
766 443 884 499 quod
906 444 948 484 in
969 456 1022 484 eo
1043 441 1242 484 candelae
1264 441 1465 496 figantur.

192 507 410 551 Canentas
427 508 442 532 ¹³
463 511 627 563 capitis
649 514 918 552 ornamenta.

192 575 486 631 Canephora⁵
502 582 516 598 ⁰
547 578 702 618 mulier
730 579 992 632 appellatur,
1024 590 1124 632 quae
1146 576 1226 618 sert
1248 589 1433 627 canum3
1469 575 1516 616 id
1548 581 1633 626 est,

250 644 430 697 qualum
453 644 576 697 quod
597 649 665 685 est
687 646 810 687 cistae
830 658 982 699 genus.

191 708 400 752 Canicaed
430 711 615 752 furfures
636 712 690 753 de
712 713 838 762 farre,
859 725 886 754 a
908 714 1009 754 cibo
1032 725 1189 753 canum
1201 716 1391 754 vocatae.

192 776 521 818 Canitudineme
548 791 629 831 pro
649 780 824 821 canitie.

885 780 1078 820 Plautus
1097 793 1106 821 :
1139 779 1312 820 Stultus
1330 784 1398 820 est
1420 778 1634 820 adversus

250 847 425 884 aetatem
447 849 490 886 et
511 846 672 898 capitis
695 846 1008 887 canitudinem.

799 957 934 968 ooeeeee

234 1026 251 1052 5
278 1020 345 1052 Alii
365 1022 524 1060 Canifera.

938 956 1032 968 ‘oete

846 1129 878 1160 N
884 1128 989 1161 OTAE

189 1186 354 1219 cancellos
378 1188 533 1232 intelligo
556 1192 612 1233 qui
635 1193 756 1224 canales
779 1192 885 1226 dicti:

190 1242 227 1268 et
251 1238 300 1269 ita
326 1240 415 1272 hunc
442 1241 553 1274 locum
580 1245 715 1284 accepit
737 1244 889 1276 doctissi-

189 1297 262 1319 mus
288 1289 471 1323 Salmasius
496 1293 553 1334 qui
581 1294 668 1325 hunc
689 1295 889 1326 Tertulliani

189 1339 299 1370 locum
316 1341 478 1373 adduxit:
504 1345 513 1360 ‘
531 1343 609 1376 Jam
632 1349 668 1375 et
684 1344 726 1376 de
750 1345 888 1386 negotio

189 1396 377 1432 provocat3
402 1403 477 1435 ego,
494 1394 616 1436 inquit,
632 1397 712 1427 nihil
728 1396 814 1433 foro,
837 1397 887 1428 ni-

188 1441 237 1473 hil
265 1451 396 1484 campo,
421 1445 503 1477 nihil
527 1448 630 1478 curiae
658 1448 780 1489 debeo,
806 1449 887 1480 nihil

188 1491 301 1524 officio
323 1494 482 1537 advigilo,
506 1497 598 1528 nulla
624 1502 734 1529 rostra
759 1508 888 1539 praeoc-

189 1551 289 1583 copo,
306 1546 398 1577 nulla
425 1548 590 1586 praetoria
611 1548 766 1589 observo,
786 1559 886 1581 cana-

188 1592 238 1623 les
263 1603 327 1624 non
353 1595 468 1636 adoro,
484 1597 644 1628 subsellia
660 1608 727 1629 non
743 1605 886 1631 contun-

188 1641 258 1682 d0,'
273 1646 338 1676 &c.
382 1646 536 1687 Scaliger
547 1656 611 1678 non
629 1649 750 1679 canales
761 1649 821 1680 sed
837 1660 886 1680 ca—

187 1694 287 1724 nalem
304 1695 454 1736 legebat‚
468 1702 504 1727 ut
518 1697 606 1738 apud
626 1698 739 1729 Plaut.
754 1700 889 1731 Curcul.

188 1752 243 1775 Π.
263 1747 293 1775 1.
327 1746 337 1762 ‘
357 1746 395 1776 In
413 1745 486 1777 foro
503 1747 618 1779 infimo
643 1749 720 1779 boni
739 1750 891 1781 homines

187 1798 289 1834 atque
328 1795 417 1826 dites
454 1797 641 1830 ambulant.
692 1800 731 1830 In
767 1799 890 1836 medio,

189 1850 331 1885 propter
344 1847 507 1886 canalem,
520 1847 565 1878 ibi
581 1854 807 1881 ostentatores
818 1861 885 1881 ine-

190 1893 241 1924 ri.’
275 1895 331 1926 Ita
347 1901 385 1927 ut
399 1897 408 1913 ‘
426 1897 508 1927 meri
524 1902 752 1930 ostentatores
765 1899 772 1912 ’
786 1901 885 1931 Plau-

193 1947 228 1974 to
252 1943 421 1986 dicautur,
437 1947 493 1987 qui
512 1946 614 1978 Festo
641 1950 650 1964 ‘
668 1949 886 1981 canalicolae.’

191 1994 272 2025 Duc.

232 2050 245 2064 ²
269 2045 397 2086 Cancri]
421 2046 561 2086 Cancer,
578 2047 744 2086 canceris,
759 2053 793 2079 et
817 2057 887 2079 mu-

192 2098 265 2126 tato
289 2105 308 2126 n
331 2095 365 2126 in
381 2106 410 2135 r,
428 2097 567 2133 Carcer,
589 2097 756 2129 carceris:
782 2108 846 2129 non
871 2108 891 2129 a

192 2145 393 2186 coercendo,
409 2151 446 2177 ut
463 2147 583 2179 Varro.
607 2148 773 2188 Apuleius
790 2160 796 2178 :
822 2150 830 2166 ‘
842 2149 889 2179 in-

192 2200 244 2226 ter
257 2195 337 2226 Orci
355 2197 576 2238 cancrosjam
590 2198 678 2238 ipsos
693 2198 889 2231 adhaesisti.’

192 2248 260 2278 Jos.
278 2249 359 2279 Scul.

237 2298 368 2338 Cancri]
414 2298 602 2339 Apuleius:
640 2300 649 2316 ‘
671 2299 769 2331 Inter
806 2300 890 2332 Orci

192 2356 334 2378 cancros
355 2350 425 2388 jam
450 2351 539 2389 ipsos
565 2350 761 2381 adhaesisti!
807 2352 889 2382 Can—

191 2397 237 2427 cri
265 2407 325 2437 per
352 2399 607 2430 diminutionem
636 2401 774 2440 cancelli,
802 2406 839 2431 ut
872 2412 891 2431 a

189 2450 198 2464 ‘
214 2448 323 2479 calces
336 2448 343 2460 ’
360 2449 369 2464 ‘
382 2450 527 2481 calculi.'
583 2452 670 2482 Sunt
687 2457 800 2483 autem
819 2462 889 2483 can—

190 2499 260 2529 celli
273 2503 369 2539 septa
383 2500 549 2539 quaedam,
562 2502 678 2542 rectis,
689 2502 844 2542 obliquis,
856 2507 891 2533 et

191 2549 393 2579 transversis
409 2549 507 2589 lignis
524 2557 700 2592 contexta,
723 2552 887 2585 fenestel-

191 2598 231 2629 lis
244 2598 414 2629 distincta.
438 2600 520 2630 Duc.

234 2652 248 2667 ³
266 2648 503 2689 Camlelubrimz]
534 2650 559 2680 Λ
580 2652 720 2684 candela
744 2655 885 2693 (lictum,

192 2698 293 2730 <locet
315 2699 417 2730 etiam
446 2700 553 2732 Varro
579 2702 634 2732 lib.
656 2712 705 2735 iv.
730 2705 770 2736 ‹le
791 2706 825 2737 L.
846 2707 881 2736 L.

942 1194 1030 1226 hrum
1071 1198 1184 1225 autem
1221 1197 1275 1224 est
1308 1191 1398 1223 vocis
1447 1189 1639 1231 productio.

944 1245 1088 1276 Frustra
1103 1244 1207 1284 igitur
1223 1243 1279 1284 qui
1297 1253 1315 1274 a
1335 1243 1463 1273 candela
1477 1246 1512 1272 et
1528 1241 1639 1276 λαβεῖν

941 1305 1060 1336 capere,
1074 1294 1127 1325 vel
1141 1304 1159 1325 a
1170 1294 1296 1325 candela
1311 1297 1346 1324 et
1361 1292 1490 1323 labrum.
1508 1291 1617 1322 Idem.

985 1347 999 1368 b
1012 1345 1183 1385 Canentas]
1197 1345 1329 1385 Capitis
1342 1347 1552 1375 ornamenta:
1570 1342 1639 1372 foi·-

944 1407 1016 1437 san,
1028 1397 1137 1438 inquit
1149 1397 1248 1427 Voss.
1265 1406 1283 1426 a
1299 1395 1425 1428 καινοῖς,
1443 1403 1516 1434 quae
1533 1392 1564 1422 in
1582 1401 1638 1422 ca-

944 1448 1014 1488 pite
1031 1446 1212 1488 portabant
1230 1445 1454 1485 Canephorae,
1470 1442 1532 1473 nisi
1548 1443 1640 1482 lega-

944 1503 1000 1529 tur
1020 1500 1174 1536 carentes,
1191 1506 1210 1527 a
1226 1496 1349 1528 Graeco
1365 1492 1507 1533 κάρηνον,
1524 1495 1639 1532 caput.

945 1549 1043 1580 Idem.

982 1603 996 1619 ⁰
1011 1596 1206 1638 Canephora]
1230 1596 1352 1628 Graece
1370 1592 1555 1633 Κανηφόροι,
1578 1592 1642 1622 vir·

941 1648 1036 1689 gines
1049 1658 1124 1689 quae
1139 1649 1171 1678 in
1189 1646 1426 1678 Panathenaeis
1440 1645 1554 1675 aliisve
1572 1642 1639 1673 fes-

945 1698 988 1729 tis
1003 1707 1087 1728 cana
1105 1697 1218 1735 capite
1240 1695 1411 1734 ferebant,
1437 1699 1476 1725 ut
1493 1691 1641 1729 Palladi,

946 1747 1076 1788 Cereri,
1096 1747 1242 1785 Baccho,
1263 1746 1383 1777 Dianae
1401 1745 1515 1776 etiam.
1539 1744 1638 1774 Idem.

986 1797 1001 1818 ⁴¹
1020 1797 1158 1837 Canicoe]
1176 1796 1205 1827 A
1219 1796 1359 1827 canibus
1376 1795 1527 1827 scilicet:
1563 1793 1639 1824 vide

945 1848 1175 1888 proverbium,
1189 1845 1268 1878 κύων
1279 1846 1339 1877 ἀπὸ
1354 1846 1537 1885 μα-γδαλιᾶς.
1573 1844 1641 1874 Pa-

941 1900 1079 1930 cuvius:
1105 1903 1112 1915 ‘
1125 1899 1191 1931 Qui
1205 1898 1295 1938 apud
1309 1903 1343 1929 te
1357 1898 1449 1939 quasi
1463 1906 1576 1928 servos
1588 1900 1641 1927 est

942 1949 1154 1981 canicaceum
1173 1948 1318 1988 panem.'
1340 1949 1411 1979 Jos.
1430 1948 1513 1979 Scal.

987 1999 1127 2039 Canicoe]
1147 1998 1310 2030 Furfures
1325 1998 1368 2029 de
1385 1997 1493 2035 farre3
1508 1995 1640 2027 Veteri-

941 2050 1069 2081 busita
1095 2050 1195 2080 dictae
1214 2048 1303 2089 quod
1329 2048 1394 2079 cibi
1414 2056 1534 2079 canum
1560 2047 1639 2078 siut.

944 2100 1052 2130 Lucil.
1083 2099 1140 2131 lib.
1171 2107 1293 2130 xxvn.
1339 2101 1348 2114 ¹
1373 2097 1500 2130 Quanti
1537 2097 1642 2126 vellet

945 2159 1044 2191 quam
1063 2147 1189 2180 canicis
1206 2147 1296 2188 apud
1313 2151 1347 2179 te
1363 2153 1396 2178 et
1408 2145 1553 2187 magoni’
1567 2146 1641 2177 Ma·

942 2199 1011 2230 nu.’
1045 2199 1135 2229 Hinc
1153 2198 1359 2229 Caninaceum
1376 2206 1437 2237 pro
1446 2196 1640 2235 fwfuraceo.

944 2248 1136 2279 Pacuvius:
1162 2253 1170 2265 ‘
1185 2248 1250 2280 Qui
1265 2248 1354 2288 apud
1373 2252 1406 2278 te
1421 2247 1513 2286 quasi
1525 2255 1639 2277 servos

945 2305 997 2330 est
1013 2299 1231 2330 caninaceum
1250 2297 1392 2339 panem!
1416 2298 1498 2328 Dae.

986 2355 999 2370 ε
1013 2348 1247 2388 Canitudinem]
1271 2348 1380 2379 Periit
1397 2357 1437 2378 ea
1453 2347 1568 2378 fabula
1585 2356 1640 2377 ςιι·

938 2401 996 2441 jus
1016 2401 1124 2431 locum
1141 2399 1299 2430 laudabat
1314 2400 1445 2429 Festus.
1469 2397 1640 2429 Albitudi-

945 2461 1020 2482 nem
1038 2451 1140 2482 etiam
1155 2450 1244 2480 dixit
1259 2450 1371 2480 Plaut.
1386 2448 1596 2479 Trinnm.1v.
1608 2450 1639 2477 2.

944 2503 953 2518 ‘
967 2501 1187 2533 Lesbonicum
1199 2501 1252 2531 hic
1264 2500 1512 2531 adolescentem
1525 2507 1639 2538 quaero

943 2553 975 2583 in
993 2553 1042 2583 uis
1060 2551 1250 2592 regionibus
1267 2550 1334 2582 Ubi
1349 2549 1489 2585 habitet,
1508 2553 1542 2578 et
1557 2548 1637 2577 item

941 2603 1083 2634 alterum
1116 2602 1158 2632 ad
1186 2602 1285 2632 istam
1316 2599 1436 2640 capitis
1478 2596 1636 2629 albitudi-

941 2652 1038 2684 ιιι-ιιι.ν
1063 2653 1159 2683 Idem.
