1835 2906
376 176 437 205 DE
472 173 742 204 VERBORUM
777 172 1184 202 SlGNlFlGATlONF.
1221 175 1314 204 LIB.
1349 176 1375 203 1.

1540 167 1595 207 69

159 270 395 311 Ambitus³
425 270 603 323 proprie
636 269 792 310 dicitur
826 268 938 308 inter
975 268 1211 308 vicinorum
1251 269 1438 309 aedificia
1470 270 1595 312 locus

213 339 396 379 duorum
413 337 576 390 pedum
600 341 644 378 et
663 335 912 388 semipedis,
932 335 988 376 ad
1007 336 1171 376 circum
1195 336 1322 376 eundi
1343 336 1595 379 facultatem

213 405 415 445 relictus:
444 418 501 444 ex
522 417 608 458 quo
628 404 758 444 etiam
779 403 956 442 honoris
977 403 1170 446 ambitus
1186 402 1201 424 b
1222 403 1309 443 dici
1330 409 1508 456 coeptus
1530 409 1595 445 est

214 487 240 513 a
262 473 422 513 circum
441 473 599 519 cundo,
618 469 1010 524 supplicandoque.

1069 469 1274 510 Ambitus
1296 472 1467 524 proprie
1489 472 1598 513 dici-

215 543 284 580 tur
319 540 527 580 circuitus
566 537 849 578 aedificiorum
892 540 1046 590 patens
1082 537 1127 576 in
1161 538 1425 578 latitudinem
1459 539 1597 592 pedes

215 609 328 648 duos
363 612 408 647 et
443 606 689 656 semissem3
722 607 764 645 in
800 604 1110 657 longitudinem
1139 605 1272 655 idem,
1306 606 1424 658 quod
1459 607 1598 647 aedifi-

215 676 348 715 cium:
373 674 449 714 sed
470 678 512 715 et
532 673 684 714 eodem
707 672 924 713 vocabulo
946 673 1107 713 crimen
1128 673 1341 724 avaritiae,
1363 674 1433 714 vel
1455 675 1599 715 adfec-

214 742 293 782 tati
310 742 483 781 honoris
504 740 766 793 appellatur.

158 807 329 848 Amboc
361 821 416 848 ex
438 807 600 849 Graeco
624 807 787 848 dictum
809 812 840 837 ¹7
863 806 1047 856 videtur,
1070 807 1188 860 quod
1215 806 1273 848 illi
1294 806 1407 859 ἄμφω
1430 809 1597 850 dicunt.

158 873 419 916 Ambricesd
450 875 651 928 tegulae,¹⁸
682 888 779 928 quae
809 878 1072 916 transversae
1095 875 1342 916 asseribus:
1374 880 1415 916 et
1437 877 1599 929 tegulis

216 943 560 995 interponuntur.

160 1010 404 1051 Ambrones
421 1016 434 1031 θ
465 1011 639 1050 fuerunt
660 1023 763 1062 gens
784 1009 988 1062 quaedam
1006 1009 1196 1057 Gallica,
1216 1005 1290 1062 qui
1313 1010 1458 1050 subita
1475 1009 1600 1050 inun-

759 1118 874 1129 “oe“

880 1118 998 1130 eoo-‘00

202 1187 239 1215 17
268 1182 333 1214 Alii
350 1183 437 1223 libri,
456 1188 543 1215 teste
561 1184 647 1214 Scal.
665 1186 888 1216 ductum.--IS
912 1185 975 1216 Ed.
992 1184 1082 1215 Scal.
1101 1184 1224 1222 regula:

811 1291 953 1322 NOTAE

157 1372 220 1394 oue
232 1364 419 1410 ambientis.
444 1365 620 1397 Quomodo
632 1371 665 1398 et
680 1366 768 1407 apud
780 1367 850 1397 Sal-

158 1415 293 1445 lustium
310 1416 443 1448 alicubi.
469 1417 566 1448 Idem.
709 1451 711 1453 ,

200 1466 387 1507 aAmbitus]
416 1468 514 1498 Varr.
538 1468 597 1499 lib.
620 1477 671 1498 rv.
698 1468 740 1498 de
763 1468 799 1498 L.
815 1469 851 1500 L.

158 1521 167 1534 ‘
182 1517 350 1555 Ambitus,
364 1519 428 1550 iter
443 1520 530 1559 quod
546 1520 788 1551 circumeundo
803 1526 852 1550 te-

158 1568 256 1607 ritur,
272 1579 345 1600 nam
364 1571 508 1601 ambitus
525 1571 732 1609 circumitus,
744 1571 784 1601 ab
796 1580 850 1601 eo-

159 1629 224 1660 que
238 1620 415 1657 ,duodecim
435 1621 622 1652 tabularum
646 1622 852 1662 interpretes

160 1669 321 1701 ambitum
359 1673 498 1712 parietis
535 1672 748 1703 circumitum
779 1682 851 1702 esse

161 1721 340 1752 dixerunt.‘
365 1723 461 1753 Idem.

202 1771 347 1802 Ambitus
356 1773 477 1810 proprie
489 1771 621 1811 dicitur]
637 1771 762 1801 Eadem
778 1781 852 1811 quae

164 1822 351 1862 superiora,
376 1823 464 1853 uude
488 1821 588 1852 facile
612 1822 665 1853 liic
689 1823 853 1861 geminam

163 1881 294 1902 manum
312 1883 487 1912 agnoscas,
502 1879 536 1903 et
551 1883 624 1913 quae
638 1880 824 1913 sequuntur
837 1883 856 1903 a

161 1923 269 1953 Panlo
287 1933 360 1954 esse
384 1933 450 1954 non
474 1924 640 1954 immerito
664 1923 855 1963 suspiceris·

162 1973 260 2004 Idem.

203 2021 217 2041 ¹³
237 2023 288 2052 Ex
299 2032 355 2062 quo
365 2022 458 2053 etiam
469 2022 590 2052 honoris
603 2022 750 2062 ambitus]
769 2022 854 2053 Cum

159 2072 395 2111 largitionibus
410 2078 442 2102 et
457 2072 854 2112 profusionibusjudices

161 2132 379 2162 corrumpere
391 2122 612 2161 conabantur,
622 2122 754 2152 ambitus
765 2122 854 2153 dice-

163 2172 274 2210 batur,
289 2173 415 2203 ambitio
429 2182 518 2211 vero,
529 2173 637 2212 ipsum
655 2173 787 2204 honoris
799 2174 855 2204 de-

162 2222 336 2253 siderium.
382 2222 527 2254 Ambitus
543 2233 578 2253 re
594 2227 628 2254 et
650 2229 728 2254 actu
757 2223 857 2264 perfi-

163 2274 263 2313 citur,
285 2274 410 2304 ambitio
439 2279 571 2306 tantum
595 2275 627 2305 in
653 2275 762 2305 animo
793 2280 857 2315 est,

164 2334 351 2364 quanquam
367 2325 500 2355 ambitus
516 2330 549 2356 et
569 2325 696 2356 ambitio
712 2326 856 2356 invicem

166 2372 433 2414 confunduntur,
461 2380 496 2406 et
526 2375 653 2407 ambitio
687 2386 748 2416 pro
784 2377 858 2415 ipsa

166 2423 342 2454 ambientis
358 2425 490 2455 actione
507 2431 545 2456 ut
567 2436 678 2466 supra.
722 2427 859 2458 Ambitio

167 2475 270 2505 etiam
288 2480 387 2505 extra
402 2485 533 2506 omnem
553 2477 775 2517 cupiditatem
801 2478 860 2508 ho-

166 2535 282 2555 norum
307 2531 359 2556 est
382 2526 622 2566 obsequentior
652 2528 859 2568 popularitas

167 2581 203 2607 et
228 2577 413 2615 impensum
438 2577 584 2606 studium
606 2578 783 2617 captandae
802 2589 859 2617 po-

168 2627 295 2667 pularis
312 2627 441 2666 gratiae,
455 2626 544 2656 unde
561 2627 743 2665 ambitiosi,
759 2638 862 2668 supra

134 2710 137 2711 ⁷
168 2677 302 2707 modum
318 2687 399 2717 erga
417 2677 480 2707 sibi
503 2677 672 2717 subjectos
696 2677 810 2709 faciles
827 2685 863 2711 et

169 2726 384 2768 indulgentes
401 2727 509 2759 studio
525 2727 703 2768 captandae
722 2729 861 2769 popula-

906 1367 949 1396 ris
966 1376 1066 1397 aurae.
1112 1365 1221 1397 Cicer.
1242 1374 1262 1395 1.
1288 1364 1329 1395 ad
1357 1363 1519 1396 Quintum
1536 1361 1603 1392 fra-

906 1422 992 1448 trem
1005 1427 1061 1457 ep.
1081 1419 1154 1448 112.
1198 1417 1207 1432 ⁴
1221 1417 1298 1448 Qua
1314 1415 1357 1446 de
1373 1424 1410 1445 re
1428 1424 1467 1444 ac
1480 1413 1523 1444 de
1540 1413 1602 1443 hoc

907 1478 1031 1508 genere
1058 1472 1143 1506 toto,
1168 1476 1210 1497 ne
1235 1465 1324 1496 forte
1342 1465 1445 1495 mein
1463 1464 1602 1494 Graecos

907 1523 975 1549 tam
995 1518 1207 1548 ambitiosum
1232 1515 1360 1546 factum
1378 1523 1453 1545 esse
1470 1513 1604 1550 mirere,

910 1579 1015 1609 pauca
1032 1565 1223 1607 cognosces
1248 1567 1348 1597 Idem.

948 1624 961 1639 ⁶
978 1618 1090 1659 Ambo]
1101 1617 1191 1647 Vide
1209 1616 1339 1647 incerta
1351 1615 1460 1645 Verrii
1480 1613 1603 1644 Flacci.

908 1670 985 1699 Ant.
1000 1671 1084 1706 Aug.

949 1716 1152 1756 ‹¹Ambrz'ces]
1178 1716 1305 1747 Addito
1334 1714 1501 1745 ldieimus
1528 1716 1603 1744 larn-

909 1768 984 1798 bris.
1003 1770 1089 1799 Dae.

952 1823 965 1838 θ
980 1817 1165 1857 Ambrones]
1188 1816 1286 1850 Quod
1305 1817 1351 1847 ait
1369 1815 1410 1845 de
1429 1815 1605 1846 Ambroni-

910 1869 985 1908 bus,
1000 1868 1111 1899 subita
1128 1868 1346 1898 inundatione
1360 1867 1459 1897 maris
1477 1866 1606 1905 ejectos

909 1919 1030 1959 patriis
1052 1917 1188 1949 sedibus
1216 1916 1330 1956 fuisse,
1355 1916 1386 1946 id
1408 1915 1495 1946 ridet
1512 1916 1607 1946 Stra-

911 1969 965 2008 bo,
980 1969 1035 2010 qui
1052 1968 1125 2009 ejus
1143 1968 1322 1998 sententiae
1340 1971 1510 1996 auctorem
1525 1964 1608 1996 facit

911 2020 1095 2060 Ephorum,
1118 2028 1215 2059 quem
1231 2018 1283 2048 bic
1302 2017 1456 2057 sequitur
1474 2017 1606 2047 Festus.

914 2072 1002 2102 Nam
1020 2070 1062 2101 de
1079 2070 1235 2107 Cimbris,
1258 2078 1399 2109 quorum
1418 2077 1495 2107 pars
1512 2073 1608 2097 eraut

913 2121 1116 2159 Ambrones,
1130 2120 1176 2151 ita
1188 2119 1325 2150 scribit:
1342 2117 1408 2157 περὶ
1421 2116 1452 2147 δὲ
1464 2116 1608 2157 Κίμβρων

909 2171 949 2202 τὰ
962 2170 1019 2210 μὲν
1032 2171 1086 2201 οὐκ
1102 2169 1135 2200 εὖ
1151 2169 1292 2209 λέγεται,
1308 2168 1348 2199 τά
1360 2169 1385 2198 δ’
1401 2167 1467 2206 ἔχει
1485 2167 1608 2199 πιθανό-

910 2234 1007 2260 τητας
1023 2223 1056 2253 οὐ
1072 2221 1206 2262 μετρίας.
1231 2221 1302 2251 οὔτε
1320 2219 1380 2259 ’γὰρ
1391 2219 1450 2255 τὴν
1464 2218 1609 2257 τοιαύτην

911 2273 1010 2304 αἰτίαν
1034 2274 1090 2303 τοῦ
1109 2271 1269 2308 πλάνητας
1303 2271 1447 2309 ’γενέσθαι
1474 2269 1524 2300 καὶ
1550 2276 1608 2311 λῃ-

911 2324 1052 2364 στρικοὺς
1079 2322 1250 2361 ἆποδέξαιτ“
1266 2320 1302 2351 ἅν
1317 2333 1376 2358 τις7
1401 2320 1448 2351 ὅτι
1463 2320 1611 2361 χεῤῥόνη-

912 2387 968 2406 σον
992 2374 1145 2405 οἷκοῦντες
1169 2372 1294 2412 μεγάλῃ
1310 2370 1497 2410 πλημμυρίδι
1523 2373 1609 2411 ἐξελ-

913 2427 975 2457 θεῖν
1002 2426 1036 2455 ἐκ
1062 2426 1124 2455 τῶν
1151 2422 1254 2453 τόπων
1281 2421 1533 2461 ἠναγκάσθησαν.
1559 2422 1610 2453 καὶ

911 2475 971 2514 ’γὰρ
987 2475 1040 2504 νῦν
1055 2473 1163 2512 ἔχουσι
1177 2472 1236 2509 τὴν
1251 2472 1365 2512 χώραν,
1382 2471 1420 2508 ἢν
1434 2471 1520 2510 εἶχον
1533 2471 1609 2511 πρό-

913 2537 1011 2565 τερον.
1033 2526 1131 2555 Post:
1156 2523 1280 2561 ’γελοῖον
1300 2521 1332 2552 δὲ
1348 2522 1395 2560 τῷ
1416 2523 1535 2560 φυσικῷ
1559 2521 1609 2552 καὶ·

915 2575 1039 2614 αῖοωνῖῳ
1051 2574 1139 2605 πάθει
1152 2573 1195 2605 δὶς
1211 2572 1342 2610 ἑκάστης
1353 2571 1465 2613 ἡμέρας
1480 2572 1610 2610 συμβαί-

915 2639 996 2657 νοντι
1031 2623 1291 2665 παροργισθέντας
1324 2623 1467 2654 ἀπελθεῖν
1496 2623 1530 2653 ἐκ
1556 2621 1611 2652 τοῦ

915 2676 1021 2707 τόπου.
1046 2676 1122 2714 lege
1147 2675 1288 2715 reliqua,
1311 2684 1385 2714 quae
1412 2679 1609 2713 sequuntur.

917 2727 1016 2761 Quod
1040 2726 1088 2758 ait
1105 2725 1213 2766 turpis
1233 2725 1309 2756 vitae
1327 2724 1477 2755 homiues
1500 2723 1609 2755 dictos
