1835 2906
199 117 285 159 410

647 120 788 156 S'Exw
825 125 1027 155 ΡΟΜΡΕῙΙ
1066 124 1201 155 FESTI

201 223 373 264 Mensae
389 228 407 244 ¹¹
434 223 478 263 in
500 221 670 264 aedibus
693 222 830 264 sacris
864 234 1034 263 ararum
1059 222 1201 263 vicem
1231 221 1502 263 obtinebant.

201 291 399 332 Mensae0
428 291 472 331 in
492 290 663 333 aedibus
701 291 840 332 sacris
871 303 1038 331 ararum
1070 289 1196 330 vice-m
1233 288 1430 339 obtinent,
1480 287 1647 342 [FEST.

257 358 354 414 quia
386 359 556 412 legibus
589 373 738 401 earum
768 360 961 400 omnium
992 372 1117 399 sacrae
1139 371 1294 413 quoque
1323 370 1462 398 mensae
1492 362 1584 396 suut
1604 362 1649 395 ut

258 425 367 467 velut
388 426 430 467 in
451 441 618 468 ararum
635 426 700 468 vel
729 425 772 467 in
801 425 1030 481 pulvinaris
1068 425 1151 467 loco
1185 425 1281 466 sint.

1341 424 1518 466 Privati
1539 437 1650 478 quo-

259 508 346 548 que
378 495 422 535 in
455 495 592 548 privis
626 493 720 549 ipsis
758 492 851 534 locis
885 493 1031 535 habere
1051 493 1193 544 solent,
1213 493 1290 534 ubi
1312 506 1441 534 sacra
1459 491 1650 534 habituri

258 562 350 612 sint,
372 562 483 616 cujus
504 561 614 603 modi
635 567 690 602 est
707 563 952 616 parentatio
972 575 1060 603 non
1081 560 1374 604 sacrificium.⁵

810 716 1023 728 ooeaeoaeeeooe
1027 716 1044 727 e

247 828 265 854 5
291 823 354 854 Ed.
377 823 466 854 Scal.
492 823 540 854 M.
563 823 585 854 i.
611 825 671 856 (τά.
694 834 720 855 s.
743 833 799 854 cra
823 832 927 853 rarum
952 833 978 854 v.
1002 832 1031 854 o.
1053 833 1083 862 q.
1107 823 1129 852 l.
1151 833 1178 854 e.
1198 832 1226 852 ο.
1240 832 1267 853 s.
1283 832 1311 862 q.
1329 831 1371 853 m.
1387 831 1414 853 s.
1436 824 1471 852 ut
1487 831 1515 851 v.
1531 821 1654 851 inarum

202 878 231 897 υ.
256 867 279 896 z'.
306 877 337 905 p.
359 867 381 898 l.
403 877 430 898 s.
457 867 495 898 Ρ.
518 877 546 907 q.
574 867 719 908 inprimis
741 866 764 897 i.
780 867 801 896 1.
817 865 849 896 h.
864 875 890 896 s.
915 865 968 896 ubi
987 875 1091 896 sacrus
1106 865 1138 898 h.
1153 876 1178 896 s.
1194 875 1222 896 c.
1238 865 1324 895 modo
1341 868 1387 895 est
1399 874 1432 904 p.
1448 873 1481 895 n.
1494 873 1519 894 s.
1563 863 1652 893 Vide

207 910 326 940 Notas.

859 1028 1003 1060 NOTAE

248 1142 262 1157 ¹¹
281 1137 410 1177 Mensoe]
427 1139 472 1169 Ut
490 1138 580 1169 Festi
599 1138 703 1169 verba
720 1137 902 1178 intelligas,

207 1194 334 1228 praeter
358 1189 459 1220 Pauli
476 1189 646 1229 epitomen
661 1190 735 1230 lege
748 1189 903 1220 Macrob.

204 1239 264 1271 lib.
281 1248 335 1270 ιιι.
353 1241 485 1271 Saturn.
501 1239 579 1270 dum
594 1240 716 1280 Virgil.
733 1249 815 1271 vul.
827 1238 902 1270 AEn.

208 1299 340 1320 versum
367 1290 632 1330 interpretatur:
661 1290 728 1321 ‘In
753 1299 901 1320 mensam

205 1339 273 1370 laeti
288 1339 405 1380 libuut,
418 1340 594 1382 Divosque
613 1340 901 1381 precantur.'Ant.

206 1390 292 1428 Aug.

250 1446 264 1459 ⁰
290 1440 421 1480 Mensoe]
461 1440 578 1472 Mensoe
604 1442 638 1472 in
669 1441 786 1471 aedibus
810 1441 907 1472 sacris

206 1500 331 1521 ararum
347 1492 440 1522 vicem
456 1491 608 1533 obtinent,
633 1492 703 1532 quia
724 1492 843 1531 legibus
859 1502 907 1522 εα-

207 1551 276 1572 rum
291 1543 425 1573 omnium
441 1553 537 1573 sacrae
554 1553 665 1574 mensoe
681 1547 767 1583 sunt,
781 1546 814 1573 ut
828 1543 908 1574 velut

207 1593 242 1622 in
257 1602 394 1632 ararum,
410 1594 456 1624 vel
470 1594 642 1633 pulvinaris
658 1594 720 1624 loco
736 1594 812 1624 sint.
835 1593 910 1623 Pri-

207 1644 274 1674 vati
301 1653 413 1684 quoque
438 1644 470 1675 in
493 1645 592 1684 privis
610 1645 683 1684 ipsis
700 1645 772 1675 locis
786 1644 910 1678 liabent,

210 1694 263 1724 ubi
275 1704 363 1724 sacru
379 1695 517 1725 habituri
530 1696 606 1732 sint,
625 1696 724 1736 qualis
740 1699 785 1726 est
799 1705 910 1735 paren-

210 1745 303 1783 tatio,
326 1755 385 1775 non
410 1745 607 1785 sacrificium.
653 1746 779 1776 Parum
801 1745 911 1783 abest,

211 1795 290 1835 quin
309 1795 356 1825 ita
374 1796 495 1826 Festus
511 1796 700 1836 scripserit.
745 1795 844 1828 Quod
863 1796 912 1826 ait

211 1845 344 1883 legibus
361 1845 482 1875 aedium
499 1855 668 1876 sacrarum
687 1855 816 1876 mensas
830 1855 911 1885 quo·

211 1907 275 1938 que
304 1906 416 1927 sacras
443 1906 529 1935 esse,
556 1897 588 1927 id
617 1897 812 1937 Papyriano
834 1897 911 1936 jure

210 1947 462 1978 continebatur:
485 1947 622 1977 Mensas
636 1947 768 1978 scilicet
785 1947 911 1977 arulas-

211 2007 275 2038 que
301 1997 421 2028 eodem
449 1997 515 2032 die,
547 2008 613 2039 quo
641 1998 734 2029 aedes
760 1998 911 2029 dedicari

211 2049 336 2087 solent,
361 2058 473 2080 sacras
495 2059 580 2080 esse.
626 2050 674 2080 Ut
690 2059 755 2080 non
773 2050 910 2080 dubium

212 2099 270 2137 sit,
295 2109 369 2139 quae
397 2100 451 2130 lex
477 2100 679 2131 dedicanda:
698 2101 780 2132 aedis
798 2100 912 2136 fuerit,

214 2150 354 2181 eandem
371 2151 410 2181 ad
432 2161 509 2181 vasa
537 2156 570 2181 et
595 2161 725 2182 mensas
752 2152 841 2191 ipsas
855 2161 913 2182 ex-

213 2200 321 2232 tendi.
369 2202 453 2232 Cum
471 2200 559 2230 enim
578 2201 659 2231 aedis
685 2201 915 2239 dedicaretur,

215 2254 251 2281 et
267 2249 378 2281 onmia
394 2260 469 2291 quae
486 2259 524 2280 ea
541 2251 809 2290 continerentur,
821 2250 915 2281 dedi·

214 2301 296 2332 cari.
343 2300 463 2340 Addit,
480 2301 511 2330 in
535 2310 661 2331 ararum
682 2302 729 2331 vel
743 2300 917 2341 pulvinaris

216 2351 279 2380 loco
295 2351 413 2382 haberi.
452 2350 492 2381 Id
509 2361 641 2391 quoque
660 2351 691 2381 in
709 2351 915 2389 eodemjure

215 2399 409 2440 Papyriano
437 2401 582 2432 relatum
605 2399 692 2432 fuit:
728 2401 775 2432 uti
803 2411 917 2432 mensa

214 2449 280 2480 hoc
311 2451 376 2481 ritu
408 2451 566 2482 dedicata
605 2452 639 2482 in
676 2453 816 2493 templo,
848 2462 915 2484 arae

217 2509 325 2539 usum,
350 2505 384 2531 et
406 2503 602 2541 religionem
627 2504 811 2544 pulvinaris
829 2503 915 2535 obti-

215 2554 327 2580 neret.
372 2551 548 2583 Postremo
572 2554 712 2593 privatis
731 2554 866 2585 licuisse
883 2555 916 2585 iu

218 2599 341 2630 mensis
369 2600 437 2629 suis
463 2610 559 2632 sacra
584 2602 712 2644 facere,
734 2605 840 2646 qualis
867 2609 918 2636 est

218 2649 426 2689 parentatio,
441 2660 506 2681 non
522 2653 733 2685 sacrificium.
768 2655 918 2686 Primum

957 1146 1082 1167 mensae
1100 1144 1205 1166 sacrae
1225 1137 1322 1165 erant
1347 1131 1563 1173 impositione
1579 1131 1657 1162 sali-

957 1197 1088 1227 norum,
1103 1190 1139 1218 et
1154 1185 1352 1225 sigillorum,
1366 1193 1441 1225 quae
1455 1181 1658 1223 ἐπιτραπέζια

958 1238 1135 1269 vocabant.
1183 1235 1348 1267 Arnobius
1369 1234 1423 1265 lib.
1441 1243 1481 1265 11.
1508 1234 1518 1251 ‘
1532 1234 1655 1265 Sacras

956 1288 1067 1320 facitis
1089 1297 1220 1319 mensas
1238 1287 1419 1317 salinorum
1434 1285 1605 1326 appositu,
1621 1289 1658 1315 et

956 1339 1144 1370 simulacris
1173 1339 1324 1369 Deorum
1340 1336 1360 1367 ε’
1393 1336 1457 1367 hoc
1487 1339 1554 1375 est,
1582 1336 1658 1366 θεῶν

958 1389 1191 1430 ἐπιτραπεζίων,
1216 1387 1405 1429 cujusmodi
1420 1392 1473 1418 est
1491 1387 1659 1418 Hercules

960 1440 1171 1482 ἐπιτράπεζος,
1187 1441 1281 1471 Silva
1302 1438 1416 1478 Statii,
1434 1442 1469 1468 et
1492 1437 1660 1478 epigram-

961 1498 1052 1524 mate
1070 1492 1239 1523 Martialis
1256 1490 1460 1522 celebratus.
1506 1488 1592 1520 Inde
1609 1498 1660 1518 sa-

963 1554 1020 1575 cra
1036 1553 1159 1574 mensae
1178 1541 1378 1582 frequenter
1397 1539 1487 1580 apud
1503 1540 1661 1570 Veteres,

965 1593 1051 1625 Inde
1067 1598 1101 1623 et
1118 1593 1151 1623 in
1168 1588 1385 1631 ὁμοτραπέζοις
1401 1590 1531 1630 religio.
1575 1589 1662 1620 Inde

965 1648 1000 1675 ct
1027 1642 1155 1674 Didoni
1182 1641 1272 1682 apud
1291 1640 1466 1680 Virgilium
1492 1639 1612 1670 libatio
1629 1639 1661 1669 in

966 1704 1105 1725 mensa:
1131 1694 1140 1710 ‘
1156 1692 1267 1728 Dixit,
1282 1697 1317 1722 et
1335 1692 1368 1721 in
1391 1700 1506 1721 mensa
1527 1690 1664 1721 laticum

967 1745 1085 1776 libavit
1100 1741 1287 1774 honorem.'
1324 1740 1457 1771 Deinde
1474 1749 1538 1771 non
1553 1739 1665 1771 omnia

967 1806 1063 1827 sacra
1073 1794 1232 1826 continuo
1244 1791 1552 1824 etsacrificiasunt.
1577 1791 1664 1822 Nam

968 1857 1019 1878 res
1036 1846 1149 1877 divina
1165 1854 1240 1875 cum
1265 1844 1342 1874 Deo
1365 1841 1415 1882 fu,
1437 1851 1569 1873 sacrum
1595 1841 1666 1883 qui-

968 1897 1042 1928 dem
1060 1901 1123 1935 est,
1140 1905 1205 1926 nou
1223 1900 1336 1925 autem
1353 1891 1566 1924 sacrificium.
1597 1891 1664 1922 Res

966 1948 1093 1986 divina,
1122 1952 1179 1977 aut
1195 1955 1342 1984 sacrum,
1365 1953 1431 1974 non
1458 1943 1522 1974 nisi
1543 1942 1574 1972 in
1591 1942 1665 1972 loco

966 2007 1062 2029 sacro
1075 1997 1198 2028 fiebat:
1217 1994 1418 2026 sacrificium
1432 1993 1534 2024 etiam
1546 1993 1578 2023 in
1592 1993 1665 2023 loco

966 2059 1032 2080 non
1065 2057 1173 2079 sacro.
1237 2046 1342 2076 AElius
1371 2042 1665 2077 Jurisconsultus:

968 2101 977 2116 ‘
994 2099 1029 2130 Si
1053 2108 1122 2139 qua
1137 2106 1233 2128 sacra
1250 2095 1383 2136 privata
1399 2097 1561 2134 suscepta
1577 2098 1667 2131 sunt,

969 2159 1045 2190 quae
1083 2157 1124 2178 ex
1153 2146 1309 2177 instituto
1341 2142 1546 2176 Pontificum
1577 2147 1668 2173 stato

971 2199 1037 2237 die,
1062 2201 1119 2228 aut
1137 2202 1232 2227 certo
1247 2195 1321 2226 loco
1337 2193 1498 2224 facienda
1524 2192 1603 2227 sint,
1627 2202 1668 2223 ea

969 2258 1065 2280 sacra
1081 2247 1260 2288 appellari,
1274 2251 1432 2286 tanquam
1449 2243 1668 2275 sacrificium:

968 2300 1025 2330 ille
1043 2300 1147 2337 loom,
1162 2297 1219 2328 ubi
1236 2306 1276 2328 ea
1292 2305 1389 2327 sacra
1405 2294 1560 2326 facienda
1576 2299 1668 2334 sunt,

970 2350 1025 2380 vix
1053 2348 1188 2379 videtur
1217 2357 1314 2378 sacer
1341 2345 1441 2377 esse.’
1485 2345 1572 2376 Haec
1598 2345 1668 2375 ille.

970 2400 1083 2441 Igitur
1107 2408 1160 2430 res
1186 2397 1312 2433 divina,
1341 2401 1378 2427 ut
1406 2394 1610 2437 parentatio,
1632 2397 1669 2424 et

969 2451 1103 2490 similia,
1133 2450 1198 2481 rite
1223 2448 1257 2479 in
1288 2449 1364 2479 loco
1392 2455 1499 2486 sacro,
1523 2449 1607 2486 puta
1633 2444 1666 2474 in

970 2511 1097 2541 mensa,
1112 2500 1172 2532 fit:
1193 2499 1394 2531 sacrificinm
1419 2498 1446 2529 si
1465 2496 1526 2527 fiat
1542 2496 1575 2526 in
1593 2495 1668 2525 loco

972 2552 1131 2594 quodam,
1154 2560 1219 2581 non
1246 2553 1424 2591 propterea
1445 2545 1597 2586 sequitur
1620 2545 1667 2575 lo-

973 2614 1048 2635 cum
1086 2612 1216 2634 sacrum
1246 2610 1334 2639 esse,
1365 2598 1424 2629 sed
1460 2596 1667 2636 religiosum.

972 2655 1028 2686 Sic
1045 2654 1085 2685 ad
1105 2653 1262 2693 sepulcra
1283 2660 1336 2681 res
1353 2648 1465 2680 diviua
1487 2647 1591 2678 fiebat
1617 2656 1668 2677 sa-
