1835 2906
235 107 320 148 4:34

682 119 832 149 SEXTI
866 119 1068 149 POMPEII
1104 120 1241 150 FESTI

294 212 468 254 Mundo
503 225 663 253 11010011
693 213 953 267 impositum
989 221 1057 255 est
1088 215 1145 255 ab
1179 228 1231 256 eo
1253 216 1428 267 mundo,
1449 218 1526 271 qui
1548 231 1685 273 supra

293 294 375 321 nos
405 284 488 320 est.
569 280 732 321 Forma
761 282 876 321 enim
913 281 1010 335 ejus
1040 287 1108 321 est
1144 295 1199 323 ex
1229 283 1300 332 iis,
1332 284 1409 337 qui
1450 285 1683 335 intravere,

292 361 557 402 cognoscere
595 350 755 402 potuit,
792 349 1008 389 adsimilis
1038 350 1141 389 ille4
1173 353 1267 404 eJ‘us
1305 352 1556 393 inferiorem
1586 366 1684 406 par-

292 421 395 466 tem,
431 417 574 458 veluti
613 421 916 458 consecratam
958 417 1061 457 Diis
1102 419 1304 459 manibus
1346 420 1539 461 clausam
1570 421 1686 460 omni

293 489 502 537 tempore,
521 485 607 525 nisi
633 485 688 525 iis
712 484 882 534 diebus,
915 486 990 537 qui
1026 498 1165 538 supra
1191 486 1343 539 scripti
1366 491 1479 534 sunt,
1498 487 1685 540 majores

292 558 548 602 censuerunt,
582 565 697 605 quos
728 552 823 591 dies
855 552 986 592 etiam
1018 553 1253 605 religiosos
1278 553 1603 606 judicaverunt,
1635 568 1687 596 ea

293 618 347 659 de
370 632 522 669 causa,
543 620 664 674 quod
698 632 785 672 quo
810 623 1005 673 tempore
1036 633 1103 670 ea,
1129 633 1229 673 quae
1250 621 1437 670 occulte,
1457 626 1499 662 et
1518 622 1686 673 abdita,

291 699 344 727 ea
384 687 607 739 religionis
642 687 838 727 Deorum
861 688 1054 728 manium
1089 692 1248 738 essent,
1284 689 1421 729 veluti
1456 689 1499 728 in
1539 690 1685 730 lucem

294 756 514 807 quandam
537 754 867 804 adducerentur,
891 759 933 796 et
953 756 1234 809 patefierent:
1266 757 1373 797 nihil
1405 770 1460 797 eo
1488 762 1686 811 tempore

293 822 337 862 in
370 823 600 875 republica
632 823 724 874 geri
753 823 997 864 voluerunt.
1059 823 1221 877 Itaque
1258 837 1338 877 per
1365 838 1441 865 eos
1472 824 1567 865 dies
1600 838 1686 865 non

294 902 392 929 cum
423 889 548 930 hoste
589 903 746 930 manus
781 891 1099 930 conserebant:
1138 904 1223 930 non
1260 891 1485 931 exercitus
1526 892 1688 931 scribe·

292 957 448 997 batur:
477 970 560 997 non
584 957 763 998 comitia
783 957 1016 1005 habebant,
1040 972 1117 997 non
1144 958 1262 998 aliud
1296 958 1533 1010 quicquam
1567 958 1612 998 in
1642 971 1687 997 re

291 1023 454 1077 publica
487 1026 573 1066 nisi
603 1025 718 1078 quod
750 1026 904 1066 ultima
935 1026 1154 1067 necessitas
1177 1025 1458 1074 admonebat,
1481 1025 1686 1066 adminis-

293 1093 502 1133 trabatur.

240 1158 455 1200 Mundum
476 1160 658 1212 gentiles
677 1163 740 1200 ter
760 1162 802 1200 111
825 1174 938 1201 anno
961 1166 1114 1214 patere
1136 1162 1350 1214 putabant
1373 1161 1464 1200 die·
1506 1160 1686 1213 [PAUL.

293 1228 376 1267 bus
397 1228 462 1268 his
482 1227 695 1281 postridie
710 1227 990 1278 Volcanalia,
1016 1233 1058 1270 et
1075 1234 1175 1269 ante
1199 1228 1313 1269 dicm
1338 1228 1509 1268 tertium
1535 1226 1688 1268 Nonas

294 1293 515 1344 Octobris,
536 1300 580 1335 et
600 1300 699 1335 ante
722 1296 837 1336 diem
858 1301 1034 1336 sextum
1061 1297 1167 1336 Idus
1189 1296 1483 1336 Novembris:
1514 1295 1689 1335 inferio-

293 1374 382 1402 rem
412 1363 525 1402 enim
556 1362 652 1415 ejus
674 1366 840 1415 partem
872 1369 1174 1403 consecratam
1209 1364 1309 1404 Diis
1342 1363 1543 1403 manibus
1574 1362 1689 1402 arbi-

292 1434 458 1468 trantes
481 1429 676 1470 clausam
711 1430 827 1469 omni
862 1434 1072 1482 tempore,
1095 1438 1250 1483 praeter
1278 1431 1359 1470 hos
1388 1430 1498 1479 dies,
1516 1429 1592 1482 qui
1616 1443 1686 1469 su-

291 1509 374 1548 pra
394 1496 549 1549 scripti
571 1501 689 1537 sunt:
724 1511 835 1549 quos
857 1497 951 1537 dies
973 1499 1102 1538 etiam
1125 1499 1355 1550 religiosos
1378 1497 1691 1552 judicaverunt

294 1576 348 1603 ea
368 1564 421 1604 de
443 1577 595 1613 causa,
620 1564 738 1617 quod
761 1563 829 1603 his
863 1564 1019 1604 diebus
1041 1578 1109 1614 ea,
1131 1577 1232 1618 quae
1256 1565 1443 1614 occulta,
1467 1570 1513 1604 et
1536 1563 1689 1604 abdita

292 1631 508 1684 religionis
527 1632 723 1672 Deorum
743 1632 936 1671 manium
954 1637 1120 1682 essent,
1141 1633 1182 1672 in
1197 1632 1345 1672 lucem
1360 1631 1689 1680 adducerentur,

845 1751 1083 1762 eeeeeeeeeee

278 1820 298 1847 4
323 1817 469 1849 Quidam
487 1817 544 1848 lib.
562 1818 622 1849 illi.

891 1893 1032 1924 NOTAE

237 1967 309 1997 Diti
327 1966 415 2006 patri
433 1971 468 1997 et
484 1966 698 2006 Proserpina>
713 1966 860 1998 dicatum
876 1973 940 2007 est,

237 2018 424 2057 meliusque
463 2018 598 2048 occlusa
641 2017 798 2047 Plutonis
838 2017 938 2048 fauce

236 2066 381 2096 eundum
396 2066 436 2096 ad
454 2067 605 2106 praelinm
624 2072 851 2106 putaverunt:
878 2078 937 2098 011-

235 2117 278 2146 de
295 2122 330 2147 et
342 2117 454 2146 Varro
478 2117 525 2147 ita
540 2117 668 2147 scribit.
693 2117 843 2147 Mundus
862 2127 937 2148 cum

236 2172 344 2207 patet,
357 2168 507 2198 Deorum
521 2168 666 2198 tristium
678 2174 778 2209 atque
792 2168 935 2199 inferum

238 2218 330 2258 qnasi
354 2218 461 2258 janua
493 2223 600 2258 patet.
647 2219 843 2258 Propterea
871 2229 935 2249 non

235 2268 336 2298 modo
349 2269 504 2308 praelinm
516 2269 695 2307 committi,
706 2278 821 2298 verum
833 2268 935 2298 etiam

237 2318 407 2348 delectum
426 2319 473 2348 rei
491 2318 646 2349 militaris
669 2328 772 2348 causa
796 2318 936 2353 habere,

238 2378 276 2398 110
293 2369 432 2399 militem
452 2368 636 2408 proficisci,
654 2378 773 2399 navem
790 2369 935 2407 solvere,

238 2426 374 2447 uxorem
393 2419 537 2448 liberum
555 2418 814 2459 quaerendorum
831 2426 935 2448 cansa

237 2466 362 2497 ducere
380 2469 573 2508 religiosum
594 2469 669 2500 est.’
715 2469 813 2499 Unde
832 2469 935 2499 verba

238 2516 330 2547 Festi
353 2520 435 2548 satis
459 2519 708 2558 intelliguntur.
752 2520 818 2550 Sed
843 2520 874 2550 in
896 2519 934 2550 iis

237 2566 390 2607 qnaedam
412 2568 543 2606 mutila,
567 2569 720 2609 qnaedam
742 2570 843 2600 etiam
862 2578 935 2599 cor-

238 2621 340 2656 rupta
356 2622 444 2647 sunt.
479 2617 592 2657 Atque
609 2619 724 2649 statim
744 2619 838 2649 initio
855 2628 934 2658 snp-

236 2668 396 2709 plendum
413 2672 478 2707 est,
500 2668 658 2699 Postridie
679 2669 871 2709 Volcunalia,
887 2678 937 2699 lv.

995 1970 1079 1999 Non.
1105 1968 1214 1999 Octob.
1239 1972 1269 1998 et
1297 1971 1369 1998 ante
1392 1968 1473 1998 diem
1496 1971 1616 1998 sextum
1643 1967 1692 1997 Ῑιί.

995 2019 1144 2049 Not-emb.
1178 2019 1221 2049 Et
1247 2019 1294 2048 ita
1322 2023 1395 2048 est:
1437 2017 1576 2057 patebat
1603 2017 1691 2046 enim

994 2070 1136 2099 mundns
1168 2072 1198 2099 3.
1231 2069 1308 2098 Kal.
1341 2068 1519 2106 Septemb.
1555 2077 1629 2097 011111
1661 2070 1692 2097 4.

994 2125 1089 2149 erant
1106 2118 1315 2148 Volcanatia.
1341 2117 1427 2147 Item
1450 2120 1480 2148 4.
1503 2116 1590 2147 Non.
1622 2116 1692 2146 00-

994 2171 1061 2200 tob.
1078 2170 1110 2199 id
1129 2174 1179 2199 est
1194 2169 1249 2198 die
1266 2170 1296 2197 4.
1315 2167 1442 2198 Octob.
1460 2172 1494 2197 et
1512 2166 1690 2197 antediem

993 2225 1127 2250 sextum
1158 2218 1210 2249 Id.
1236 2217 1404 2248 Novemb.
1432 2226 1555 2256 nempe
1583 2219 1615 2246 7.
1640 2216 1693 2246 111.

991 2269 1046 2309 qui
1060 2269 1132 2298 dies
1145 2267 1308 2307 septimus
1323 2271 1374 2296 est
1389 2266 1541 2305 ejusdem
1557 2266 1691 2296 mensis.

990 2319 1104 2350 Verba
1122 2318 1260 2349 Catonis
1280 2317 1328 2347 sic
1352 2316 1501 2356 legenda
1522 2326 1563 2347 ex
1586 2315 1691 2347 Scali-

991 2378 1094 2409 gero:
1132 2369 1245 2399 Forma
1267 2367 1350 2398 enim
1374 2367 1439 2405 eJ'us
1459 2370 1515 2401 est,
1534 2370 1568 2396 ut
1582 2364 1688 2399 exiis,

989 2421 1040 2458 (μα’
1057 2419 1214 2449 intrat-ere
1229 2426 1408 2456 cognoscere
1423 2417 1523 2456 potui,
1537 2415 1689 2445 adsimilis

989 2469 1049 2498 itti.
1094 2468 1230 2499 Deinde
1262 2468 1328 2506 ejus
1363 2466 1551 2503 inferiorem.
1599 2465 1687 2494 Nam

990 2519 1066 2549 inde
1098 2517 1264 2557 incipiunt
1295 2515 1396 2545 verba
1423 2514 1527 2544 Festi.
1574 2514 1687 2544 Corri-

989 2568 1099 2607 genda
1137 2567 1237 2597 etiam
1278 2575 1352 2605 qnae
1391 2569 1591 2603 sequuntur,
1629 2564 1688 2594 ita.

992 2619 1081 2652 Quod
1094 2627 1152 2656 quo
1164 2620 1295 2654 tempore
1311 2624 1346 2644 ea
1361 2623 1427 2652 quae
1443 2613 1568 2643 occultoe
1585 2615 1615 2642 et
1632 2613 1683 2643 ab·

991 2669 1066 2699 ‹lita›
1080 2666 1250 2704 religionis,
1266 2666 1317 2704 &a
1341 2663 1426 2693 Dae.
