1835 2906
865 245 925 275 DE

424 358 519 414 M.
573 353 928 412 VERRIO
1000 349 1376 410 FLACCO.

185 559 438 614 mems
462 573 690 613 FLACCUS
711 570 944 610 libertinus
966 568 1151 609 docendi
1173 580 1329 620 genere
1351 567 1541 608 maxime
1561 566 1627 606 in-

186 642 341 682 claruit
360 654 368 678 :
400 653 586 692 namque
607 638 663 679 ad
687 637 972 679 exercitanda
993 636 1259 677 discentium
1287 634 1460 687 ingenia
1481 647 1629 687 aequa-

184 709 248 748 les
268 709 380 749 inter
398 721 444 748 se
465 707 733 747 committere
756 705 942 754 solebat,
964 705 1196 757 proposita
1216 715 1302 743 non
1324 702 1466 742 solum
1489 706 1627 741 mate-

185 776 262 823 ria,
284 787 414 828 quam
434 774 683 821 scriberent,
702 773 781 813 sed
812 776 856 813 et
887 772 1085 825 praemio,
1109 770 1228 824 quod
1254 772 1393 812 victor
1416 768 1629 810 auferret:

186 842 230 882 id
259 846 349 882 erat
379 841 488 882 liber
518 841 681 893 aliquis
710 840 932 893 antiquus,
959 839 1153 892 pulcher,
1175 843 1252 879 aut
1270 838 1421 878 rarior.
1481 835 1631 886 Quare

189 911 244 950 ab
264 908 459 961 Augusto
472 921 652 962 quoque
669 907 906 961 nepotibus
927 907 1022 960 ejus
1041 911 1289 959 praeceptor
1308 905 1476 945 electus
1492 908 1631 943 trans-

190 977 239 1016 iit
259 977 304 1016 in
333 975 551 1028 palatium
580 988 679 1016 cum
703 978 795 1015 tota
817 974 995 1014 schola:
1028 986 1179 1013 verum
1206 978 1256 1013 ut
1280 984 1421 1025 neque
1441 970 1632 1024 amplius

190 1043 376 1096 posthac
398 1042 662 1094 discipulum
685 1041 907 1092 reciperet.
960 1040 1217 1093 Docuitque
1235 1040 1278 1079 in
1301 1039 1412 1078 atrio
1436 1036 1636 1078 Catilinae

187 1109 356 1157 domus,
377 1120 477 1160 quae
509 1120 612 1160 pars
642 1106 795 1159 palatii
827 1110 929 1146 tunc
961 1110 1068 1155 erat,
1090 1112 1133 1147 et
1160 1105 1363 1146 sestertia
1383 1109 1570 1144 centena
1589 1103 1636 1143 in

190 1187 348 1215 annum
398 1175 588 1227 accepit.
670 1174 876 1214 Decessit
916 1174 1064 1215 aetatis
1104 1178 1279 1214 exactae
1321 1172 1404 1212 sub
1444 1170 1636 1211 Tiberio.

189 1242 387 1283 Statuam
419 1242 548 1282 habet
586 1241 833 1281 Praeneste¹
876 1242 920 1281 in
956 1241 1155 1281 inferiore
1194 1240 1274 1280 fori
1317 1243 1444 1291 parte
1485 1244 1640 1278 contra

189 1308 490 1361 hemicyclum,
536 1308 582 1346 in
619 1320 707 1360 quo
744 1306 886 1347 fastos
919 1320 946 1347 a
981 1320 1028 1347 se
1061 1307 1286 1347 ordinatos
1319 1311 1363 1346 et
1395 1316 1638 1346 marmoreo

191 1375 349 1427 parieti
370 1375 532 1415 incisos
551 1374 810 1428 publicarat.
865 1372 933 1414 Ex
958 1373 1067 1414 Suet.
1090 1373 1137 1413 de
1161 1371 1469 1413 Grammaticis.

248 1487 506 1528 Scribonius
520 1487 837 1541 Aphrodisius,
860 1486 1021 1527 Orbilii
1041 1499 1194 1527 servus
1217 1491 1353 1539 atque
1376 1485 1639 1539 discipulus,

191 1567 295 1594 mox
330 1568 357 1595 a
391 1555 624 1596 Scribonia
657 1554 840 1595 Libonis
874 1554 980 1603 filia,
1017 1567 1117 1607 quae
1153 1554 1272 1606 prior
1307 1552 1498 1606 Augusti
1530 1564 1642 1593 uxor

189 1622 340 1669 fuerat,
371 1622 601 1670 redemtus,
628 1625 672 1662 et
698 1621 1012 1670 manumissus,
1034 1621 1188 1662 docuit
1207 1634 1296 1674 quo
1316 1620 1502 1661 Verrius
1533 1625 1642 1660 tem-

191 1701 319 1740 pore:
340 1688 466 1741 cujus
488 1689 620 1729 etiam
638 1689 770 1729 libros
787 1688 842 1729 de
859 1687 1184 1740 orthographia
1203 1687 1425 1739 rescripsit
1439 1699 1524 1727 non
1546 1686 1640 1726 sine

192 1755 480 1796 insectatione
503 1756 760 1803 studiorum,
785 1767 1040 1806 morumque
1062 1753 1170 1806 ejus.
1232 1751 1301 1793 Ex
1323 1751 1493 1793 Eodem.

252 1865 452 1907 Marcum
471 1865 648 1919 quidem
671 1865 926 1914 Antonium,
944 1871 993 1906 ut
1014 1865 1228 1915 insanum,
1247 1865 1447 1918 increpat
1467 1864 1643 1917 Augus-

194 1937 279 1981 tus,
312 1933 437 1985 quasi
474 1946 529 1973 ea
556 1933 837 1980 scribentem,
873 1944 974 1985 quae
1006 1933 1217 1973 mirentur
1249 1933 1399 1985 potius
1436 1932 1644 1980 homines,

194 2011 324 2052 quam
360 1999 616 2052 intelligant,
651 2001 730 2040 διο.
789 1999 947 2052 Tuque
983 1999 1176 2049 dubitas,
1214 2000 1373 2053 inquit,
1408 1998 1641 2039 Cimberne

194 2064 381 2116 Annius,
401 2078 454 2106 an
470 2065 652 2107 Verrius
674 2066 865 2107 Flaccus
887 2066 1085 2106 imitandi
1108 2067 1196 2106 sint
1217 2066 1310 2115 tibi,
1333 2066 1395 2106 ita
1414 2070 1464 2106 ut
1481 2065 1643 2114 verbis,

197 2145 293 2184 quae
316 2132 499 2186 Crispus
534 2133 774 2174 Sallustius
811 2133 1039 2186 excerpsit
1074 2146 1133 2173 ex
1165 2132 1407 2185 originibus
1444 2132 1643 2180 Catonis,

195 2199 335 2240 utaris
351 2199 368 2238 Τ
400 2212 454 2239 an
475 2200 621 2252 potius
640 2199 941 2240 Asiaticorum
959 2203 1179 2240 oratorum
1196 2200 1398 2240 inanibus
1417 2198 1643 2239 sententiis

197 2266 427 2306 verborum
448 2266 703 2308 volubilitas
735 2266 778 2306 in
804 2270 1003 2307 nostrum
1040 2279 1279 2307 sermonem
1311 2265 1642 2306 transferenda?

200 2329 265 2370 Er
289 2330 394 2373 Eod.
416 2332 527 2388 Aug.
548 2333 619 2374 86.

256 2444 372 2485 Ante
393 2445 560 2486 obitum
583 2444 773 2498 Augusti
804 2458 918 2486 anno
952 2450 1106 2500 quarto
1127 2445 1436 2487 Athenodorus
1455 2445 1643 2486 Tarsen-

198 2512 257 2552 sis
280 2511 448 2552 stoicus
471 2511 782 2565 Philosophus,
803 2517 847 2552 et
879 2512 944 2552 M.
966 2512 1149 2553 Verrius
1181 2512 1372 2554 Flaccus
1397 2513 1641 2566 grammati„

199 2591 294 2628 cus,
313 2578 501 2631 insignes
522 2577 743 2618 habentur.
805 2577 873 2617 Ex
896 2577 1045 2619 Euseb.
1067 2578 1110 2618 in
1135 2576 1285 2619 chron.

594 2685 608 2712 1
636 2681 701 2712 Alii
716 2691 773 2722 pro
794 2681 894 2715 Vestae
911 2684 998 2723 conj·
1016 2687 1102 2715 teste
1120 2682 1246 2723 Scalig.
