1835 2906
203 88 289 131 606

668 92 818 124 SEXTI
852 90 1056 122 POMPEII
1091 88 1228 119 FESTI

263 205 457 248 capsave
474 197 506 223 ¹9
537 203 635 232 cum
660 189 746 231 ait:
781 188 979 242 gingivas
1008 199 1110 227 vero
1145 183 1336 239 ploximi
1367 182 1505 225 habet
1542 186 1656 225 vete-

263 277 340 304 ns.

205 331 466 374 Ploximum
488 339 638 368 casam
660 325 884 366 dixerunt.

206 398 381 441 Plateis
401 400 546 437 crates
567 394 689 435 corio
717 392 855 434 crudo
885 390 1084 438 intentae,
1109 400 1210 442 quae
1231 386 1437 428 solebant
1481 385 1658 439 [PAUL.

263 464 433 520 apponi
481 462 697 504 militibus
735 472 850 514 opus
890 457 1177 499 facientibus:
1228 459 1270 496 et
1319 453 1658 508 appellabantur

262 535 499 576 militares:
533 543 655 571 nunc
686 528 821 569 etiam
848 526 1034 576 tabulae,
1058 525 1220 578 quibus
1242 522 1349 577 quid
1380 521 1660 576 praesepitur,

265 603 423 644 eodem
443 601 615 642 nomine
634 597 890 638 dicuntur.²0

210 666 563 711 Plutei‘dicuntm·
585 671 712 706 crates
733 662 839 704 corio
855 667 867 685 ¹
901 661 1032 702 crudo
1054 660 1236 702 intentae
1256 672 1343 713 qua:
1372 655 1471 697 sole·
1501 656 1663 709 [FEST.

268 739 366 780 bant
388 736 537 791 apponi
560 732 754 774 militibus
775 744 890 786 opus
909 729 1171 771 facientibus
1192 734 1230 768 et
1252 724 1568 781 appellabantur
1590 725 1666 764 mi-

267 806 430 847 litares:
461 816 576 844 nunc
602 802 736 843 etiam
767 799 938 849 tabulae,
961 796 1103 852 quibus
1125 794 1225 850 quid
1239 793 1500 849 praesepitur,
1531 791 1665 834 eodem

265 873 436 916 nomine
457 872 671 913 dicuntur.

823 955 898 968 6000
903 955 940 967 ‘o
945 954 1022 966 ‘ece

255 1032 296 1061 19
318 1028 398 1059 Vet.
414 1027 473 1058 lib.
488 1025 747 1067 camarata—20
764 1023 844 1054 Vet.
860 1019 918 1052 lib.
935 1014 1226 1060 significatum—1
1244 1015 1309 1049 Ed.
1325 1014 1415 1048 Scal.
1430 1023 1526 1056 coreo,
1541 1017 1576 1046 ct
1590 1023 1668 1046 mox

210 1072 320 1114 opponi
337 1081 397 1113 pro
413 1071 539 1112 apponi.

867 1170 1010 1205 NOTAE

213 1259 291 1290 lian.
316 1257 372 1289 lib.
401 1266 425 1287 1.
449 1265 524 1296 cap.
549 1257 600 1285 10.
643 1254 778 1292 Capsum
803 1252 915 1280 autem

211 1311 245 1340 in
261 1308 345 1343 cisio,
370 1316 509 1348 capsave,
528 1304 609 1346 quid
627 1304 671 1334 sit
687 1303 816 1342 ignoro.
862 1298 917 1330 Ci-

213 1360 300 1391 sium
319 1358 464 1390 vehiculi
482 1365 588 1397 genus
610 1364 684 1386 esse
707 1354 846 1384 duarum
866 1360 917 1381 ro-

214 1416 323 1441 tarum
339 1407 461 1440 scribit
478 1406 625 1442 Nonius,
651 1414 716 1445 qno
741 1402 845 1434 verbo
862 1400 917 1433 Ci-

214 1469 293 1492 ccro
311 1469 390 1491 usus
406 1464 458 1490 est
483 1458 518 1488 iu
543 1456 642 1487 Orat.
660 1464 722 1496 pro
739 1454 817 1485 Sex.
834 1452 918 1483 Ros-

213 1511 280 1546 cio,
303 1515 338 1541 et
362 1509 511 1549 Philipp.
536 1517 575 1539 ιι.
621 1506 655 1537 Si
687 1504 762 1546 quis
794 1506 920 1534 cantum

213 1570 274 1600 pro
290 1569 415 1600 capsum
431 1558 572 1596 scribat,
583 1556 782 1588 existimans
796 1553 828 1584 id
843 1562 919 1584 esse

214 1610 355 1647 ferrum,
373 1619 440 1650 quo
453 1613 535 1640 τοίω
549 1607 758 1644 vinciuntur,
772 1605 821 1635 ita
832 1603 920 1634 enim

215 1661 444 1696 Quintilianus
459 1660 600 1691 verbum
613 1658 646 1689 id
661 1668 680 1689 a
692 1657 811 1688 Persio
825 1664 920 1686 usur-

214 1720 331 1754 patum
356 1713 618 1752 interpretatur,
642 1709 669 1739 is
695 1707 828 1749 quidem
861 1705 920 1736 ali-

214 1764 294 1805 quid
319 1763 466 1794 dixerit:
493 1771 545 1792 me
571 1766 685 1792 tamen
709 1757 920 1796 subscripto-

216 1825 286 1846 rem
304 1824 370 1846 non
390 1813 554 1844 babebit:
578 1811 613 1841 id
636 1810 725 1841 cuim
745 1809 772 1839 si
790 1807 922 1840 Quinti-

214 1865 326 1895 lianus
342 1863 516 1903 sensisset,
532 1871 597 1892 uon
615 1870 693 1891 usus
710 1858 830 1890 fuisset
847 1866 920 1888 ver-

215 1915 258 1946 bo
272 1913 479 1952 inveniendi,
495 1912 553 1944 sed
572 1909 767 1952 appellandi
785 1919 793 1947 3
810 1913 845 1939 et
862 1907 920 1938 ad-

216 1965 374 2006 didisset,
386 1974 442 2004 pro
457 1964 560 1995 cadem
578 1972 622 2002 re,
645 1965 705 1992 aut
721 1957 847 2000 aliquid
862 1958 921 1989 hu-

212 2015 375 2056 jusmodi.
400 2017 479 2046 Ant.
496 2013 580 2052 Aug.

261 2065 456 2106 Plurimum]
481 2064 611 2095 Delioc
627 2061 708 2093 satis
722 2059 814 2091 alibi.
842 2059 921 2099 Cap-

217 2127 286 2148 sum
304 2117 337 2147 in
355 2117 445 2155 cisio,
463 2115 561 2155 vulgo
580 2113 612 2143 iu
630 2111 746 2144 Gallia
759 2109 923 2141 lumbercl-

216 2169 279 2198 lum
296 2175 468 2205 vocamus,
493 2163 583 2206 quod
606 2173 718 2203 capsa*¹
737 2161 848 2201 specie
866 2161 922 2191 sit.

216 2217 337 2248 Utitur
353 2222 388 2248 et
408 2216 597 2247 Vitruvius.
613 2213 752 2252 Πεῖρινθα
768 2211 818 2242 καὶ
835 2211 922 2250 ὑπερ-

216 2268 320 2308 τερίην
334 2267 506 2298 Homerus
522 2270 630 2296 vocat.
658 2263 847 2304 Sirpiculum
860 2262 922 2293 eti-

217 2327 270 2350 am
288 2322 424 2349 veteres
448 2315 575 2356 Latini,
602 2315 629 2345 si
652 2323 694 2344 cx
713 2313 799 2344 vitili
816 2316 922 2343 mate-

222 2368 284 2399 ria.
308 2368 378 2400 Jos.
396 2366 479 2398 Scal-

264 2416 456 2456 Pcoaeimmn]
483 2417 615 2456 Capsum
639 2415 672 2446 in
700 2414 799 2453 cisio,
821 2414 920 2453 vulgo

220 2467 431 2499 tumbcrellum
443 2476 611 2506 vocamus,
629 2470 746 2506 estque
764 2469 920 2504 transpa-

221 2519 344 2548 danum
360 2518 572 2549 vocabulum.
618 2515 735 2548 hinnit
759 2515 921 2548 Quintili-

221 2579 275 2600 au.
304 2567 363 2599 lib.
392 2577 416 2599 1.
446 2579 522 2609 cap.
553 2573 584 2599 3.
617 2570 625 2585 ‘
642 2568 739 2598 Sicut
768 2566 922 2597 Catullus

221 2621 415 2660 ploxemum
427 2619 517 2650 circa
532 2619 661 2649 Padum
673 2615 827 2649 invenit.'
841 2616 923 2646 Vos-

225 2670 291 2701 sius
309 2669 355 2701 ait
370 2667 486 2700 forsan
502 2678 573 2700 esse
592 2680 610 2701 a
631 2668 790 2708 πλόξιμυιν,
815 2664 921 2697 πλόκι-

967 1257 1036 1286 μον,
1051 1255 1071 1277 a
1084 1246 1202 1281 πλέκω,
1218 1242 1429 1285 uecto‚quod
1443 1241 1565 1273 vimine
1579 1234 1669 1281 plec-

969 1298 993 1327 ti
1033 1297 1171 1328 soleret.
1215 1296 1340 1327 Cisium
1375 1298 1487 1324 autem
1524 1291 1670 1323 vehiculi

969 1346 1071 1377 biroti
1092 1355 1209 1386 genus,
1239 1343 1414 1386 proprium
1437 1343 1547 1375 Ganae
1570 1342 1674 1373 Cisal-

970 1399 1073 1439 pinae.
1098 1398 1181 1429 Dae.

1012 1453 1024 1468 Γ
1056 1448 1181 1488 Plutei]
1219 1447 1454 1479 Glossarium:
1481 1446 1490 1462 ‘
1517 1445 1671 1481 Pluteus,

969 1498 1142 1539 παράθεμα,
1155 1497 1336 1534 ἆνάκλιτον,
1352 1495 1469 1534 Θυμέλη
1484 1495 1606 1531 πλοίου,
1621 1496 1674 1533 ἐγ-

970 1550 1085 1589 'ydumei‘
1095 1548 1276 1591 τρικλίνου.’
1322 1548 1434 1580 Etiam
1450 1547 1620 1578 Martialis
1636 1547 1674 1576 τὸ

973 1601 1142 1632 ἆνοίκλιτον
1151 1602 1206 1638 τῆς
1217 1599 1324 1637 κλίνης
1340 1600 1389 1631 ita
1404 1603 1504 1629 vocat
1520 1609 1527 1627 ι
1545 1597 1554 1614 ‘
1570 1596 1673 1627 Nam-

971 1662 1037 1695 que
1055 1662 1139 1694 puer
1164 1653 1282 1693 pluteo
1306 1649 1439 1682 vindice
1463 1653 1558 1679 tutus
1578 1647 1675 1679 erat.’

971 1705 1060 1736 Aliae
1079 1704 1223 1740 Glossae,
1239 1702 1434 1742 ‘Pluteum‚
1446 1698 1674 1740 -γυψοπλασὶα,’

971 1755 1041 1785 Jos.
1057 1754 1143 1786 Scal-

1016 1805 1140 1846 Plutei]
1167 1806 1275 1836 Fuere
1293 1803 1372 1835 olim
1389 1812 1408 1834 e
1425 1801 1549 1834 tabulis
1570 1805 1606 1833 ct
1623 1811 1675 1832 as-

975 1857 1121 1895 seribus,
1143 1860 1261 1897 postea
1279 1864 1358 1885 vero
1375 1853 1510 1894 pluteos
1527 1851 1641 1883 fecere
1657 1862 1674 1882 e

975 1908 1124 1940 cratibus
1143 1907 1234 1938 corio
1250 1903 1403 1936 intentis.
1449 1903 1604 1934 Formam
1618 1902 1676 1933 de-

974 1959 1094 1990 scribit
1111 1958 1237 1997 Veget.
1254 1956 1311 1987 lib.
1331 1964 1382 1986 lv.
1400 1964 1476 1994 cap.
1495 1956 1547 1984 15.
1569 1954 1578 1970 ⁴
1596 1952 1677 1983 Plu—

975 2010 1022 2041 tei
1056 2009 1228 2046 dicuntur,
1261 2006 1318 2048 qui
1349 2005 1390 2036 ad
1421 2003 1676 2035 similitudinem

975 2058 1102 2098 apsidis
1119 2062 1346 2090 contexuntur
1362 2064 1381 2085 e
1398 2054 1533 2093 vimine,
1553 2058 1587 2084 et
1605 2053 1676 2084 cili-

975 2109 1036 2140 ciis
1053 2109 1106 2139 vel
1124 2108 1224 2140 coriis
1243 2109 1482 2146 proteguntur,
1501 2103 1676 2143 ternisque

975 2159 1106 2197 rotulis,
1123 2166 1265 2200 quarum
1284 2165 1348 2187 uua
1366 2156 1397 2186 in
1412 2154 1537 2193 medio,
1551 2153 1626 2184 duae
1642 2154 1677 2183 iu

974 2208 1144 2249 capitibus
1169 2210 1400 2248 apponuntur,
1426 2204 1459 2235 iu
1484 2212 1678 2244 quamcum-

975 2269 1041 2301 que
1070 2263 1204 2299 partein
1232 2257 1468 2290 admoventur,
1491 2263 1583 2285 more
1604 2263 1677 2285 car-

975 2308 1097 2350 penti.’
1141 2307 1259 2340 Plutei
1285 2307 1365 2338 item
1392 2306 1518 2337 tabulae
1549 2313 1677 2343 omncs,

975 2360 1095 2400 quibus
1122 2358 1249 2400 aliquid
1276 2357 1498 2398 praesepitur:
1542 2356 1586 2387 Et
1602 2355 1675 2386 liaec

975 2411 1090 2443 forsan
1107 2411 1215 2452 prima
1232 2410 1336 2441 notio.
1395 2408 1530 2447 Nempe
1547 2417 1566 2437 a
1582 2406 1676 2446 πλὰξ,

978 2461 1094 2492 tabula
1116 2471 1123 2491 :
1168 2467 1347 2500 utramque
1396 2457 1675 2498 significationem

977 2513 1098 2553 glossae
1130 2510 1290 2552 amplecti
1315 2508 1485 2546 videntur,
1510 2517 1585 2538 cum
1607 2507 1676 2547 plu-

978 2567 1059 2594 teum
1071 2566 1245 2602 exponunt
1262 2559 1429 2599 παράθεμα.
1474 2557 1559 2589 Inde
1571 2557 1674 2589 etiam

975 2614 1098 2654 pluteus
1114 2611 1259 2643 fulcrum
1285 2611 1362 2646 tori,
1389 2608 1469 2641 lecti
1488 2608 1572 2640 latus
1589 2608 1673 2640 inte-2

979 2665 1058 2695 rius.
1084 2663 1165 2694 Duc.
