1835 2906
356 185 415 213 Dr:
455 182 719 212 VERBURUM
758 179 1166 209 SiGNlFlcrx't'toNr:
1205 179 1294 206 [tn.
1332 178 1433 206 till.

1552 167 1636 205 :309

187 279 437 328 Horetum,c
459 284 503 319 et
526 278 762 326 forctum‚¹3
787 288 867 328 pro
888 275 1006 314 bono
1030 273 1252 313 dicebaut.

188 344 374 387 Hordad
415 359 646 399 praegnans
667 349 721 385 :¹4
755 343 869 383 unde
907 342 1018 389 dies,
1041 353 1129 394 quo
1163 339 1356 393 gravidae
1384 339 1536 380 hostiae
1558 338 1638 378 im-

242 414 531 462 molabantur,
554 411 809 453 hordicidia.

185 480 498 521 Hordiariume
520 493 597 530 aes,
620 479 736 533 quod
758 491 835 531 pro
857 476 1021 517 hordeo
1045 475 1183 528 equiti
1207 474 1412 514 Romano
1436 474 1636 514 dabatur.

186 546 427 589 Horreumf
445 548 613 600 antiqui
635 547 840 588 dicebant
856 544 1062 592 farreum,
1081 556 1108 584 a
1128 542 1252 583 farre.

185 616 358 657 Hortus
372 622 386 644 g
414 616 530 669 apud
551 615 751 668 antiquos
772 613 912 653 omnis
934 612 1039 652 villa
1060 611 1300 659 dicebatur,
1323 608 1438 662 quod
1460 608 1536 657 ibi,
1559 608 1636 661 qui

241 698 363 725 arma
385 697 543 737 capere
566 686 768 736 possent,
792 680 1019 721 orirentur.

790 790 908 801 aeaeaeaeaeae

912 789 1030 800 oooooo

230 860 268 888 13
293 858 379 889 Scal.
405 863 438 888 et
463 858 552 888 Dac.
578 857 756 896 legendum
783 862 920 887 monent
951 856 1102 886 Horctem
1126 858 1155 885 et
1181 854 1335 884 Forctem.
1381 850 1528 883 Quidam
1560 849 1639 880 libb.

186 910 247 939 pro
266 901 406 938 sore-lum
433 901 551 940 legunt
573 899 815 937 fructum-ull.
842 899 1077 940 Supplendum
1107 902 1204 938 putat
1221 897 1310 927 Dae.
1333 895 1455 934 Hordu,
1473 894 1525 924 bos
1535 903 1639 933 [ηας-

185 953 269 974 nans.

847 997 875 1027 N
884 995 985 1027 OTAE

186 1074 217 1103 in
236 1072 357 1112 gelidis
373 1073 477 1103 herba
494 1077 631 1112 reperta
647 1071 754 1101 focis!
774 1071 871 1101 Idem.

227 1128 240 1142 ⁰
264 1122 433 1162 Horetum]
452 1124 555 1162 Lege,
570 1122 731 1159 Hori-tem,
744 1122 884 1152 etForc-

185 1177 256 1204 tem.
304 1173 391 1203 Vide
404 1183 507 1213 supra
522 1174 530 1188 ‘
547 1171 701 1203 ForctiS.y
721 1173 787 1202 JOS.
801 1172 883 1202 Scal.

230 1224 396 1259 Horetum,
409 1223 598 1263 etforctum]
616 1223 704 1262 Lege
717 1232 789 1253 cum
804 1223 883 1253 Sca-

185 1275 303 1314 ligero,
321 1275 456 1305 horctem
478 1278 509 1305 et
522 1274 680 1312 for-clem:
706 1283 767 1313 pro
782 1272 885 1312 fortis

188 1326 330 1355 Veteres
348 1325 506 1355 dicebant
521 1325 650 1365 foi-ctis.
698 1325 741 1355 Et
758 1325 777 1354 h
794 1324 888 1364 prof

184 1376 319 1406 hor-ctis:
345 1376 422 1406 vide
445 1377 453 1393 ‘
478 1375 608 1407 foedus?
666 1376 802 1415 For-ctis,
827 1376 883 1406 bo-

185 1437 257 1463 nus,
271 1427 301 1457 id
316 1431 380 1467 est,
395 1427 535 1458 validus.
560 1428 641 1467 Leg.
654 1430 703 1458 12.
717 1426 787 1459 tab.
801 1427 810 1443 ‘
824 1427 883 1457 Sa-

188 1476 324 1508 natibus
363 1477 452 1507 idem
484 1477 573 1517 quod
611 1476 777 1508 forctibus
805 1478 883 1517 jous

183 1527 279 1558 estol
324 1528 499 1566 Forctibus,
512 1528 621 1565 bonis,
632 1528 733 1568 etqui
748 1538 811 1557 non
827 1527 884 1559 de-

185 1578 342 1609 fecerant
365 1589 383 1609 a
408 1579 533 1619 populo
561 1579 657 1608 Rom.
704 1578 884 1612 Sanatibus,

184 1630 239 1670 qui
277 1631 355 1660 olim
390 1630 516 1668 hostes,
558 1629 616 1659 sed
652 1638 741 1658 nunc
779 1628 885 1659 cives.

187 1680 349 1712 Quamvis
367 1680 408 1710 de
425 1680 463 1710 iis
481 1679 614 1709 variant
637 1678 831 1717 sententiae,
848 1683 885 1709 ut

187 1729 276 1760 iufra
293 1731 326 1760 in
345 1740 427 1760 voce
445 1732 453 1747 ⁵
467 1727 636 1760 Sanaies.’
660 1728 741 1758 Duc.

228 1779 241 1799 ‘¹
267 1780 394 1820 Horda]
431 1779 520 1809 Vide
550 1781 558 1794 ‘
578 1777 812 1808 Fordicidiisz'
850 1778 884 1808 in

187 1831 299 1861 Fastis
317 1833 365 1861 17.
390 1829 458 1860 kal.
486 1829 569 1859 Mai.
596 1829 691 1859 Ford.
720 1829 885 1868 scriptum

187 1886 250 1919 est,
266 1890 330 1910 uon
350 1881 453 1911 Hord.
491 1880 598 1909 Varro
625 1884 734 1908 tamen
761 1877 817 1909 lib.
834 1887 884 1908 XI.

187 1941 262 1971 cap.
280 1936 310 1961 5.
338 1931 380 1961 de
408 1932 456 1961 Re
481 1931 577 1960 Rust.
602 1929 787 1960 floruit-alia
810 1937 884 1959 esse

185 1982 218 2011 in
236 1981 347 2012 Fastis
364 1981 459 2012 (licit.
483 1981 562 2011 Ant.
578 1982 663 2019 Aug.

230 2032 355 2071 Horda]
390 2031 624 2071 Snpplendum
667 2035 749 2070 puto
779 2030 886 2067 horda,

187 2082 237 2113 bos
265 2092 441 2122 praegnans.
464 2082 564 2112 Varr.
597 2081 654 2111 lib.
685 2089 726 2111 ιι.
759 2080 800 2110 de
832 2079 886 2110 Re

188 2133 284 2163 Rust.
302 2142 377 2172 cap.
395 2136 426 2162 5.
453 2133 461 2148 ‘
480 2132 565 2163 Quae
591 2131 716 2161 sterilis
741 2136 793 2161 est
811 2140 886 2161 vac-

187 2192 228 2212 ca
258 2188 353 2213 taura
389 2183 572 2222 appellata,
596 2192 668 2222 quae
705 2191 884 2221 praegnans

187 2233 302 2263 horda.
348 2232 401 2262 Ab
426 2242 466 2263 eo
492 2233 523 2262 in
542 2233 653 2263 Fastis
677 2233 750 2262 dies
774 2231 885 2262 hordi-

188 2283 275 2312 calia
300 2282 525 2317 nominantur,
548 2282 636 2323 quod
667 2288 747 2313 tnnc
770 2282 886 2313 hordae

189 2332 291 2363 boves
319 2333 556 2364 immolantur!
606 2333 730 2371 Horda,
754 2333 887 2363 hordicz'-

189 2385 253 2421 dia,
268 2393 327 2422 pro
338 2383 435 2420 forda
452 2383 677 2420 etsordicidia.
710 2384 815 2414 Forcla
832 2393 887 2413 au-

189 2440 254 2465 tern
280 2444 298 2464 a
313 2433 467 2464 ferendo.
506 2433 608 2465 Ovid.
626 2435 634 2450 ‘
650 2434 761 2464 Fon-da
776 2434 888 2464 ferens

188 2485 247 2515 bos
270 2490 322 2514 est
346 2483 573 2524 foecnndaque
597 2484 689 2513 dicta
714 2483 852 2514 ferendo
868 2483 889 2514 :’

190 2537 260 2566 sive
288 2536 400 2574 potius
425 2545 442 2565 a
461 2534 585 2565 Graeco
611 2534 717 2573 φορὰς,
734 2533 886 2573 gravida,

188 2596 206 2616 a
229 2584 319 2625 φέρω.
366 2584 396 2615 Α
423 2583 529 2615 sordis
557 2583 885 2621 caedendis,fordici-

190 2636 242 2666 clia
269 2636 361 2666 dieta
390 2635 443 2665 die
478 2637 529 2666 15.
564 2634 702 2673 Aprilis,
737 2643 802 2674 qno
831 2634 888 2664 tri-

191 2686 284 2725 ginta
301 2685 448 2725 gravidae
467 2685 568 2715 boves
592 2684 721 2714 'l‘elluri
739 2683 889 2713 immola-

192 2736 313 2767 bantur
340 2745 401 2776 pro
430 2744 567 2766 numero
593 2735 773 2765 curiarum.
795 2734 888 2765 Ouid.

940 1070 948 1086 ‘
967 1069 1082 1100 Tertia
1110 1065 1347 1107 postVeneris
1379 1073 1455 1095 cum
1484 1064 1540 1094 lux
1569 1073 1641 1094 sur-

940 1120 1066 1151 rexerit
1084 1119 1180 1157 Idus,
1204 1116 1393 1148 Pontifices
1418 1114 1517 1145 forda
1545 1124 1642 1145 sacra

938 1173 1035 1203 litate
1060 1170 1156 1201 bove.
1203 1169 1304 1200 Nunc
1333 1166 1510 1206 gravidum
1534 1175 1640 1205 pecus

939 1227 1005 1261 est,
1022 1219 1170 1261 gravidae
1189 1228 1277 1249 nunc
1294 1217 1422 1247 semine
1438 1216 1641 1253 terrae,Tel-

940 1273 1004 1303 luri
1022 1273 1130 1312 plenae
1145 1270 1282 1301 victima
1297 1269 1396 1309 plena
1410 1266 1537 1298 datur.’
1552 1266 1640 1297 Vide

940 1328 948 1341 ¹
966 1321 1166 1354 fordieidia!
1184 1320 1266 1351 Duc.

993 1377 1006 1393 θ
1030 1371 1255 1411 Hordiurium]
1296 1369 1498 1400 Hordeariae
1537 1369 1640 1400 etiam

940 1423 1116 1465 quadrigae
1157 1423 1371 1459 dicebantur,
1409 1422 1487 1462 quia
1520 1421 1642 1452 victori

941 1473 1102 1514 agitatori
1115 1471 1279 1503 hordeum
1295 1471 1470 1510 praemium
1486 1470 1642 1501 dabatur.

940 1525 1110 1554 Auctores
1141 1526 1275 1553 veteres
1303 1522 1397 1560 Virg.
1421 1522 1643 1560 interpretes,

941 1575 997 1615 qui
1025 1580 1099 1604 sunt
1129 1573 1162 1603 in
1189 1572 1405 1603 Bibliotheca
1422 1572 1462 1601 P.
1479 1571 1643 1602 Danielis.

939 1625 1007 1655 dos.
1026 1624 1108 1654 Scul.

984 1675 1194 1705 Hordiarz'um
1231 1673 1289 1712 ωε]
1330 1673 1444 1703 Romae
1478 1670 1642 1702 hordeum

941 1725 1111 1766 equitibus
1142 1724 1277 1765 publice
1313 1723 1469 1757 (labatur,
1500 1731 1566 1763 quo
1584 1722 1642 1762 ju-

941 1781 1053 1806 menta
1071 1785 1130 1805 sua
1147 1774 1290 1812 alerent,
1304 1783 1413 1813 neque
1431 1773 1517 1803 enirn
1537 1781 1642 1802 avena

941 1827 1135 1857 utebantur.
1183 1825 1266 1856 Cum
1299 1824 1403 1864 igitur
1430 1833 1490 1863 pro
1516 1823 1643 1854 hordeo

942 1887 988 1907 aes
1006 1876 1166 1915 dabatur,
1189 1874 1271 1905 illud
1296 1873 1489 1904 hordiurz'um
1511 1873 1642 1903 dictum

942 1934 1015 1959 est:
1041 1927 1118 1958 inde
1145 1926 1246 1957 etiam
1269 1925 1446 1955 hordiariae
1469 1924 1642 1965 qnadrigae

943 1977 1032 2017 apud
1075 1983 1210 2008 veteres
1249 1976 1385 2015 Virgilii
1424 1976 1642 2015 interpretes,

944 2029 1022 2070 quia
1048 2028 1168 2059 victori
1193 2027 1354 2067 agitatori
1377 2025 1537 2056 hordeum
1557 2035 1641 2065 prae-

941 2080 1043 2110 mium
1061 2079 1215 2109 dabatur.
1242 2078 1325 2108 Duc.

984 2129 997 2148 f
1017 2130 1191 2170 Horreum]
1217 2128 1246 2159 A
1276 2127 1365 2158 farre
1390 2127 1545 2157 horreum
1563 2127 1642 2157 Fes-

942 2185 996 2211 tus
1021 2180 1173 2217 deducit,
1187 2179 1212 2217 f
1233 2183 1371 2210 mutato.v
1387 2178 1419 2208 in
1438 2177 1468 2212 Ιι,
1488 2177 1644 2214 harreum,

941 2233 1091 2270 horreum,
1122 2234 1156 2260 et
1187 2230 1219 2259 id
1260 2229 1367 2258 multo
1414 2226 1643 2264 verisimilius,

941 2292 1039 2323 quam
1056 2280 1145 2322 quod
1164 2281 1220 2310 alii
1237 2278 1418 2310 commenti
1435 2283 1524 2308 sunt.
1565 2278 1642 2308 Nisi

942 2343 1017 2363 cnm
1044 2329 1208 2362 'salmasio
1236 2330 1328 2359 dicas
1357 2329 1498 2358 horre-um
1523 2337 1597 2357 esse
1623 2337 1644 2357 a

942 2382 1066 2413 Graeco
1083 2381 1180 2420 ὥριον,
1205 2378 1372 2415 custodia,
1397 2377 1643 2408 conditorium:

942 2442 1017 2462 nam
1042 2431 1131 2461 idem
1157 2430 1255 2469 plane
1279 2428 1364 2468 ὥριον
1387 2426 1531 2462 Graecis,
1553 2427 1642 2467 quod

944 2482 1073 2513 Latinis
1103 2481 1257 2514 horreum,
1289 2483 1325 2508 et
1355 2478 1387 2507 in
1420 2477 1547 2507 horreis
1575 2487 1642 2507 non

943 2532 1149 2563 frumentum
1182 2535 1325 2564 tantum,
1353 2528 1410 2559 sed
1439 2529 1504 2558 alia
1531 2529 1644 2558 onmia

944 2581 1210 2621 reponebantur,
1223 2589 1275 2609 res
1294 2588 1424 2619 qnoque
1440 2578 1642 2618 pretiosissi-

944 2642 1020 2671 ma),
1039 2631 1120 2661 utin
1139 2630 1212 2669 lege
1230 2630 1331 2660 tertia
1348 2630 1393 2660 D.
1411 2629 1452 2658 de
1469 2627 1522 2658 off.
1544 2628 1642 2668 praef.

944 2683 1010 2721 vig.
1027 2687 1058 2711 et
1078 2681 1142 2720 leg.
1160 2684 1191 2711 6.
1228 2681 1271 2711 D.
1287 2680 1327 2709 de
1344 2678 1489 2710 edendo.
1515 2679 1611 2709 luem.

987 2739 1001 2759 ἔ
1027 2732 1162 2771 Hortus]
1186 2730 1391 2762 Duriuscnla
1422 2728 1561 2768 originis
1589 2739 1639 2759 rw
