1835 2906
423 130 484 160 DE
518 127 790 159 VERBORUM
824 124 1232 157 SlGNlFlCATlONE
1266 126 1361 155 [ΑΒ.
1397 125 1469 156 lx.

1586 113 1671 156 343

222 224 433 265 Juniumg
469 235 659 264 mensem
691 222 856 264 dictum
885 224 1047 275 putant
1069 233 1095 260 a
1125 219 1325 261 Junone:
1362 219 1495 260 iidem
1525 218 1672 272 ipsum

281 292 484 332 dicebant
522 291 550 331 J
556 292 767 331 unonium
805 293 848 330 et
885 288 909 329 J
920 287 1179 329 unonialem.

280 371 425 399 mense
443 358 602 399 dicitur
623 357 771 399 Julius
784 355 800 378 ¹¹
820 360 963 397 natus.

1246 286 1419 328 ‚lulium
1461 285 1578 340 quod
1619 299 1672 326 eo

222 425 252 466 J
256 425 402 467 urarei
427 425 614 466 Flamini
637 425 759 466 Diali
781 424 846 466 fas
867 437 952 465 non
972 428 1076 465 erat.

224 492 252 533 J
258 491 458 546 urgatio,k
473 493 587 546 juris
609 493 741 534 actio.

225 560 412 610 Jussa,¹²
428 560 436 582 ¹
451 561 568 614 jura.

224 627 253 668 J
257 629 346 668 usti
368 628 460 669 dies
475 634 501 650 ¹¹¹
536 628 796 669 dicebantur
823 626 1012 678 triginta,
1034 637 1132 665 cum
1155 622 1378 664 exercitus
1399 626 1519 664 esset
1540 622 1676 676 impe-

280 701 414 744 ratus,
437 698 481 736 et
500 695 713 735 vexillum
734 694 777 734 in
799 705 899 733 arce
920 691 1128 745 positum.

226 762 254 803 J
259 767 404 804 ustum
424 762 613 811 vadem‚¹¹
635 761 842 803 idoneum
862 772 1136 814 sponsorem.

226 830 254 871 J
260 831 538 872 uvenalia¹³0
570 830 842 884 fingebantur
882 828 1038 868 Dianae
1075 825 1325 874 simulacra,
1361 826 1467 879 quia
1494 837 1548 866 ea.
1568 829 1679 866 aetas

833 937 951 949 eeeeee

954 936 1071 948 eeeeee

274 1019 311 1048 12
336 1016 409 1047 Viri
427 1015 517 1048 docti
535 1017 615 1047 Jusa
628 1028 637 1046 :
661 1016 750 1057 quod
767 1015 890 1056 probat
908 1016 1082 1046 Dac.-13
1108 1012 1178 1045 Alii
1196 1013 1369 1045 Juvenilia.

887 1120 1028 1152 NOTAE

272 1191 286 1212 ἕ
308 1185 454 1224 Junium]
493 1185 606 1215 Multa
623 1184 732 1216 dehis
749 1184 852 1216 ovid.
869 1184 928 1215 lib.

231 1243 280 1266 vr.
306 1235 400 1265 Fast.
424 1240 459 1266 et
483 1235 638 1266 Macrob.
664 1235 722 1266 lib.
739 1244 763 1265 1.
791 1235 927 1266 Saturn.

230 1285 308 1316 Ant.
323 1284 409 1324 Aug.

273 1335 422 1376 Junium]
459 1336 626 1368 Junonius
664 1340 764 1367 antea
802 1336 928 1367 dictus.

231 1385 336 1417 Ovid.
352 1395 401 1417 vr.
422 1386 515 1417 Fast.
541 1387 550 1403 ‘
566 1387 627 1417 Est
646 1387 713 1417 illic
731 1386 853 1417 mensis
869 1385 930 1417 Ju-

231 1437 368 1468 nonins:
388 1437 502 1477 aspice
511 1437 638 1478 Tybnr,
651 1438 693 1467 Et
708 1436 929 1468 Praenestinae

232 1487 355 1517 moenia
371 1497 466 1518 sacra
483 1487 590 1518 Deae!
617 1488 696 1519 Duc.

281 1535 295 1555 ¹¹
318 1537 441 1577 Julius]
480 1538 643 1570 Quintilis
675 1542 776 1568 antea
807 1538 930 1572 dietus,

982 1184 1072 1224 apud
1093 1183 1216 1225 probos
1240 1186 1396 1213 auctores
1413 1180 1682 1221 distinguuntur.

984 1237 1056 1266 Liv.
1075 1235 1133 1266 lib.
1151 1244 1184 1266 v.
1207 1232 1349 1274 ‘jurgiis
1366 1242 1404 1263 ac
1422 1231 1538 1262 litibus
1554 1235 1685 1270 tempe-

983 1285 1119 1317 ratum.'
1156 1284 1258 1316 Ovid.
1279 1292 1317 1314 ιι.
1334 1284 1429 1314 Fast.
1446 1287 1453 1299 ‘
1470 1282 1544 1313 Lite
1561 1284 1685 1311 vacent

986 1347 1096 1376 aures,
1110 1337 1295 1376 insanaque
1314 1333 1469 1374 protinus
1483 1332 1596 1363 absint
1607 1331 1687 1363 Jur-

985 1389 1052 1428 gia,
1067 1385 1167 1417 differ
1183 1395 1283 1427 opus,
1301 1383 1404 1415 livida
1425 1384 1551 1423 lingua,
1570 1380 1687 1413 tuum.'

986 1439 1067 1469 Dae.

1028 1488 1035 1508 ¹
1057 1488 1171 1527 Jnssa]
1195 1487 1337 1528 Optime
1354 1485 1416 1516 viri
1433 1483 1540 1522 docti,
1558 1483 1615 1524 qui
1639 1482 1686 1512 le-

986 1540 1169 1580 guxitjusa:
1192 1539 1215 1570 i.
1233 1547 1263 1568 e.
1278 1537 1365 1575 jura,
1382 1546 1397 1566 s
1412 1544 1473 1575 pro
1488 1544 1523 1565 r.-
1539 1538 1575 1564 ut
1598 1533 1607 1549 ‘
1621 1542 1687 1563 ma-

232 1586 321 1627 quod
355 1588 504 1620 Quintus
535 1593 626 1619 esset
655 1598 674 1619 a
704 1588 843 1627 Martio,
875 1589 930 1628 qni
979 1588 1128 1630 josibus'
1155 1597 1214 1628 pro
1236 1585 1463 1627 ‘majoribus-¹
1501 1582 1686 1614 ‘Lasibns'

233 1638 338 1667 mensi
360 1637 465 1668 dabat
493 1638 635 1669 initium.
681 1638 808 1668 Postea
825 1638 857 1668 in
874 1638 933 1668 ho-

232 1695 348 1717 norem
366 1687 512 1718 Caesaris
527 1688 634 1718 Julius
657 1687 782 1727 dictus,
799 1687 887 1728 quod
906 1688 933 1718 is

234 1739 264 1815 ᾗ.
308 1736 390 1768 Idus
418 1737 571 1778 ejusdem
602 1738 727 1769 mensis
755 1743 852 1769 natus
880 1738 936 1769 sit.

254 1787 333 1816 (lem.

273 1835 280 1854 i
304 1836 436 1877 Jurare]
463 1836 590 1868 Notum
608 1847 650 1867 ex
673 1836 785 1868 edicto
812 1846 935 1877 perpe-

233 1891 291 1918 tuo
314 1888 503 1920 Praetoris:
528 1897 780 1920 sAcERDOTEM.
809 1897 935 1920 VESTA-

234 1948 324 1971 LEM.
368 1948 423 1971 ΕΤ.
469 1949 676 1972 ηΑΜιΝΕΜ.
710 1949 863 1972 omnam.
897 1949 935 1971 lN

233 1998 363 2021 OMNEI·
381 1999 469 2021 ΜΕΑ.
488 1999 778 2022 JVRISDICTIONE.
795 1999 938 2022 JVRARE

234 2049 320 2071 mon.
338 2049 480 2073 cocAM.
519 2042 632 2072 Livius
648 2042 734 2073 libro
751 2051 857 2073 xxxi.
876 2042 885 2058 ‘
900 2042 937 2072 C.

232 2090 388 2121 Valerius
420 2091 576 2131 Flaccus,
600 2101 699 2133 quem
729 2097 936 2133 praesentem

233 2147 448 2182 creaverant,
471 2142 552 2183 quia
570 2142 707 2173 Flamen
732 2144 838 2174 Dialis
853 2148 938 2182 erat,

228 2190 346 2229 jurare
373 2191 406 2221 in
432 2192 523 2231 leges
548 2202 616 2223 non
644 2194 802 2233 poterat.’
849 2193 937 2224 Vide

237 2240 331 2271 Plut.
349 2241 520 2274 Problem.
544 2243 613 2275 Jos.
628 2243 714 2274 Scal.

277 2290 291 2310 ¹<
313 2291 479 2331 durgatz'o]
504 2293 604 2324 Varr.
623 2293 681 2324 lib.
701 2302 750 2324 νι.
776 2293 936 2333 ‘jurgare

236 2341 377 2381 estjure
396 2351 508 2381 agere,
532 2352 607 2373 cum
635 2345 709 2383 quis
728 2344 807 2384 jure
825 2345 937 2385 litiga-

235 2391 299 2423 rit.¹
346 2392 414 2422 Sed
434 2392 724 2432 proprie-jurgant)
740 2398 775 2424 et
793 2393 938 2433 jurgium

236 2447 300 2482 est,
335 2442 425 2472 inter
452 2442 634 2473 benevolos
662 2447 698 2473 et
726 2444 937 2484 propinquos

236 2493 414 2529 dissentio,
439 2495 491 2524 vel
521 2496 707 2526 contentio.
752 2496 809 2526 Lis
832 2497 939 2528 inimi-

238 2554 352 2574 corum
377 2545 587 2575 concertatio
605 2546 846 2578 vehementior.
883 2548 938 2578 Ci-

238 2604 318 2625 cero
332 2604 381 2626 iv.
398 2594 440 2625 de
456 2595 588 2636 Repub.
602 2600 609 2612 ‘
625 2596 823 2637 Sijurgant,
836 2597 937 2629 bene-

239 2645 388 2676 volorum
415 2646 627 2677 concertatio
645 2652 709 2683 est,
733 2647 772 2678 lis
790 2648 939 2679 inimico-

238 2703 309 2725 rum
340 2705 405 2726 non
431 2695 585 2737 jurgium
617 2696 769 2729 dicitur.’
826 2699 939 2731 Quare

987 1649 1048 1680 pro
1070 1639 1079 1655 ‘
1094 1636 1258 1673 Laribus,'
1275 1639 1341 1667 ἃς.
1367 1635 1464 1666 Idem.

1031 1694 1053 1709 ¹¹¹
1075 1689 1165 1720 ,Iusti
1187 1687 1268 1727 dies]
1291 1685 1403 1717 Unico
1428 1683 1533 1715 verbo
1550 1683 1690 1714 Glossa-

988 1740 1071 1771 rium
1088 1749 1164 1770 cum
1182 1738 1247 1768 alia
1263 1735 1549 1776 interpretatione
1564 1744 1571 1764 :
1589 1733 1598 1749 ‘
1611 1733 1691 1766 Jus-

987 1790 1119 1825 tidium,
1144 1787 1313 1829 ἆρχοντικὴ
1340 1784 1462 1827 ἡμέρα.’
1515 1786 1690 1825 Tanquam

983 1842 1068 1883 justi
1087 1840 1159 1871 dies
1176 1841 1258 1878 sint,
1280 1838 1402 1880 quibus
1422 1837 1479 1877 jus
1505 1835 1574 1866 dici
1595 1840 1692 1876 pote-

990 1895 1056 1927 rat,
1079 1890 1170 1931 quod
1188 1899 1304 1920 verum
1321 1897 1386 1919 non
1404 1892 1466 1918 est.
1489 1887 1558 1917 Jos.
1575 1885 1660 1917 Scal.

1033 1941 1124 1972 Justz·
1137 1939 1218 1979 dies]
1241 1940 1348 1971 Erant
1376 1937 1526 1969 continui
1554 1936 1693 1977 triginta

991 1992 1074 2027 dies,
1100 1990 1220 2032 quibus
1236 1988 1406 2020 exercitui
1428 1988 1595 2027 imperato
1612 1995 1693 2017 vex-

992 2044 1084 2074 illum
1116 2041 1179 2073 rufi
1211 2040 1333 2072 coloris
1364 2040 1398 2069 in
1429 2047 1506 2069 arce
1545 2037 1692 2078 positum

992 2099 1079 2131 erat,
1104 2097 1138 2123 et
1156 2090 1367 2132 praeliaribus
1384 2089 1501 2119 diebus
1518 2086 1692 2124 differunt,

994 2143 1082 2184 quod
1110 2140 1322 2183 praeliaribus
1349 2138 1401 2170 fas
1418 2143 1492 2169 erat
1510 2147 1578 2168 rem
1595 2146 1693 2177 repe-

994 2200 1079 2230 tere,
1103 2198 1139 2224 et
1163 2194 1293 2223 hostem
1319 2191 1497 2225 lacessere,
1515 2189 1617 2228 justis
1639 2198 1697 2218 an-

994 2252 1063 2278 tem
1093 2254 1159 2275 non
1191 2244 1284 2274 item.
1345 2242 1412 2272 Alii
1435 2240 1603 2279 justidium
1628 2238 1692 2280 (sic

992 2297 1081 2328 enim
1099 2296 1259 2326 dicuntur
1276 2292 1376 2323 unica
1398 2290 1498 2331 voce)
1521 2291 1619 2320 aliter
1636 2299 1693 2321 ex-

993 2350 1138 2387 ponunt,
1161 2353 1282 2383 nempe
1306 2340 1473 2382 ἀρχοντικὴ
1489 2339 1597 2381 ἡμέρα,
1620 2346 1693 2370 tan-

993 2406 1093 2438 quam
1116 2395 1198 2435 justi
1228 2394 1301 2424 dies
1328 2392 1407 2430 sint,
1422 2391 1609 2431 quibusjus
1625 2389 1695 2421 dici

996 2450 1147 2488 poterat,
1182 2443 1271 2485 quod
1310 2443 1444 2473 omniuo
1479 2441 1599 2473 falsum
1630 2447 1693 2473 est.

995 2497 1076 2527 Duc.

1037 2551 1050 2565 ¹¹
1080 2546 1210 2574 Justum
1239 2542 1361 2582 vadem]
1399 2542 1488 2573 Vide
1521 2543 1530 2558 ‘
1550 2542 1694 2574 vadem.'

995 2596 1093 2627 Idem.

1036 2653 1050 2667 ⁰
1066 2645 1249 2686 Juvenalia]
1264 2644 1508 2683 Aliijuvenilia;
1522 2654 1586 2675 non
1598 2645 1699 2676 male„

997 2698 1072 2729 Non
1086 2697 1133 2728 ita
1149 2702 1262 2728 tamen
1276 2695 1480 2734 utjuvermlia
1496 2696 1697 2736 rejiciamus.
