1835 2906
174 136 259 178 264

620 146 768 177 SEX-'1¹1
803 144 1004 175 POMPEI!
1041 144 1176 174 FESTI

232 247 317 292 tur,
338 255 423 283 non
444 246 659 293 tenentur,
681 243 742 283 ita
759 241 988 296 appellati.
1035 239 1290 289 Ferentarii,
1307 238 1416 279 levis
1435 242 1619 279 armatu·
1654 294 1658 296 ἡ

233 323 293 351 rae
318 314 596 363 pugnatores.

177 378 428 419 Feretrius2
463 377 640 431 Jupiter
666 377 810 417 dictus
833 388 861 416 a
881 374 1072 424 ferendo,
1093 373 1211 427 quod
1234 386 1388 427 pacem
1410 374 1519 413 serre
1541 385 1621 425 pu-

233 448 422 486 taretur:
453 458 509 486 ex
542 444 673 499 cujus
702 444 867 497 templo
893 443 1123 484 sumebant
1149 450 1384 494 sceptrum,
1405 453 1484 494 per
1506 440 1621 493 quod

227 513 436 567 jurarent,
457 518 500 555 et
519 512 711 566 lapidem
733 511 918 560 silicem,
939 524 1026 563 quo
1044 509 1192 550 foedus
1207 509 1395 550 ferirent.

178 581 311 622 Feria
331 595 357 623 a
376 581 582 623 feriendis
601 579 792 621 victimis
814 578 1095 632 appellata-¹4

179 648 321 690 Feriae
344 653 470 691 statae
487 654 503 670 ὃ
524 648 873 702 appellabantur,
900 646 1016 700 quod
1040 649 1157 686 certo
1182 646 1438 696 statutoque
1459 641 1529 682 die
1547 641 1624 682 ob-

235 721 523 757 servarentur.

178 782 362 824 Feriasb
397 784 563 836 antiqui
599 783 735 823 festas
767 781 988 822 vocabant
1007 785 1065 821 :¹⁵
1106 783 1149 820 et.
1179 779 1276 819 aliae
1301 782 1419 818 erant
1440 777 1534 817 sine
1556 776 1625 817 die

234 850 367 900 festo,
389 854 437 891 ut
457 850 657 891 nundinae
675 863 685 900 3
707 849 806 889 aliae
825 861 922 889 cum
945 847 1074 896 sesto,
1092 852 1140 887 ut
1162 845 1442 887 Saturnalia:
1464 845 1625 898 quibus

235 918 582 972 adjungebantur
612 917 887 970 epulationes
933 928 988 955 ex
1022 918 1233 968 proventu
1265 914 1377 954 setus
1417 924 1626 966 pecorum

235 985 509 1039 frugumque.

185 1053 334 1094 Ferire
350 1060 363 1076 ς
386 1054 566 1103 dictum,
588 1053 708 1107 quod
728 1052 928 1093 ferientes
948 1049 1195 1090 feruntur.¹⁶

180 1120 357 1161 Ferocit
373 1119 391 1142 d
420 1121 538 1174 apud
562 1119 794 1168 Catonem,
815 1118 1016 1159 ferociter
1035 1118 1136 1170 agit.

237 1188 381 1240 figere.

785 1262 905 1273 ‘‘‘‘‘‘

1197 1117 1352 1157 Fivere
1374 1115 1483 1157 idem
1500 1120 1532 1145 ¹⁷
1550 1127 1628 1167 pro

910 1261 1025 1272 ‘‘‘‘‘

223 1342 263 1370 14
279 1340 343 1371 Alii
356 1341 552 1371 vocali.—l5
570 1340 657 1371 Vide
674 1340 780 1372 Notas
797 1338 943 1378 inst—16
957 1338 1265 1376 Al.serantur.—l7
1283 1335 1429 1368 Quidam
1446 1334 1527 1366 libb.
1544 1334 1629 1364 item.

835 1445 975 1478 NOTAE

223 1527 234 1541 ²
259 1521 436 1561 Feretrius]
474 1521 553 1556 Alii,
583 1521 672 1562 quod
704 1522 734 1552 ei
765 1521 878 1560 opima

181 1571 309 1601 ferrent
335 1571 455 1610 spolia,
478 1572 531 1601 vel
558 1581 576 1601 a
604 1570 770 1601 feriendo.
793 1571 877 1600 Pro-

182 1626 268 1661 pert.
286 1621 343 1651 lib.
361 1630 412 1652 iv.
439 1623 448 1638 ‘
462 1631 562 1651 causa
583 1621 730 1660 Feretri,
755 1621 878 1652 Omine

182 1672 272 1713 quod
301 1678 396 1703 certo
424 1672 491 1702 dux
520 1672 599 1703 ferit
629 1681 708 1702 ense
732 1672 876 1710 ducem3

179 1723 261 1761 Seu,
278 1724 356 1762 quia
384 1723 472 1753 victa
495 1723 562 1753 suis
577 1722 724 1752 humeris
740 1722 812 1752 liaec
829 1731 879 1752 ar-

931 1529 1062 1557 norum,
1094 1519 1128 1550 id
1156 1524 1220 1558 est,
1239 1517 1452 1548 rusticorum.
1497 1513 1630 1547 Quibus

930 1572 1134 1603 conveniunt
1146 1570 1290 1610 negotiis
1309 1567 1452 1609 propriis
1470 1566 1522 1596 vel
1544 1575 1631 1595 mer-

929 1623 1023 1654 cibus
1046 1621 1223 1663 provisuri.
1269 1619 1358 1650 Vide
1388 1616 1540 1649 Macrob.
1572 1615 1630 1646 lib.

931 1684 954 1705 1.
982 1674 1053 1704 Sat.
1069 1674 1211 1712 cap-16.
1237 1671 1333 1701 Idem.

973 1724 986 1745 ὓ
1006 1722 1131 1763 Perias]
1149 1721 1302 1761 Corrige,
1318 1719 1428 1751 Ferias
1444 1717 1565 1757 antiqui
1581 1715 1633 1754 se-

180 1783 236 1804 ma
253 1773 422 1810 ferebant,
452 1774 541 1805 Hinc
566 1772 699 1804 Feretri
720 1773 812 1803 (licta
829 1777 881 1804 est
928 1777 991 1806 sius
1003 1776 1164 1812 vocabant,
1182 1778 1275 1803 recte
1291 1770 1404 1802 :feriis
1421 1767 1632 1809 epulationes

183 1833 240 1854 ara
257 1825 403 1864 superba
419 1824 536 1856 Jovis.‘
580 1825 647 1854 Sed
665 1824 793 1863 optime
812 1834 881 1854 nio-

181 1875 254 1905 nuit
268 1874 419 1914 Scaliger
436 1874 564 1904 (lictum
579 1874 766 1904 Feretrium
783 1884 800 1904 a
818 1875 879 1904 Fe-

181 1929 273 1955 retro
298 1934 429 1964 pompae
455 1924 674 1964 triumphalia.
721 1925 878 1955 Valerius

181 1975 340 2006 Flaccus:
374 1974 382 1990 ‘
400 1974 482 2013 Has,
500 1983 634 2014 precor,
662 1974 814 2010 exuvias,
846 1980 880 2004 et

182 2026 294 2065 opima
315 2025 479 2056 cadavera
502 2030 616 2056 nostro
637 2025 805 2065 Linquite,
823 2025 881 2064 ait,

184 2075 351 2106 Feretro-¹
376 2076 473 2107 Idem.

224 2130 238 2146 ’ὃ
263 2126 479 2166 Feriaestatoe]
496 2124 710 2156 Publicarum
724 2124 881 2157 seriarum

183 2184 308 2214 genera
325 2182 403 2206 sunt
417 2181 581 2217 quatuor:
603 2178 612 2193 ‘
627 2176 795 2215 Stativae,'
808 2187 881 2217 quae

183 2226 284 2256 certis
302 2225 420 2256 diebus
443 2229 479 2256 et
493 2225 675 2264 mensibus,
696 2230 730 2256 et
744 2227 776 2256 in
790 2225 883 2257 fastis

183 2277 280 2307 statis
304 2276 597 2307 observationibus
633 2275 819 2314 adnotatae,
846 2282 883 2307 ut

185 2328 353 2366 agonalia,
364 2327 596 2364 carmentalia,
609 2326 808 2366 lupercalia,
820 2330 884 2359 δερ.

184 2378 192 2393 ‘
207 2377 437 2417 Conceptivae'
456 2388 529 2419 qnae
542 2378 724 2418 quotannis
737 2388 754 2407 a
765 2379 883 2419 magis-

185 2427 329 2458 tratibns
347 2429 397 2457 vel
423 2427 662 2458 Sacerdotibus
689 2428 884 2468 concipiun-

186 2482 254 2517 tur,
269 2478 320 2508 vel
338 2478 503 2516 incertos,
520 2479 572 2509 vel
590 2479 621 2508 in
640 2478 786 2509 incertos
802 2479 886 2518 dies,

188 2532 227 2558 ut
268 2527 409 2566 Latinae,
445 2528 642 2567 Paganfflia,
677 2530 886 2562 sementinam

189 2577 394 2617 compitalia.
434 2578 697 2617 ‘1111perativa2‚’
710 2590 792 2620 quas
809 2591 886 2611 con·

184 2626 273 2657 sules
293 2627 343 2656 vel
359 2631 521 2666 praetores
544 2638 603 2666 pro
619 2630 758 2660 arbitrio
774 2636 885 2670 potes-

189 2678 269 2708 tatis
285 2676 448 2708 indicunt.
496 2678 539 2708 Et
557 2678 758 2721 ‘ntlndinae‚’
785 2691 884 2722 paga-

931 1826 1219 1867 adjungebantur,
1235 1831 1339 1863 quare
1353 1831 1370 1851 a
1383 1820 1506 1852 Graeco
1522 1818 1633 1858 ἑστιᾷν

932 1877 1077 1908 ‘festum
1106 1876 1194 1906 diem
1213 1871 1337 1913 agere,'
1360 1870 1516 1902 convivio
1543 1869 1635 1900 exci-

933 1937 1013 1967 pere
1040 1927 1139 1957 ‹lictae
1158 1926 1252 1963 fesioe
1277 1933 1352 1963 quae
1376 1926 1494 1962 postea
1518 1919 1632 1951 Ferioe.

933 1978 1050 2009 Velius
1073 1978 1228 2015 Longus:
1255 1976 1264 1991 ‘
1281 1974 1394 2004 Perias
1419 1979 1550 2012 quoque
1567 1978 1633 1999 non

936 2027 1059 2065 fen-eas,
1076 2027 1230 2068 quoniam
1250 2025 1339 2065 apud
1365 2023 1520 2062 antiquos
1542 2019 1632 2050 fesiae

937 2089 1003 2110 non
1021 2077 1122 2108 fese'ae
1141 2076 1240 2107 sunt!
1285 2074 1371 2103 Vide
1388 2070 1481 2103 infra.
1506 2070 1603 2100 Idem.

983 2129 1092 2160 Ferias
1115 2127 1239 2167 'antiqui
1255 2125 1356 2163 festas
1382 2120 1545 2160 vocabant]
1576 2118 1635 2149 At-

938 2180 995 2221 qui
1027 2178 1178 2218 quandam
1212 2175 1306 2206 feriae
1335 2174 1405 2203 sine
1442 2171 1497 2202 die
1535 2169 1635 2200 festo.

938 2229 1114 2262 Quomodo
1139 2227 1240 2266 igitur
1252 2224 1353 2256 ferias
1370 2223 1473 2254 festas
1490 2221 1635 2251 Veteres

938 2280 1075 2311 dixere?
1116 2278 1320 2309 Ridiculum.
1346 2276 1434 2313 Lege
1450 2272 1560 2309 modo,
1578 2273 1636 2303 Fe·

936 2330 1002 2360 rias
1036 2329 1159 2368 antiqui
1179 2327 1283 2366 sesias
1312 2325 1469 2356 vocabant.
1527 2322 1635 2363 quue

938 2381 1038 2411 etiam
1056 2380 1194 2410 doctiss.
1219 2377 1338 2407 vossio
1357 2376 1388 2406 in
1413 2378 1560 2405 mentem
1581 2382 1635 2403 ve-

939 2431 1029 2461 nisse
1078 2429 1190 2460 video.
1224 2427 1313 2459 Vide
1350 2435 1452 2467 supra
1491 2422 1633 2454 ‘feriae.'

940 2482 1037 2512 Idem.

982 2538 994 2552 ⁰
1021 2530 1143 2571 Ferire]
1166 2531 1289 2569 Inepte
1307 2527 1433 2558 Paulus
1457 2535 1474 2556 a
1489 2525 1633 2563 serendo,

944 2583 1035 2613 Fer—2⁴0
1051 2587 1100 2612 est
1121 2582 1162 2611 ab
1180 2580 1307 2611 AEolico
1322 2576 1437 2617 βερπὺρ
1455 2586 1513 2617 pro
1529 2575 1636 2615 δερτὺρ

942 2633 1030 2663 unde.
1047 2639 1081 2663 et
1097 2632 1248 2662 verbero.
1272 2630 1369 2660 Idem.

983 2682 995 2703 ‘¹
1023 2682 1163 2721 Ferocit]
1200 2680 1227 2711 A
1250 2681 1357 2719 ferox,
1385 2677 1472 2719 quod
1500 2678 1634 2715 aserus.
