1835 2906
377 154 438 184 DE
474 149 743 181 VERBORUM
779 144 1188 178 SIGNIFICATIONE
1224 145 1317 174 [ΑΒ.
1353 144 1424 173 Xl.

1539 132 1623 174 383

237 263 314 304 per
356 247 473 303 quod
512 246 671 287 animae
712 244 944 284 inferorum
984 239 1040 280 ad
1072 251 1255 292 superos
1286 240 1520 287 manarent,
1550 238 1624 290 qui

240 318 444 357 dicuntur
483 326 650 354 manes.

731 308 953 351 Manalem
986 307 1147 348 etiama
1179 307 1369 360 lapidem
1409 305 1626 347 vocabant

239 388 407 439 petram
455 382 688 435 quandam,
739 390 838 433 quae
877 380 968 416 erat
1026 379 1153 415 extra
1197 379 1366 427 portam
1404 373 1625 426 Capenam

232 454 364 507 juxta
397 450 538 492 aedem
557 449 731 494 Martis,
755 458 902 499 quam,
940 456 1035 483 cum
1058 445 1235 495 propter
1254 442 1432 481 nimiam
1453 441 1627 481 siccita-

240 525 327 561 tem
349 521 394 560 in
420 519 573 572 urbem
592 511 924 571 protraherent,8
948 511 1260 564 insequebatur
1278 509 1432 561 pluvia
1453 510 1628 549 statim:

241 600 441 640 eumque,
466 585 584 639 quod
607 596 744 637 aquas
765 582 976 627 manaret,
999 578 1210 618 manalem
1230 576 1419 629 lapidem
1440 575 1606 615 dixere.

186 655 404 697 Manarea
436 653 609 703 dicitur,
630 664 727 692 cum
759 649 913 689 humor
946 659 1003 687 ex
1031 646 1216 699 integro,
1249 643 1327 684 sed
1365 656 1450 683 non
1488 643 1631 683 solido

793 755 930 766 eeeeeee

934 754 1032 765 ’’’’’

231 821 250 849 8
273 818 337 849 ‘L.
354 826 396 848 m.
413 815 628 857 pertraherent
641 823 650 843 .·
665 811 753 854 quod
779 811 904 843 rectius
920 815 973 841 est
997 819 1095 851 quam
1118 806 1361 849 protraherent?
1387 806 1461 837 Ful.
1476 806 1592 838 Ursin.

843 927 986 961 NOTAE

188 1009 247 1031 cus
263 999 315 1030 liic
331 997 493 1029 Varronis
510 996 679 1036 egregius,
696 1004 794 1036 quem
813 1003 888 1034 pro-

942 991 1034 1024 tras.'
1050 991 1055 1001 '
1105 989 1235 1022 Deinde
1252 986 1449 1028 Fulgentius
1467 983 1636 1025 explicat:

188 1050 356 1089 duximus,
373 1048 649 1089 corruptissimus
678 1051 773 1076 extat
799 1043 887 1084 apud
941 1045 950 1060 ⁴
969 1043 1031 1073 boc
1049 1041 1126 1080 est‚’
1142 1040 1260 1081 inquit,
1282 1041 1291 1056 ‘
1312 1047 1391 1079 quas
1408 1035 1536 1076 antiqui
1555 1034 1641 1065 sole·

190 1100 360 1131 Nonium:
394 1103 430 1130 et
466 1097 627 1129 confusus
665 1105 740 1127 cum
780 1095 888 1125 altero
942 1094 1024 1125 bant
1050 1094 1082 1123 in
1110 1092 1243 1122 niodum
1271 1088 1497 1130 cylindrorum
1521 1094 1581 1125 per
1601 1084 1640 1114 li-

190 1151 342 1192 ejusdem
359 1149 519 1188 auctoris,
541 1148 596 1189 qui
625 1147 735 1188 priore
756 1146 828 1176 loco
846 1144 890 1175 ci-

192 1208 298 1234 tatur.
356 1202 443 1232 Nam
473 1200 520 1231 ita
550 1198 678 1239 legitur
703 1196 791 1237 apud
819 1196 890 1226 No-

190 1252 292 1287 nium,
308 1251 365 1281 ubi
382 1250 533 1290 explicat
549 1249 629 1290 quid
643 1248 686 1279 sit
698 1247 890 1278 Trulleum:

190 1304 199 1320 ‘
214 1311 279 1333 non
293 1311 365 1342 quae
382 1300 523 1330 luxuriae
537 1309 639 1331 causa
657 1308 731 1329 esse
750 1301 890 1338 parata:

192 1353 263 1393 ejus
287 1351 457 1382 urceolum
482 1360 578 1390 aquae
604 1349 770 1379 manalem
797 1356 892 1378 voea-

193 1402 291 1434 mus?
351 1399 546 1441 Legendum
590 1399 697 1430 enim:
735 1407 795 1428 non
826 1407 893 1437 quoe

194 1452 330 1484 luxuriae
360 1461 467 1482 caussa
496 1453 596 1481 essent
627 1451 757 1489 parata:
789 1453 824 1478 et
855 1456 895 1479 11.

199 1503 372 1536 [Ji-ceolum,
400 1510 486 1541 aquae
512 1500 630 1530 mioemle
653 1507 808 1537 vocamus,
841 1498 894 1536 ἔμ’.

196 1552 262 1584 Sed
288 1551 417 1582 fallitur
434 1551 542 1581 Varro
569 1550 600 1579 in
618 1547 843 1588 etymologiis⁷
860 1553 895 1577 et

196 1613 302 1643 saepe,
326 1602 428 1633 etiam
456 1599 634 1641 aliquando
662 1598 809 1639 prudens
833 1597 895 1628 sci-

197 1663 268 1684 ens.
314 1653 403 1684 Nam
420 1660 485 1682 non
503 1660 521 1681 a
536 1650 699 1688 manando,
723 1647 780 1679 sed
799 1657 817 1678 a
834 1657 898 1678 ma-

197 1704 289 1734 nibus
318 1702 464 1733 dictum:
499 1705 617 1741 estque
649 1699 681 1729 id
709 1708 781 1738 vas,
808 1696 897 1738 quod

200 1759 322 1795 postea
352 1750 552 1793 aquimanile
585 1753 759 1780 vocatum:
791 1752 830 1778 ut
860 1747 898 1777 li·

201 1804 296 1836 brale
320 1809 355 1834 et
378 1802 489 1833 librile
506 1806 684 1841 utrumque
711 1798 899 1829 dicebatur.

203 1854 435 1887 Glossarium:
459 1853 468 1868 ⁴
486 1850 714 1892 Aquimansse,
730 1846 898 1889 χέρνιβον.’

202 1903 406 1939 Distoriius,
446 1902 479 1932 in
514 1900 699 1931 Pandecus
734 1898 900 1929 Florenti-

205 1955 254 1986 nis
271 1954 326 1985 lib.
340 1963 395 1984 ιιι.
410 1953 452 1984 de
467 1951 587 1992 supell.
603 1951 669 1990 leg.
692 1949 901 1989 Aquiminale.

205 2005 379 2038 Jos.Scal.

250 2058 410 2088 Menatem
427 2054 573 2096 lapidem]
598 2056 676 2086 Non
703 2064 721 2084 a
741 2053 902 2091 manandi),

207 2114 246 2140 ut
263 2113 362 2150 putat
379 2108 519 2147 Paulus,
542 2105 600 2136 sed
622 2115 639 2136 a
656 2105 732 2136 Diis
748 2104 906 2134 llIanibus.

208 2161 254 2192 Et
269 2169 334 2190 non
360 2159 446 2190 male
471 2157 582 2188 forsan
600 2156 764 2196 Scaliger,
786 2155 843 2196 qui
859 2155 905 2184 le-

211 2211 278 2250 git:
305 2211 431 2241 Manale
444 2209 595 2250 putabant
609 2218 673 2239 esse
688 2207 799 2238 ostium
819 2206 905 2237 Orci.

212 2260 335 2299 Manat,
361 2270 431 2297 seu,
454 2260 572 2289 manate
589 2258 765 2297 eleganter
784 2257 907 2287 ostium

212 2310 378 2340 manium:
396 2315 433 2340 ut
445 2310 453 2325 ‘
468 2310 598 2340 manale
609 2307 763 2347 sacrum,'
776 2317 908 2338 sacrum

215 2361 367 2391 Deorum
398 2360 572 2391 Manium:
597 2364 707 2391 tamen
737 2358 818 2389 nihil
840 2367 909 2389 mu-

216 2411 368 2442 tandum.
398 2411 476 2441 Dae.

259 2467 274 2482 ἃ
291 2461 447 2492 Manalem
461 2458 570 2499 etiam]
587 2459 784 2499 Fulgentius
798 2469 806 2490 z
827 2459 836 2475 ‘
852 2459 912 2489 La-

216 2512 297 2552 beo,
322 2511 378 2552 qui
405 2510 602 2550 disciplinas
621 2509 780 2540 Etruscas
806 2509 912 2548 Tage-

218 2564 263 2594 tis
291 2567 326 2594 et
353 2561 488 2592 Bacidis
521 2560 714 2602 quindecim
739 2559 913 2590 volumini-

219 2614 280 2645 bus
289 2611 536 2653 explicavit‚ita
552 2611 670 2642 scribit
683 2610 704 2641 :'
717 2612 725 2626 ⁴
737 2609 849 2640 Fibrae
861 2609 915 2649 jo-

221 2663 345 2695 cinoris
362 2662 559 2694 sandaracei
577 2662 699 2693 coloris
717 2660 795 2691 dum
809 2659 917 2700 fuant,

223 2713 370 2744 manales
399 2718 478 2745 tunc
507 2721 639 2744 verrere
670 2721 754 2752 opus
780 2716 833 2741 est
859 2719 917 2750 pe·

939 1145 1037 1175 mites
1055 1143 1189 1174 trahere
1207 1151 1268 1181 pro
1286 1139 1408 1180 pluviae
1431 1141 1639 1168 commutan-

943 1196 985 1227 da
1002 1193 1138 1234 inopia.5
1161 1191 1324 1223 Jos.Sc‹1l.

984 1246 997 1266 ὓ
1022 1243 1172 1283 Manat-e]
1196 1244 1317 1274 Festus
1336 1239 1642 1272 videturamcman-

947 1299 984 1327 ‹10
1001 1296 1169 1326 deducere
1188 1304 1297 1324 meme.-
1323 1296 1445 1332 postea
1469 1299 1487 1320 a
1512 1291 1645 1324 mature,

947 1346 1036 1377 unde
1055 1346 1182 1376 Matuta
1202 1344 1295 1374 dicta
1319 1345 1379 1373 est.
1426 1339 1503 1370 Alio
1526 1339 1601 1369 loco
1627 1347 1646 1367 a

949 1397 1026 1427 Diis
1048 1395 1210 1426 manibus.-
1235 1394 1305 1424 sive
1323 1390 1413 1432 quod
1437 1397 1534 1420 mana
1558 1388 1645 1417 bona

949 1448 1166 1478 dicerentur:
1192 1444 1282 1475 unde
1300 1444 1438 1475 Matuta,
1463 1444 1499 1470 'et
1523 1441 1647 1469 matura

950 1499 1121 1530 dicuntur.
1165 1496 1275 1527 Varro
1292 1493 1350 1524 lib.
1369 1502 1399 1523 v.
1424 1493 1432 1508 ‘
1453 1489 1530 1522 Diei
1555 1489 1647 1529 prin-

950 1549 1075 1588 cipium
1103 1556 1212 1585 mane,
1230 1544 1319 1586 quod
1346 1549 1416 1574 tum
1441 1544 1555 1571 manet
1576 1539 1650 1568 dies

950 1600 992 1630 ab
1009 1599 1161 1629 oriente:
1187 1596 1251 1627 nisi
1276 1594 1386 1635 potius
1409 1590 1499 1632 quod
1527 1589 1649 1620 bonum

951 1650 1079 1690 antiqui
1096 1648 1256 1679 dicebant
1271 1642 1429 1676 manum?
1452 1641 1540 1676 Vide
1555 1641 1563 1658 ‘
1577 1640 1653 1671 Ma·

953 1707 1006 1733 ter
1024 1698 1181 1732 Matuta?
1205 1698 1284 1730 Ant.
1299 1698 1383 1736 Aug.

996 1750 1146 1790 Manere]
1173 1749 1224 1779 De
1255 1758 1295 1779 eo
1326 1746 1464 1783 dicitur,
1490 1742 1578 1785 quod
1610 1752 1653 1773 ex

954 1802 1085 1841 integro
1106 1799 1234 1841 liquido
1256 1797 1332 1829 fluit
1354 1807 1373 1827 a
1395 1795 1520 1826 Graeco
1542 1792 1652 1833 μανὸν,

955 1852 1045 1893 quod
1072 1851 1236 1892 liquidum
1266 1854 1300 1880 et
1331 1856 1441 1878 rarum
1471 1843 1653 1885 significat.

956 1903 1026 1933 Alii
1041 1902 1214 1933 deducunt
1231 1910 1249 1931 a
1260 1901 1340 1938 νᾶμα
1356 1897 1444 1939 quod
1461 1896 1575 1935 χεῦμα,
1591 1895 1656 1934 ρεῦ·

956 1965 1010 1992 μα,
1047 1951 1188 1988 fluxum,
1225 1951 1475 1990 interpretatur
1501 1945 1654 1985 Hesycu.

959 2005 1040 2035 Dae.

1001 2053 1149 2093 Manare]
1171 2051 1299 2091 Supple
1316 2050 1381 2080 ita:
1414 2048 1546 2078 Manare
1566 2047 1657 2076 solem

959 2104 1065 2135 solitos
1081 2112 1144 2134 esse
1157 2102 1299 2141 antiquos
1314 2100 1415 2130 dicere
1428 2097 1487 2137 ait,
1503 2106 1570 2127 cum
1585 2096 1658 2125 solis

960 2155 1088 2186 orientis
1114 2152 1197 2183 raclii
1221 2152 1409 2191 splendorem
1424 2147 1532 2185 jacere
1552 2146 1659 2186 coepz's-

961 2208 1049 2236 sent.-
1073 2207 1163 2244 utque
1191 2203 1259 2233 ideo
1287 2200 1420 2241 primum
1447 2197 1510 2228 diei
1540 2200 1659 2235 tempus

962 2266 1050 2287 mane
1065 2257 1179 2286 dictum
1192 2264 1201 2283 .-
1226 2251 1366 2293 quamvis
1380 2249 1479 2287 magis
1489 2248 1522 2278 id
1534 2247 1663 2286 dicitur,

964 2308 1044 2347 quod
1064 2314 1186 2336 manum
1201 2303 1310 2334 bonum
1334 2299 1497 2331 dicebant:
1519 2298 1599 2329 unde
1615 2300 1661 2327 est

964 2361 1101 2388 mature:
1124 2354 1245 2395 quodid
1259 2354 1380 2391 bomem,
1393 2351 1472 2390 quod
1487 2352 1660 2380 maturum.-

964 2408 1044 2438 unde
1059 2410 1088 2437 et
1109 2406 1237 2436 Matuta
1252 2403 1378 2433 dicitur.
1425 2399 1524 2432 Quod
1541 2399 1662 2430 Festus

968 2457 1052 2487 dicit
1080 2457 1138 2490 ait,
1169 2452 1332 2492 intelligit
1369 2450 1411 2481 de
1452 2448 1585 2488 Verrio,
1622 2452 1661 2478 ut

969 2516 1071 2547 saepe.
1092 2507 1159 2536 Jos.
1174 2505 1258 2535 Scal.

1012 2558 1145 2588 Manare
1172 2552 1280 2593 solem]
1303 2551 1397 2583 Idem
1419 2550 1518 2581 Varr.
1541 2548 1600 2580 lib.
1629 2557 1664 2580 v.

971 2608 1071 2638 ‘Diei
1102 2604 1306 2647 principium
1336 2609 1449 2640 mane,
1475 2599 1564 2641 quod
1592 2603 1664 2629 turn

971 2662 1085 2689 manat
1108 2657 1179 2687 dies
1206 2655 1247 2686 ab
1276 2652 1431 2690 Oriente,
1454 2650 1517 2681 nisi
1544 2649 1667 2690 potiuS,

973 2707 1061 2749 quod
1076 2707 1198 2739 bonum
1211 2702 1340 2744 antiqui
1352 2700 1510 2733 dicebant
1523 2707 1666 2731 manium
