1835 2906
400 151 460 179 DE
494 145 765 179 VERBORUM
800 136 1217 173 SIGNIF'ICATIONE
1254 135 1344 164 [ΑΒ.
1380 133 1451 164 ῙΧ.

1569 119 1651 162 327

200 247 410 296 indoles,0
431 245 760 288 incrementum,
783 234 1033 278 industria.p

199 313 497 355 Industriumq
532 309 699 362 antiqui
731 306 937 348 dicebant
963 302 1254 347 indostruum,
1277 296 1409 350 quasi
1431 295 1506 349 qui
1529 293 1654 347 quic-

255 380 359 434 quid
379 382 537 431 ageoet,
555 379 665 418 intro
690 377 890 421 strueret,
912 375 956 411 et.
977 368 1172 410 studeret
1195 365 1329 405 domi.

199 448 397 488 Inebrae¹
429 457 553 494 aves,
586 456 686 497 quae
718 443 760 482 in
796 438 992 492 auguriis
1016 433 1183 488 aliquid
1214 432 1305 473 fieri
1326 430 1581 484 prohibent:
1613 431 1658 468 et

255 527 437 568 prorsus
460 512 609 553 omnia
638 511 787 552 inebra
818 506 1114 562 appellantur,
1136 515 1233 556 quae
1253 498 1446 548 tardant,
1467 497 1540 539 vel
1563 508 1657 537 mon

255 587 407 622 rantur
428 584 646 632 agentem.

201 652 410 703 Ineopte,
432 661 486 689 eo
505 647 657 701 ipso.¹9

807 737 1028 751 “totoue-‘⁴
1034 737 1052 748 θ

246 826 286 854 19
318 820 519 862 Legendum
536 824 652 852 monet
669 819 758 850 Dae.
778 817 816 848 Ιη
832 819 929 857 eopte,
946 815 980 846 in
996 825 1029 846 eo
1048 813 1122 854 ipso.

860 920 1008 956 NOTAE

202 1006 212 1022 ‘
229 1003 446 1045 incoquerez’
470 1002 626 1044 ‘sepire‚’
651 1001 852 1042 ‘insepire2’
874 1005 910 1031 et

202 1056 323 1086 similia
339 1058 520 1085 sexcenta:
550 1055 591 1085 ab
615 1053 716 1084 indico
737 1052 830 1094 quod
859 1056 911 1082 est

206 1108 319 1146 ἐνιερῶ,
346 1106 496 1145 verbum,
525 1105 656 1140 indices,
699 1104 856 1142 indicetis,
892 1103 909 1132 ὁ

204 1158 389 1199 ἂφιερωθεὶς,
414 1159 502 1189 inter
526 1159 621 1189 Deos
639 1157 774 1188 scilicet
791 1165 909 1187 conse-

206 1215 341 1242 cratus:
367 1210 422 1251 qui
452 1215 571 1250 postea
597 1210 708 1241 dictus
740 1213 792 1240 est
821 1208 909 1239 Indi-

203 1261 284 1301 ges.’
319 1262 466 1292 Veteres
481 1266 576 1292 certe
593 1261 718 1292 Indices
735 1260 909 1295 dixerunt,

207 1322 272 1344 non
288 1312 422 1352 indiges.
467 1313 556 1343 Nam
580 1316 617 1343 et
632 1312 641 1328 ‘
659 1309 799 1343 Cabino'
817 1309 909 1340 dice-

207 1363 291 1394 bant
321 1372 382 1402 pro
408 1361 592 1401 ‘Gabino,¹
632 1366 669 1392 ut
711 1359 818 1391 ‘lece'
850 1369 910 1400 pro

206 1419 215 1431 ‘
231 1413 332 1454 lege,'
356 1415 422 1445 δίο.
466 1413 557 1444 Hinc
572 1412 748 1451 indigitare
765 1410 911 1441 diminu-

208 1465 315 1496 tivum
339 1475 399 1505 pro
421 1465 601 1504 indicitur-e,
625 1464 667 1494 ab
687 1462 805 1500 indico,
821 1460 913 1503 quod

209 1522 273 1552 est,
289 1516 447 1547 invocare
474 1520 509 1546 et
532 1513 726 1554 imprecari.
772 1513 861 1544 Nam
878 1515 914 1542 et

209 1576 313 1608 supra
330 1567 362 1597 in
380 1566 492 1597 verbis
524 1564 617 1596 Festi
637 1574 697 1604 pro
721 1563 916 1601 indigitanto

210 1618 243 1648 in
271 1618 397 1658 optimo
422 1617 508 1659 libro
538 1617 700 1655 scriptum
727 1614 915 1653 indigant0;

213 1667 255 1698 ab
272 1668 445 1706 indigitare
461 1667 552 1697 dicta
568 1665 821 1703 indigitamenta,
838 1663 916 1703 ἱερα·

211 1717 282 1749 viic&
316 1716 441 1754 βιβλία,
471 1717 549 1747 libri
578 1716 632 1756 qui
661 1714 917 1745 dedicationum

212 1771 297 1800 ritus
315 1768 551 1807 continebant,
578 1771 614 1797 et
646 1767 797 1796 Deorum
826 1766 916 1795 Dea-

213 1829 355 1860 rumque
385 1820 520 1849 nomina
551 1822 652 1856 atque
683 1816 853 1846 hominum
883 1815 916 1845 in

213 1871 305 1901 Deos
322 1875 550 1909 receptorum.
586 1868 673 1898 Sane
691 1866 916 1898 Grammatici

215 1925 349 1951 veteres
366 1921 398 1950 in
416 1930 456 1949 eo
481 1918 713 1957 consentiunt,
738 1916 916 1956 Indigetes

214 1971 296 2009 dici,
313 1971 424 2011 quiex
441 1969 627 2000 hominibus
641 1968 693 1998 Dii
710 1972 806 1998 erant
823 1965 916 1997 facti.

215 2021 345 2053 Arnob.
384 2022 391 2036 ‘
409 2020 582 2060 Indigetes
599 2019 712 2050 dicitis
729 2023 831 2058 atque
851 2018 912 2048 Di—

214 2072 296 2103 vos.’
346 2072 499 2102 Indicetes
527 2071 631 2110 igitur
661 2070 733 2100 sive
758 2069 915 2108 Indigetes

215 2123 353 2164 proprie
370 2122 466 2153 fuere
490 2122 641 2152 homines
669 2120 857 2151 consecrati
881 2125 917 2151 et

216 2175 332 2206 dicati.
355 2175 452 2204 Idem.

259 2231 273 2245 ⁰
297 2225 436 2264 Indoles]
470 2224 723 2255 lucrementum
750 2221 921 2262 significat

220 2276 419 2316 primigenia
450 2276 595 2305 notione.
642 2273 690 2304 Ut
719 2272 807 2313 apud
839 2272 920 2303 Gel-

218 2327 300 2356 lium
331 2325 465 2355 ‘mendi
482 2322 638 2355 indoles.'
685 2323 790 2354 Olere
817 2323 920 2361 enim,

219 2384 400 2407 crescere:
437 2372 602 2413 significat
625 2378 660 2403 et
689 2382 795 2412 spem,
821 2382 921 2413 quam

220 2436 262 2457 ex
280 2426 376 2456 vultu
391 2423 578 2463 colligimus
597 2423 732 2453 virtutis
745 2421 870 2453 futurae
888 2423 920 2453 in

220 2477 357 2518 pueris:
408 2484 480 2516 quae
521 2478 661 2504 vocatur
700 2472 862 2513 χαρακτὴρ
903 2484 921 2504 a

222 2527 372 2559 Graecis:
408 2531 444 2556 ut
470 2524 510 2555 ab
534 2524 700 2564 Euripide
724 2524 864 2559 dictum,
886 2524 924 2554 ὡς

221 2578 317 2611 δεινὸς
332 2578 387 2614 τῆς
402 2575 555 2616 εὐγενείας
569 2574 742 2614 χαρακτήρ.
769 2575 900 2606 Glossae
913 2586 921 2606 :

222 2633 231 2649 ‘
246 2631 397 2669 Indoles‚
413 2628 495 2665 καλὴ
510 2627 598 2658 ἐλπὶς
620 2628 653 2657 ἐν
669 2625 821 2666 νεωτέρῳ]
852 2627 922 2658 Jos.

222 2680 307 2712 Scat.

266 2729 406 2770 Indoles]
427 2728 483 2761 Ab
498 2729 573 2760 indu
589 2728 635 2770 in,
650 2732 686 2760 et
701 2728 776 2768 oleo,
792 2736 927 2760 cresco:

964 999 1083 1030 indoles
1123 995 1261 1038 proprie
1289 993 1549 1027 incrementum,
1576 987 1666 1019 unde

965 1052 1100 1083 ‘mendi
1121 1048 1262 1082 indoles’
1291 1046 1379 1088 apud
1395 1044 1556 1077 Gellium.
1583 1042 1665 1073 Duc.

1007 1108 1022 1129 Ρ
1046 1100 1225 1140 Industria]
1260 1098 1396 1128 Indoles
1424 1101 1473 1125 est
1500 1093 1669 1124 industria

964 1155 1032 1193 illa,
1059 1163 1134 1193 quae
1161 1151 1195 1181 in
1228 1148 1341 1190 pueris
1373 1144 1507 1176 virtutis
1544 1142 1667 1173 futurae

964 1215 1058 1246 spem
1083 1203 1178 1238 facit,
1204 1201 1292 1232 unde
1319 1199 1352 1229 in
1380 1198 1492 1229 Gloss.
1514 1193 1667 1224 ‘indoles

965 1256 1046 1293 καλὴ
1063 1254 1152 1286 ἐλπὶς
1167 1254 1200 1284 ἐν
1216 1248 1372 1291 νεωτέρῳ,’
1384 1249 1393 1266 ‘
1406 1247 1526 1288 pulcra
1540 1254 1617 1285 spes
1635 1243 1669 1273 in

967 1305 1094 1349 puero.’
1140 1306 1185 1336 Et
1208 1302 1347 1335 Servius
1372 1299 1414 1329 ad
1441 1297 1523 1328 illud
1551 1304 1588 1326 x.
1614 1294 1670 1325 AE-

966 1357 1057 1389 neid.
1080 1355 1194 1389 ‘Quid
1222 1355 1296 1395 pius
1313 1352 1435 1383 AEneas
1462 1352 1560 1380 tanta
1575 1345 1673 1377 dabit

965 1409 1081 1440 indole
1111 1407 1248 1447 dignum
1263 1403 1283 1436 ?'
1333 1398 1521 1440 ‘Indoles‚’
1549 1397 1671 1438 inquit,

965 1459 1124 1501 ‘proprie
1141 1458 1252 1496 imago
1278 1452 1436 1495 quaedam
1464 1448 1598 1481 virtutis
1622 1446 1672 1477 fu-

968 1508 1088 1542 turaez'
1114 1516 1219 1549 quare
1243 1502 1406 1545 χαρακτὴρ
1431 1499 1564 1532 Graecis
1591 1496 1673 1527 dici-

969 1566 1037 1592 tur.
1074 1557 1230 1599 Euripid·
1251 1556 1290 1586 ὡς
1313 1553 1410 1585 δεινὸς
1432 1552 1488 1588 τῆς
1503 1550 1674 1588 εὐγενεχας

970 1608 1143 1650 χαρακτὴρ.
1170 1609 1269 1638 Idem.

1014 1667 1027 1687 ‘³
1053 1658 1267 1697 Industrium]
1293 1653 1439 1694 Proprie
1455 1650 1674 1685 laboriosum,

971 1712 1027 1753 qui
1045 1719 1178 1751 semper
1192 1707 1319 1749 aliquid
1332 1705 1446 1744 struit,
1458 1702 1491 1734 id
1505 1707 1570 1742 est,
1582 1700 1672 1739 agit:

972 1769 1007 1794 et
1037 1760 1208 1799 industria,
1253 1757 1360 1789 labor.
1429 1755 1515 1786 Cato
1560 1756 1677 1782 contra

971 1814 1173 1843 Thermum:
1205 1810 1299 1849 ‘Ego
1318 1807 1390 1847 jam
1416 1815 1434 1835 a
1458 1802 1625 1844 principio
1642 1801 1676 1830 iu

973 1861 1192 1904 parsimonia,
1222 1863 1326 1899 atque
1356 1856 1390 1886 in
1411 1853 1548 1891 dni-itia,
1573 1856 1676 1892 atque

974 1912 1140 1943 industria
1210 1918 1342 1940 omnem
1410 1904 1675 1936 adolescentiam

973 1974 1080 1995 meam
1113 1961 1275 1994 abstinui,
1302 1968 1383 1999 agro
1414 1956 1548 1990 Sabino,
1585 1954 1675 1983 saxis

968 2015 1111 2049 Sabinis
1129 2012 1279 2044 silicibus
1306 2006 1555 2049 repastinandis
1574 2010 1676 2044 atque

970 2062 1218 2098 conserendis.'
1246 2063 1345 2092 Idem.

1015 2121 1025 2136 r
1050 2114 1187 2154 Inebroe]
1211 2112 1364 2144 Isidorus
1390 2108 1447 2139 lib.
1470 2116 1536 2137 xri.
1555 2115 1630 2144 cap.
1647 2106 1678 2134 7.

977 2174 985 2187 ‘
1001 2165 1153 2199 Inliibae.’
1179 2165 1329 2196 Glossar.
1354 2158 1509 2192 ‘Euibra,
1533 2154 1678 2186 ἐναντία.’

977 2220 1047 2251 Ful.
1067 2218 1173 2250 Ursin.

1020 2270 1160 2309 Inebrae]
1190 2265 1350 2299 ‘luel-ra,
1385 2263 1488 2301 ὄρνεον
1517 2269 1679 2297 μαντευτι-

977 2321 1054 2353 miv!
1100 2319 1190 2350 Vide
1222 2325 1324 2356 supra
1383 2311 1559 2343 ‘Enebras
1609 2310 1678 2339 Jos.

979 2372 1064 2403 Scal.

1019 2420 1155 2460 Inebraee]
1182 2418 1295 2449 Gloss.
1312 2423 1318 2432 ·
1336 2414 1464 2448 imbra,
1489 2411 1591 2453 ὄρνεον
1605 2421 1681 2450 μαν-

977 2471 1136 2504 τευτικόν.’
1170 2468 1263 2499 ‘avis
1289 2463 1481 2505 auguralis.'
1517 2463 1679 2494 Servius:

980 2524 1108 2554 ‘Certa
1139 2527 1263 2560 genera
1286 2516 1396 2547 avium
1427 2514 1469 2545 ab
1494 2513 1680 2554 auguribus

980 2573 1207 2614 appellantur,
1234 2577 1309 2609 quae
1336 2565 1455 2606 pennis
1483 2565 1536 2596 vel
1567 2563 1682 2594 volatu

979 2624 1090 2655 omina
1110 2625 1252 2662 possunt
1272 2617 1398 2653 facere,
1416 2626 1491 2658 quae
1509 2614 1537 2645 si
1554 2613 1682 2644 fuerint

981 2683 1153 2715 prosperae
1180 2674 1363 2711 praepetes,
1386 2667 1413 2698 si
1436 2666 1589 2698 adversae
1615 2665 1683 2695 ine-

983 2727 1054 2760 brae
1071 2721 1252 2756 dicuntur!
1276 2720 1364 2752 Vide
1382 2723 1389 2736 ‘
1406 2717 1553 2750 enebra!
1575 2717 1659 2747 Duc.
