1835 2906
377 176 439 204 DE
475 172 741 204 VERBORUM
776 171 1186 202 SlGNIFlCA'l'lONE
1221 173 1312 202 LIB.
1346 175 1375 203 1.
1544 163 1600 203 43

157 269 499 324 Adpromissor⁵
539 273 617 319 est,
651 268 729 322 qui
762 267 878 321 quod
912 280 993 308 suo
1024 268 1197 308 nomine
1232 268 1450 322 promisit,
1482 268 1597 310 idem

214 350 294 390 pro
317 337 454 378 altero
471 350 650 390 quoque
673 336 900 389 promittit.

153 403 444 454 Adrumavit,t
462 417 675 445 rumorem
695 404 814 453 fecit,
828 404 920 444 sive
942 407 1338 444 commurmuratus
1360 407 1454 443 est:
1479 403 1596 456 quod

208 473 387 512 verbum
409 472 586 525 quidam
619 484 646 512 a
678 471 858 520 rumine,
891 470 935 510 id
957 475 1040 519 est,
1073 475 1195 524 parte
1226 470 1415 523 gutturis
1446 475 1598 524 putant

211 538 384 580 deducL

152 604 417 647 Adsciscere
433 612 449 628 υ
479 610 543 647 est
563 605 806 659 adjungere,
823 605 891 646 vel
909 605 1150 646 adsumere.

152 671 380 727 Adscripti
398 680 414 696 Χ
443 674 714 724 dicebantur,
741 674 815 727 qui
841 674 885 713 in
915 673 1118 715 colonias
1151 674 1332 715 nomina
1354 673 1596 723 dedissent,

208 744 257 780 ut
278 746 424 782 essent
445 741 604 781 coloni.

153 806 475 862 Adscripticiiy
504 810 635 850 veluti
670 809 851 863 quidam
883 809 1039 862 scripti
1072 809 1360 862 dicebantur3
1392 810 1469 864 qui
1491 823 1596 864 sup-

801 909 830 940 N
839 909 944 940 OTAE

150 983 202 1004 rea
220 982 281 1013 pro
297 973 396 1004 laude
413 974 519 1014 accipi
539 977 650 1013 coepta
667 976 732 1012 est,
751 978 846 1013 post-

151 1033 249 1063 quam
272 1025 442 1063 praeminm
461 1024 622 1055 militibus
639 1023 845 1055 frumentum

151 1078 236 1111 erat,
254 1078 351 1112 parta
369 1074 521 1105 victoria.
559 1075 720 1104 Plautus:
752 1075 760 1090 ‘
778 1074 845 1106 Qui

150 1123 255 1153 multa
286 1123 403 1162 praeda
441 1129 542 1164 atque
578 1125 700 1155 adorea
730 1123 845 1156 affecit

153 1174 324 1215 popularis
345 1174 442 1205 suos!
463 1175 533 1205 Jos.
552 1175 638 1206 Scul.

192 1224 361 1264 Δᾶον-εφη]
385 1225 565 1266 Distingue
592 1230 668 1266 post
691 1228 843 1266 adoream,

149 1274 211 1305 hoc
235 1275 347 1311 modo,
371 1276 526 1314 adoream,
542 1277 673 1317 laudem,
692 1277 756 1308 sive
774 1279 842 1317 glo-

149 1325 242 1355 riam.
281 1325 384 1356 Parta
402 1325 543 1357 victoria
559 1325 764 1357 frumentum
782 1328 842 1358 mi-

146 1375 260 1406 litibus
292 1375 435 1406 dabatur
463 1377 495 1407 in
534 1378 720 1417 prmnium,
754 1377 841 1408 unde

147 1425 273 1457 factum
292 1431 328 1457 ut
345 1427 467 1458 adorea
491 1437 551 1468 pro
568 1428 667 1459 laude
684 1434 719 1460 et
735 1430 842 1468 gloria

147 1474 212 1507 dici
229 1480 342 1516 coepta
358 1477 413 1508 sit.
453 1477 574 1518 Itaque
589 1479 713 1518 optime
728 1479 840 1511 Gloss.

146 1527 155 1544 ‘
175 1526 323 1566 Adorea,
345 1526 414 1567 δόξη
435 1527 454 1566 ἡ
475 1528 536 1559 ἀπὸ
550 1530 606 1559 τοῦ
622 1529 794 1567 πολέμου;’
816 1531 839 1562 i.

147 1576 237 1608 Laus
253 1588 327 1619 quae
345 1578 433 1610 bello
458 1586 555 1619 parta
575 1585 639 1611 est.
687 1580 726 1611 In
744 1581 841 1612 Glos-

145 1628 234 1660 sario
252 1634 320 1661 vet.
339 1635 374 1661 ut
390 1632 516 1670 optime
535 1632 662 1662 monuit
679 1632 841 1671 Scaliger,

148 1679 286 1718 legitur,
299 1681 469 1715 adoriosus,
483 1681 602 1721 ἔνδοξος
617 1683 655 1713 ὡς
672 1682 840 1721 Πομπήϊος.

144 1730 242 1769 Ador,
256 1729 323 1767 νίκη
338 1731 377 1762 ὡς
392 1731 568 1769 Πομπήϊος;
594 1733 615 1765 i.
640 1733 840 1772 Adon-iosus,

145 1780 322 1819 gloriosus,
349 1787 385 1812 ut
413 1784 460 1812 ait
489 1783 686 1823 Pompeius.
732 1783 841 1822 Ador,

146 1830 299 1871 victoria,
327 1837 363 1863 ut
391 1833 584 1872 Pompeius.
640 1833 708 1864 Ubi
737 1834 841 1864 mani-

143 1878 234 1911 festo
252 1886 402 1912 nostrum
423 1882 621 1922 Pompeium
636 1883 776 1914 Festum
794 1885 842 1914 in·

145 1931 281 1971 telligit,
300 1937 334 1961 et
352 1941 391 1962 ex
409 1933 565 1975 iis-quam
581 1933 685 1964 multa
698 1935 739 1964 ad
754 1934 841 1964 arbi-

143 1979 243 2011 trium
272 1991 366 2012 suum
398 1985 594 2020 mutaverit,
625 1984 841 2022 mutilaverit,

143 2033 348 2070 perverterit
366 2033 506 2071 Paulus,
520 2033 620 2064 facile
636 2034 767 2065 adverti
784 2045 840 2075 po-

142 2086 222 2121 test,
245 2091 322 2113 nam
346 2093 419 2124 quae
443 2083 635 2114 Glossarius
658 2085 714 2115 ille
739 2095 839 2115 anno-

142 2138 204 2168 tat,
232 2142 275 2163 ex
301 2134 364 2165 hoc
394 2135 526 2174 integro
554 2135 626 2166 loco
660 2136 838 2176 depromta

143 2189 220 2214 sunt
236 2183 363 2224 absque
385 2185 451 2215 ullo
468 2184 582 2216 dubio.
606 2186 687 2217 Dae.

183 2238 194 2252 ⁵
216 2235 449 2275 Adpromissor]
482 2236 671 2266 Promissor
697 2237 838 2276 promit-

142 2284 194 2323 tit,
212 2284 439 2325 adpromissor
461 2286 689 2325 adpromittit‚
715 2287 748 2318 id
775 2293 838 2324 est,

142 2334 230 2374 quod
262 2335 347 2365 alter
381 2337 535 2376 promisit
566 2337 598 2366 in
634 2347 670 2367 se
702 2338 836 2378 recipit.

140 2383 208 2414 Sed
226 2385 277 2415 liic
290 2386 380 2416 Festi
398 2387 488 2417 locus
505 2388 641 2418 mutilus
659 2393 722 2426 est,
739 2390 834 2430 quip-

142 2443 184 2472 pe
217 2443 257 2464 ex
286 2443 326 2464 eo
358 2444 422 2465 una
450 2446 514 2467 vox
545 2437 688 2468 excidit.
745 2439 835 2479 Lege

141 2484 254 2523 igitur,
276 2484 495 2523 Adpromz'ssor
520 2491 565 2517 est
592 2489 644 2527 qui
674 2490 753 2528 quod
780 2500 835 2521 suo

140 2534 261 2564 nomine
280 2535 421 2574 promisit
442 2537 533 2575 alter,
557 2537 635 2568 idem
660 2549 715 2577 pro
737 2540 835 2570 altero

141 2593 256 2624 quoque
268 2584 442 2624 promittit:
461 2586 539 2616 nihil
556 2588 692 2619 certius.
718 2589 813 2621 Idem.

183 2635 192 2653 2
206 2634 406 2675 Adi-amavit]
426 2636 725 2677 Frequentativum
743 2650 836 2671 usur-

142 2686 234 2724 pavit
266 2685 418 2724 Naevius,
449 2688 638 2719 Rumitant:
676 2690 684 2706 ‘
714 2690 834 2722 Simitu

141 2736 222 2766 anus
241 2736 373 2768 aliunde
390 2738 552 2770 rumitant
569 2739 658 2770 inter
674 2740 733 2772 se!
771 2741 833 2772 Est

902 981 1015 1002 versus
1043 972 1233 1004 Saturnius.
1285 972 1418 1013 Alioqui
1444 973 1595 1011 anare,

900 1028 953 1054 est
983 1022 1143 1063 θηλάζειν,
1169 1029 1206 1055 ut
1235 1023 1278 1055 de
1310 1025 1403 1063 agnis
1433 1024 1595 1055 dit-ebant

900 1074 1056 1113 Veteres,
1096 1085 1176 1116 quos
1217 1080 1401 1115 propterea
1438 1075 1596 1105 subrumos

901 1123 1080 1155 vocabant.
1135 1124 1310 1164 Significat
1338 1125 1418 1155 item
1449 1124 1595 1163 ψωμίζειν

897 1172 953 1204 τὸν
969 1175 1073 1206 παῖδα.
1120 1175 1327 1206 Glossarium
1342 1186 1348 1204 ε
1374 1178 1381 1191 ‘
1397 1175 1527 1213 Rumat,
1544 1175 1595 1212 ἐμ-

898 1223 1101 1265 βρωματίζει.’
1145 1224 1211 1256 Sed
1230 1225 1396 1256 Isidorus:
1420 1224 1596 1255 ‘Adruma-

897 1277 956 1314 vit,
983 1285 1148 1306 rumorem
1173 1275 1310 1311 attulit,’
1336 1275 1478 1305 Veteres
1496 1276 1595 1307 Glos-

898 1336 962 1357 sae:
983 1327 992 1343 ‘
1006 1325 1169 1366 Adrumo,
1186 1336 1361 1365 conrumo,
1377 1324 1507 1365 φημίζω,
1525 1328 1596 1356 ν111-

897 1376 965 1418 go.'
988 1378 1057 1409 Jos.
1073 1377 1156 1408 Scal.

940 1428 1142 1468 Adi-amavit]
1165 1428 1286 1459 Isidor.
1305 1428 1337 1458 in
1363 1428 1474 1459 Gloss.
1499 1431 1506 1444 ¹
1524 1427 1595 1458 Ad-

896 1479 1055 1516 rumavit‚
1072 1488 1240 1509 rumorem
1259 1477 1398 1509 attulit.'
1426 1479 1467 1508 Et
1485 1478 1595 1509 Gloss.

896 1527 1597 1570 vet.‘adrum0‚‹·onrum0,‹p⁷7,ut'{'w,vulgos

896 1579 926 1610 A
943 1589 1028 1610 ramo
1045 1579 1330 1620 frequentativum
1346 1580 1472 1610 rumim.
1515 1580 1595 1610 Nae-

897 1633 990 1672 vius:
1015 1634 1024 1649 ‘
1042 1632 1161 1663 Simitu
1181 1633 1263 1663 alius
1280 1632 1413 1663 aliunde
1432 1633 1595 1663 rumitant

895 1682 984 1713 inter
1000 1683 1059 1712 se!
1103 1683 1190 1713 vide
1207 1684 1215 1699 ‘
1231 1682 1396 1713 Rumito.’
1418 1683 1497 1714 Dae.

938 1737 951 1751 ¹¹
969 1732 1163 1771 Adsciscere]
1179 1733 1322 1772 Proprie
1340 1734 1463 1773 populo
1477 1732 1593 1764 suffra·

893 1782 981 1822 glum
1000 1782 1131 1813 ferente
1145 1783 1320 1823 adoptare,
1332 1793 1514 1822 assumere,
1525 1784 1593 1814 vel-

898 1833 946 1862 uti
979 1833 1082 1872 leges,
1111 1833 1205 1871 ritus,
1242 1843 1363 1872 mores,
1395 1838 1428 1863 et
1459 1833 1594 1866 similia.

897 1883 996 1914 Unde
1018 1893 1038 1913 a
1061 1883 1207 1923 publicis
1233 1883 1274 1913 ad
1300 1883 1431 1927 privata
1453 1885 1594 1914 transla-

897 1938 966 1964 tum
984 1933 1175 1964 adsciscere
1197 1939 1249 1965 est
1271 1935 1332 1964 iioc
1354 1935 1405 1965 vel
1430 1935 1510 1965 illud
1529 1936 1593 1966 sibi

897 1985 1092 2025 adjungere,
1121 1995 1291 2015 assumere
1320 1985 1352 2016 in
1378 1996 1472 2016 usum
1497 1996 1592 2018 suum

896 2040 998 2075 atque
1015 2035 1235 2066 commodum.
1259 2036 1358 2066 Idem.

937 2090 953 2105 x
976 2085 1153 2126 Adscriptz']
1178 2086 1243 2118 Qui
1262 2087 1394 2116 uomina
1412 2086 1591 2126 dederant,

893 2142 930 2168 ut
948 2147 965 2168 e
983 2137 1093 2177 patria
1116 2137 1148 2167 iu
1171 2137 1336 2168 coloniam
1360 2139 1589 2169 mitterentur.

893 2188 964 2219 Liv.
994 2188 1053 2219 lib.
1085 2197 1162 2219 xtv.
1193 2188 1338 2219 ‘Coloni
1366 2188 1529 2229 adscripti
1556 2190 1589 2219 in

892 2239 1036 2277 colonia,
1074 2249 1172 2280 quam
1217 2243 1340 2270 testem
1381 2240 1589 2280 integritatis

887 2289 1102 2330 justitiaeque
1134 2289 1330 2319 habebant.'
1388 2289 1442 2321 Ad
1473 2300 1588 2322 eorum

891 2339 1143 2370 similitudinem
1164 2345 1281 2379 postea
1300 2340 1502 2381 adscriptitii
1520 2341 1589 2372 dici

890 2394 1066 2430 coeperunt
1084 2390 1253 2429 agricolae‚
1269 2395 1304 2420 et
1329 2391 1437 2421 coloni
1456 2392 1587 2422 rusticis

890 2440 1025 2479 praediis
1041 2440 1247 2479 excolendis,
1270 2440 1318 2471 sic
1336 2441 1463 2472 addicti
1482 2447 1515 2473 ut
1533 2453 1589 2474 eo-

891 2499 961 2520 rnm
978 2490 1088 2529 portio
1106 2489 1259 2530 quaedam
1277 2496 1311 2521 et
1328 2491 1586 2524 instrumentum

889 2541 1048 2570 rusticum
1085 2546 1319 2580 censerentur,
1349 2547 1383 2572 et
1417 2552 1482 2572 nna
1510 2553 1586 2574 cum

890 2590 1025 2630 praediis
1042 2589 1082 2620 ad
1101 2595 1251 2621 ementes
1269 2592 1461 2622 transirent.
1488 2593 1587 2624 Idem.

932 2646 943 2666 y
973 2640 1192 2680 Adscripticii]
1230 2641 1282 2671 Ex
1320 2641 1383 2678 his,
1420 2652 1493 2683 quae
1533 2644 1584 2674 liic

888 2694 1087 2726 tractantur,
1101 2691 1262 2722 docemur
1275 2692 1502 2733 Adscripticios
1516 2694 1585 2726 dic-

888 2746 938 2772 tos
964 2742 1143 2783 Accensos,
1173 2747 1207 2773 et
1232 2743 1383 2774 Velatos.
1431 2744 1529 2776 Quod
1548 2750 1583 2777 et
