1835 2906
639 141 841 174 DACERII
873 139 1148 170 PRAEFA'rio.
1575 127 1603 165 5

166 246 357 300 politicae
396 253 528 296 quam
567 238 671 280 belli
710 236 873 278 artibus
910 245 1038 287 regna
1074 232 1292 277 constare,
1333 240 1462 268 suum
1498 242 1600 270 esse

166 312 305 361 duxit,
325 313 541 365 quantum
569 303 749 358 Imperii
783 303 852 343 sui
886 300 1097 342 terminos
1133 295 1404 351 protulisset,
1435 298 1601 336 tantum

164 380 295 419 etiam
317 387 574 431 promovere
598 377 712 414 artes
733 369 954 424 politicas.
1015 365 1218 418 Illudque
1240 364 1295 404 ab
1317 376 1369 403 eo
1399 363 1461 403 ita
1489 375 1603 415 prae-

164 446 318 486 stitum
352 447 432 493 est,
467 447 517 483 ut
537 438 728 481 dubitari
763 435 906 490 possit
929 434 1089 488 plusne
1110 430 1339 472 industriae
1362 429 1400 470 ei
1430 428 1602 469 coronis

163 511 395 553 nectendis
423 509 658 550 adhibeant
689 504 825 553 Mam,
847 502 1010 551 Pallas,
1034 500 1172 553 Enyo,
1195 497 1496 551 bellipotentia
1526 495 1603 536 illa

163 579 356 628 numina,
378 590 431 618 an
452 575 617 630 Apollo
639 574 737 626 ipse
759 570 990 623 omnisque
1011 567 1238 608 Musarum
1260 565 1431 606 chorus.

221 646 309 686 His
337 643 506 686 accedit
539 641 683 688 etiam,
705 638 823 693 quod
853 637 918 677 sic
955 648 1056 676 vere
1088 639 1314 688 paternum
1335 632 1378 672 in
1400 629 1601 671 subditos

164 714 354 754 animum
385 725 431 751 se
468 709 618 751 testari
652 719 784 761 posse
815 704 985 759 putavit
1012 702 1114 743 Rex
1148 700 1370 753 Optimus,
1401 698 1439 739 si
1460 698 1526 738 eis
1546 696 1603 738 ad

161 781 310 821 literas
331 780 394 819 ita
420 777 539 819 viam
571 775 772 823 muniret,
803 776 849 812 ut
881 771 956 825 qui
989 770 1034 810 in
1065 782 1111 810 re
1149 767 1404 808 tenuissima
1439 769 1603 813 essent,

160 847 440 888 nihilominus
461 844 532 886 vel
551 843 730 884 minimo
747 845 894 882 sumtu
912 839 1041 891 regiae
1058 835 1345 879 institutionis
1364 832 1601 887 participes

161 928 257 956 esse
275 916 466 968 possent.

219 981 335 1023 Haec
370 983 484 1030 sunt,
518 979 691 1026 Lector,
714 989 812 1030 quae
849 980 990 1016 tecum
1023 969 1347 1014 communicata
1379 965 1601 1021 oportuit:

161 1063 276 1090 nunc
298 1049 352 1089 de
375 1048 510 1088 Festo
532 1045 750 1098 Pompeio
772 1049 817 1084 et
836 1043 972 1083 hocce
999 1053 1098 1081 meo
1131 1038 1333 1079 instituto
1365 1035 1509 1075 dicere
1530 1045 1603 1085 ag-

161 1116 342 1169 grediar,
364 1115 401 1155 si
419 1114 538 1169 prius
560 1112 725 1165 aliquid
747 1111 802 1152 de
824 1109 979 1151 Verrio
1000 1107 1174 1148 dixero.

217 1182 288 1224 Ex
321 1181 529 1224 Suetonio
564 1179 774 1220 discimus
797 1176 998 1217 Marcum
1020 1173 1220 1215 Verrium
1242 1169 1454 1211 Flaccum
1478 1166 1604 1207 nobi-

160 1250 375 1292 lissimum
397 1247 730 1301 grammaticum
752 1244 833 1285 sub
855 1242 1054 1295 Augusto
1080 1239 1300 1287 floruisse,
1331 1237 1511 1290 ejusque
1532 1247 1604 1274 ne-

160 1318 340 1371 potibus
375 1319 686 1371 praeceptorem
713 1313 904 1354 electum
924 1310 970 1350 in
991 1309 1157 1363 palatio
1178 1304 1394 1347 docuisse.
1457 1300 1605 1343 Multa

160 1386 417 1439 scripserat3
435 1385 625 1426 citantur
641 1383 756 1423 enim
773 1380 870 1435 ejus
888 1379 986 1420 libri
1008 1390 1141 1417 rerum
1160 1372 1351 1414 memoria
1372 1369 1604 1425 dignarum,

162 1453 233 1493 Der
265 1452 436 1493 obscuris
472 1450 652 1501 Catonis,
688 1448 753 1491 De
787 1447 1000 1489 verborum
1044 1441 1354 1498 signzflcatione,
1388 1434 1603 1492 Epistolae,

164 1519 373 1568 Carmina,
394 1523 434 1561 et
455 1519 544 1560 alia
565 1519 714 1559 multa.
776 1515 865 1557 Sed
886 1526 1036 1555 eorum
1066 1511 1303 1564 fragmenta
1323 1505 1525 1561 quaedam
1547 1502 1605 1543 ad

160 1601 241 1629 nos
282 1589 573 1641 pervenerunt
612 1598 712 1639 quae
753 1584 873 1624 sitim
906 1586 1079 1622 tantum
1114 1581 1304 1619 nostram
1341 1571 1604 1615 accendunt.

162 1657 255 1698 Soli
276 1656 328 1696 de
345 1655 569 1696 verborum
587 1651 909 1706 significatione
930 1648 1028 1689 libri
1049 1645 1304 1698 integriores
1321 1641 1481 1683 servati
1503 1641 1605 1679 sunt

161 1737 264 1765 cura
280 1722 489 1775 Pompeii
513 1721 650 1769 Festi,
668 1720 744 1774 qui
766 1731 914 1760 eorum
932 1716 1154 1769 epitomen
1174 1712 1292 1752 fecit.

216 1791 342 1831 Sexti
366 1789 555 1842 Pompei
589 1788 709 1828 Festi
731 1790 911 1827 aetatem
931 1784 1142 1823 incertam
1164 1781 1322 1833 putant
1343 1775 1424 1816 viri
1443 1773 1607 1814 doctis·

161 1858 275 1907 simi,
307 1859 384 1911 qui
418 1861 460 1898 et
491 1869 589 1897 eum
626 1855 765 1896 multo
804 1851 1092 1905 antiquiorem
1126 1845 1307 1894 faciunt,
1343 1854 1476 1896 quam
1506 1839 1606 1880 suit.

162 1926 247 1966 Sed
273 1924 609 1966 Eruditissimus
626 1922 819 1963 Vossius
840 1933 940 1961 eum
977 1917 1060 1959 sub
1096 1911 1437 1967 Imperatoribus
1459 1906 1607 1949 Chris-

161 1993 293 2034 tianis
315 1993 483 2034 vixisse
503 2004 605 2032 vere
626 1990 813 2045 conjecit
843 2001 902 2029 ex
930 1984 1129 2041 ejusdem
1151 1980 1296 2022 verbis
1317 1979 1361 2019 in
1381 1969 1606 2030 supparus}

159 2073 259 2102 cum
289 2061 403 2101 enim
437 2059 558 2100 dicat
594 2070 816 2112 supparos
851 2053 1063 2109 appellari
1095 2050 1194 2092 vela
1223 2049 1340 2090 linea
1367 2046 1412 2086 in
1432 2054 1606 2085 crucem

161 2141 378 2181 expansa,
409 2126 507 2168 inde
537 2130 655 2167 recte
689 2125 903 2178 colligitur
936 2134 1036 2163 eum
1070 2120 1125 2160 iis
1160 2114 1437 2169 temporibus
1456 2115 1607 2151 natum

160 2196 321 2250 quibus
343 2208 470 2236 sacra
491 2206 603 2235 crux
624 2194 667 2234 in
687 2194 847 2234 honore
868 2190 1019 2232 habita
1041 2191 1125 2229 est.
1165 2185 1294 2226 Certe
1311 2177 1503 2222 dubitari
1522 2188 1607 2216 non

161 2268 311 2316 potest
333 2262 435 2316 quin
455 2265 558 2314 post
580 2261 830 2302 Martialem
850 2263 891 2300 et
909 2258 1091 2300 Canium
1108 2253 1284 2299 vixerit,
1301 2260 1399 2290 cum
1414 2257 1489 2286 eos
1510 2243 1606 2284 lau-

161 2329 248 2370 det.
310 2329 400 2370 His
435 2329 697 2382 argumentis
729 2329 908 2368 alterum
942 2324 1042 2366 addi
1074 2325 1230 2376 potest,
1268 2317 1448 2357 Festum
1471 2312 1607 2353 Pom-

163 2397 306 2450 peium
327 2410 354 2438 a
369 2398 489 2438 nullo
513 2402 687 2438 auctore
709 2396 835 2437 citari
857 2395 933 2448 qui
955 2398 1056 2434 ante
1077 2403 1131 2430 ea
1151 2392 1348 2439 tempora
1369 2378 1606 2433 scripserit.

163 2463 254 2504 Hic
275 2463 419 2504 Verrii
433 2464 485 2505 de
504 2465 738 2505 verborum
761 2461 1087 2515 significatione
1108 2456 1246 2497 libros
1265 2447 1494 2496 breviavit,
1526 2445 1609 2486 ibi-

160 2543 247 2584 que
280 2531 558 2572 intermortua
589 2535 631 2572 et
666 2531 845 2583 sepulta
865 2529 1001 2571 verba
1034 2522 1258 2579 praeteriit.
1318 2517 1438 2559 Cave
1461 2520 1607 2555 tamen

162 2600 271 2640 istos
293 2597 341 2639 de
361 2597 572 2640 verborum
592 2597 888 2654 sigrzgficatione
907 2596 1044 2637 libros
1065 2590 1241 2634 eosdem
1257 2599 1357 2628 esse
1379 2581 1532 2625 credas
1554 2592 1608 2621 ac

161 2678 239 2707 eos
262 2667 339 2720 qui
369 2666 575 2707 dicuntur
601 2666 822 2720 priscorum
852 2663 1065 2705 verborum
1094 2673 1183 2701 cum
1213 2650 1415 2708 exemplis.
1472 2649 1607 2690 Viros

164 2733 321 2774 doctos
343 2733 419 2787 qui
441 2734 503 2775 ita
523 2733 833 2775 existimarunt
854 2732 898 2773 in
916 2741 1103 2773 errorem
1118 2724 1294 2768 induxit
1308 2721 1379 2764 hic
1398 2718 1519 2761 Festi
1540 2718 1609 2772 lo—-f
