1835 2906
179 69 264 112 582

624 74 776 106 SEXTI
809 71 1014 104 POMPEll
1048 70 1185 101 FESTI

184 170 463 217 Permissusk
486 170 736 225 appellatur
755 169 923 218 aries,¹⁷
944 167 1021 221 qui
1039 164 1164 207 annis
1186 163 1422 218 compluri-
1451 164 1577 218 [PAU
1587 175 1627 204 1„

241 243 324 283 bus
345 246 497 282 tonsus
517 251 602 279 non
624 242 705 280 est.

185 310 483 357 Permutatur,
505 307 550 348 id
579 305 750 360 proprie
771 303 856 345 dici
881 300 1070 351 videtur,
1091 299 1210 354 quod
1241 311 1299 340 ex
1328 298 1417 339 alio
1462 297 1630 351 [Fsss'r.

241 377 343 418 loco
364 376 410 416 in
430 375 564 416 alium
587 373 865 415 transfertur:
896 373 941 411 at
957 372 1265 417 commutatur,
1292 379 1390 408 cum
1411 365 1531 407 aliud
1551 378 1632 419 pro

242 444 329 485 alio
351 442 657 484 substituitur:
691 440 770 481 sed
792 451 844 480 ea
854 437 949 492 jam
970 436 1149 478 confuse
1169 437 1213 476 in
1228 449 1310 476 usu
1332 433 1486 475 sunt.¹⁸

188 507 440 565 Perpetem¹
480 523 560 564 pro
597 510 808 563 perpetuo
844 506 1049 547 dixerunt
1090 503 1253 559 po'etae.

1325 501 1549 544 Pacuvius
1588 501 1634 541 in

246 579 417 621 Iliona:
448 578 535 627 fac,
558 582 606 618 ut
622 575 817 629 coepisti,
846 574 960 616 hanc
983 586 1162 628 operam
1178 572 1284 614 mihi
1302 571 1381 613 des
1397 573 1634 625 perpetem.

246 646 400 688 Oculis
421 645 640 687 traxerim.

190 715 422 768 Perpetem
442 726 522 767 pro
545 714 759 766 perpetuo
781 711 985 753 dixerunt
1003 709 1172 764 po'etae.

190 782 471 835 Perpetrat,¹9
492 780 669 835 peragit,
688 779 869 834 perficit.

1455 705 1637 760 [PAUL-

192 848 470 903 Perpetrat‚‘¹¹
501 848 683 902 peragit,
702 847 886 902 perficit.
931 846 1159 888 Pacuvius
1180 844 1224 886 in
1245 843 1444 885 Teucro:
1475 841 1638 895 [FEsT.

800 955 858 969 O‘O
862 957 879 968 Ι
883 955 1038 969 OOOOOOOO

238 1037 275 1066 17
301 1035 382 1066 Vet.
399 1034 457 1065 lib.
480 1038 676 1073 agrius—18
700 1034 845 1066 Notavit
859 1034 949 1066 Scal.
965 1033 1038 1065 haec
1057 1032 1192 1075 quidem
1209 1040 1282 1063 esse
1301 1030 1408 1071 Festi,
1421 1029 1505 1062 licet
1521 1029 1554 1060 in
1574 1033 1644 1062 vet.

195 1078 254 1110 lib.
273 1087 339 1109 non
355 1082 433 1109 sunt
451 1082 687 1118 reperta—19
711 1079 790 1111 Vet.
807 1078 865 1110 lib.
887 1079 1048 1119 Perpetat.

848 1211 995 1245 NOTAE

197 1286 292 1317 etiam
302 1288 469 1328 permissus
483 1299 583 1328 agnus
597 1289 725 1324 dicitur,
742 1289 794 1330 qui
809 1289 898 1320 armis

197 1337 400 1376 compluribus
415 1349 475 1369 non
487 1343 533 1369 est
544 1342 660 1370 tonsus.
700 1340 793 1370 Nihil
807 1339 897 1370 aliud

199 1386 310 1419 video.
354 1387 414 1419 Ait
440 1390 558 1420 Festus
570 1390 755 1430 permissum
774 1400 897 1430 agnum

199 1436 266 1468 dici
295 1448 355 1478 pro
385 1440 580 1479 promissum,
597 1439 629 1470 id
651 1445 714 1480 est,
739 1440 794 1471 eui
822 1442 899 1471 lana

201 1489 367 1527 promissa
383 1490 438 1529 sit,
451 1490 510 1521 sed
524 1491 603 1521 mihi
622 1500 688 1522 non
706 1491 900 1531 persuadet,

200 1547 277 1568 cum
294 1538 350 1569 vix
367 1539 415 1570 ita
431 1539 497 1570 dici
513 1546 627 1580 putem
644 1541 827 1581 promissum
843 1551 899 1582 ag-

200 1597 291 1619 num.
336 1589 439 1620 Certe
465 1591 548 1631 scio,
568 1592 750 1631 permissum
777 1602 900 1632 agnum

201 1648 276 1669 eum
303 1649 391 1680 esse,
414 1650 513 1681 quem
533 1641 646 1673 Graeci
671 1641 827 1681 ἀνειμένον
853 1642 902 1673 di-

201 1694 297 1728 cunt,
308 1690 329 1720 i.
343 1691 544 1731 relaxatum,
554 1693 905 1733 solutum,dimissum‚

202 1740 355 1782 adeoque
380 1743 456 1773 Deo
479 1749 714 1776 consecratum
737 1751 772 1777 et
795 1746 904 1777 inton-

204 1801 288 1824 sum.
313 1793 410 1825 Idem.

248 1840 261 1861 ¹<
286 1842 476 1882 Permissus]
494 1843 582 1875 Vide
607 1844 615 1860 ‘
632 1845 824 1877 Promissus
839 1846 847 1859 ‘
869 1851 904 1878 et

204 1891 213 1907 ‘
232 1891 322 1923 Pro.'
347 1893 423 1924 Ant.
442 1893 527 1933 Aug.

249 1942 256 1962 ¹
295 1944 474 1984 Perpetem]
510 1946 640 1986 Perpes,
670 1946 808 1987 proprie
839 1958 904 1979 vox

204 1997 389 2035 auguralis,
405 2007 423 2027 a
436 2007 492 2035 per
506 2004 537 2030 et
557 2003 673 2039 petere,
697 2000 767 2031 sive
794 1999 904 2031 πέτεσ·

204 2047 264 2080 θαι,
280 2045 322 2076 de
343 2056 418 2086 ave,
436 2058 509 2088 quae
538 2051 685 2080 volatum
707 2061 772 2081 non
801 2052 905 2082 inter-

204 2096 323 2131 mittit,
339 2098 429 2129 unde
447 2099 680 2140 metaphorice
701 2101 742 2132 ad
766 2102 831 2132 alia
847 2112 905 2133 ex-

206 2147 372 2187 tenditur,
405 2154 440 2180 ut
472 2151 587 2182 Plaut.
620 2152 770 2193 Amphit.
802 2163 843 2185 11.
873 2157 905 2184 2.

203 2197 277 2229 ‘Ibi
294 2201 436 2236 coenavi,
453 2206 555 2242 atque
573 2202 619 2234 ibi
644 2204 756 2244 quievi
781 2204 812 2234 in
830 2207 906 2236 navi

206 2253 340 2280 noctem
377 2252 579 2292 perpetem.'
636 2254 719 2285 Inde
755 2255 907 2295 perpetim

207 2300 434 2339 accusativus,
472 2304 567 2343 quasi
599 2304 843 2337 adverbialiter
873 2306 906 2336 in

210 2348 323 2380 Gloss.
340 2351 438 2384 ἐσαεί.
461 2353 558 2385 Voss.
582 2355 664 2387 Dae.

252 2404 272 2418 ¹¹¹
297 2401 482 2442 Perpetrat]
503 2404 687 2438 Mendosus
704 2407 808 2444 locus,
825 2408 906 2439 etin

209 2448 282 2488 ipso
299 2453 404 2482 veteri
422 2453 509 2484 libro
537 2456 574 2485 R.
594 2457 691 2487 litera
708 2463 854 2497 notatus,
870 2465 909 2490 ut

210 2507 305 2530 error
322 2503 497 2543 scriptoris
514 2505 775 2545 significaretur.
802 2509 910 2540 Paen-

211 2549 256 2629 viii
280 2551 383 2582 verba
411 2560 488 2585 sunt
514 2556 612 2587 valde
632 2558 806 2589 mendosa.
830 2560 908 2590 Ant.

246 2609 297 2639 ug.

256 2651 438 2694 Perpetrat]
464 2655 543 2686 Non
559 2657 683 2689 leviter
708 2659 780 2691 haec
798 2665 910 2692 conta-

948 1287 1075 1319 minata
1089 1290 1185 1318 sunt:
1210 1295 1298 1326 quae,
1313 1284 1340 1315 si
1357 1287 1506 1314 veterem
1528 1279 1646 1312 lectio-

948 1347 1024 1369 nem
1055 1346 1296 1378 proponamus,
1323 1335 1415 1366 nullo
1447 1331 1582 1373 negotio
1612 1330 1647 1360 iu

948 1388 1118 1429 integrum
1132 1386 1398 1418 restituerimus:
1424 1389 1522 1416 vetus
1534 1382 1650 1421 lectio,

949 1445 986 1470 ut
1003 1439 1223 1470 admonemur
1237 1447 1278 1469 ex
1291 1436 1378 1468 notis
1389 1435 1568 1475 marginis:
1586 1434 1649 1464 Ne-

950 1500 1006 1530 que
1020 1493 1197 1530 perpetrare
1209 1487 1349 1529 precibus
1363 1486 1505 1527 imperia,
1526 1483 1580 1525 qui
1598 1484 1651 1514 de-

950 1541 1033 1572 tinni
1061 1540 1164 1581 patris
1188 1543 1326 1580 spartam
1360 1546 1507 1577 reponare
1542 1535 1653 1566 instat.

953 1592 1039 1623 Quae
1065 1601 1130 1622 non
1155 1599 1274 1632 parum
1297 1587 1484 1629 adjumenti
1499 1585 1594 1617 nobis
1609 1584 1652 1615 ad

955 1643 1133 1674 veritatem
1164 1641 1390 1682 indagandam
1420 1637 1652 1669 contulerunt.

955 1694 1115 1734 Legimus
1139 1702 1243 1733 ergo:
1277 1690 1434 1722 Pacuvius
1457 1689 1492 1719 in
1520 1687 1655 1718 Teucro:

961 1746 1068 1786 Neque
1102 1748 1279 1785 perpetrare
1324 1741 1479 1783 precibus,
1513 1737 1654 1778 imperio,

957 1797 1050 1837 quiri.
1070 1800 1100 1827 et
1120 1797 1153 1827 in
1170 1795 1315 1836 Niptris:
1340 1793 1488 1834 Spartam
1510 1791 1657 1831 repedare

956 1849 1069 1887 instat,
1096 1848 1128 1878 id
1159 1847 1186 1878 si
1213 1848 1383 1888 perpetrat.
1430 1844 1538 1883 Neque
1564 1841 1658 1881 quiti,

955 1899 1019 1930 hoc
1049 1903 1112 1938 est,
1143 1907 1253 1938 neque
1283 1899 1479 1937 potueruut.
1533 1892 1658 1932 Neque

958 1960 1072 1991 prece.
1086 1948 1323 1990 inquit‚neque
1337 1945 1491 1985 imperio,
1505 1943 1566 1974 hoc
1581 1951 1658 1983 per-

959 2011 1059 2042 agere
1074 2003 1270 2042 potuerunt.
1294 1995 1472 2037 Repedandi
1485 1994 1586 2026 verbo
1599 1993 1657 2024 ali-

959 2052 992 2083 bi
1010 2052 1128 2083 utitur.
1164 2049 1253 2080 Vide
1270 2049 1279 2065 ‘
1296 2046 1473 2088 Repedare
1485 2045 1506 2076 :'
1523 2043 1659 2075 videtur

959 2109 1072 2134 tamen
1102 2099 1269 2131 Pacuvius
1297 2106 1442 2138 reponere
1469 2095 1660 2135 scripsisse,

960 2158 1101 2194 propter
1119 2159 1265 2181 versum.
1311 2150 1396 2180 Quae
1414 2146 1507 2177 dicta
1524 2150 1601 2176 sunt
1615 2144 1659 2175 de

959 2203 1129 2235 Menelao.
1171 2201 1238 2232 Sed
1256 2199 1356 2230 finem
1382 2198 1499 2228 horum
1519 2197 1660 2236 explere

959 2255 1096 2296 quidem
1120 2252 1231 2283 verbis
1251 2250 1344 2282 Festi
1363 2259 1429 2280 non
1452 2248 1662 2289 pollicemur.

958 2304 1171 2336 Sententiam
1203 2308 1316 2332 :uitem
1351 2299 1445 2330 Festi
1471 2299 1557 2329 hanc
1590 2305 1663 2328 esse

960 2360 1138 2397 putamus:
1166 2349 1365 2384 ‘Quomodo
1378 2349 1478 2380 etiam
1491 2348 1563 2378 sine
1578 2356 1664 2388 prae·

960 2406 1128 2447 positione
1159 2403 1210 2433 usi
1237 2406 1327 2435 sunt,
1353 2398 1441 2440 quod
1465 2406 1662 2429 conversum

958 2457 1027 2497 jam
1060 2456 1090 2485 iu
1118 2459 1251 2493 turpem
1280 2447 1528 2490 significatum?
1574 2447 1662 2477 Nam

964 2507 1100 2537 Putrare
1117 2509 1216 2543 turpe
1233 2501 1372 2532 verbum
1390 2504 1455 2530 est.
1500 2497 1665 2537 Catullus,

966 2557 1120 2590 Persius,
1132 2552 1340 2586 Glossarium
1356 2561 1364 2581 :
1388 2552 1397 2567 ‘
1414 2549 1547 2586 patrat,
1561 2548 1663 2585 μασᾶ-

965 2620 1027 2644 ται,
1041 2603 1257 2643 κακεμφάτως,
1269 2602 1308 2632 ὡς
1321 2599 1364 2631 εἶτ
1377 2598 1534 2638 (αἰσχρῶς.γ
1562 2599 1664 2639 Lege,

966 2660 1004 2691 ὡς
1021 2658 1065 2689 ἐπ’
1082 2656 1227 2696 αἰσχρῶν.
1251 2654 1320 2684 Jos.
1338 2652 1421 2683 Scac.
