1835 2906
366 128 429 158 DE
463 125 737 157 VERBORUM
770 122 1183 156 SIGNIFICA'I'IONE
1219 128 1314 157 [AB.
1348 127 1456 157 XIV.

1571 119 1656 161 557

266 220 447 263 solebant
476 229 614 263 utrum
650 221 771 272 exire,
794 227 932 262 utrum
966 219 1074 261 domi
1109 235 1269 262 manere
1301 228 1527 277 oporteret:
1558 237 1654 265 nam

265 291 514 332 consulibus
533 304 649 345 aeque
665 304 712 331 ac
724 288 961 345 praetoribus
980 288 1093 330 novis
1114 288 1155 329 in
1172 290 1426 345 provinciam
1443 291 1502 331 ire
1522 297 1653 346 atque

261 371 320 400 ex
340 371 393 400 ea
415 371 497 398 rem
519 373 673 414 gerere,
708 365 846 400 contra
877 356 990 398 abire
1020 357 1119 398 anni
1150 357 1302 412 prioris
1333 359 1653 413 magistratibus

263 440 358 481 opus
374 433 476 468 erat.
530 425 641 482 Lege
664 426 785 468 etiam
801 426 995 468 cavebant
1010 433 1054 467 ut
1070 432 1194 467 certos
1210 427 1320 468 intra
1337 427 1432 468 dies
1452 426 1653 483 designati

256 495 506 548 provincias
529 496 641 537 inter
660 508 708 537 se
727 502 941 550 pararent.

204 563 468 618 Peregrinos
487 565 622 607 intere
650 564 726 606 Pr.
747 564 809 605 dr.
831 565 947 618 quod
968 564 1096 606 aliter
1115 564 1230 605 inter
1252 563 1377 612 civis,
1398 563 1523 604 aliter
1542 564 1651 606 inter

257 634 508 687 peregrinos
522 632 597 687 jus
617 633 844 674 dicebatur
865 645 892 673 a
916 635 1119 686 praetore,
1141 632 1329 686 ideoque
1348 632 1444 684 lege
1464 632 1650 685 primum

255 701 446 743 factus¹¹
479 714 579 742 cum
610 714 724 742 unus
763 706 931 743 tantum
965 700 1136 751 fuisset,
1171 704 1329 754 postea
1361 700 1449 740 duo
1483 699 1647 741 idcirco

256 774 359 812 sunt
379 770 519 811 creati
542 778 772 824 praetores,

198 837 429 879 Pararium
445 835 463 859 d
485 851 548 880 aes
566 838 877 893 appellabatur
897 837 957 888 id,
975 837 1092 892 quod
1110 836 1336 891 equitibus
1355 835 1435 877 du·
1466 835 1596 890 [PAU
1607 847 1647 876 t..

253 906 361 961 plex
383 919 464 961 pro
487 907 603 948 binis
625 907 751 961 equis
776 906 975 947 dabatur.

197 973 463 1028 Parasangae
478 980 492 997 θ
513 976 631 1029 apud
653 975 816 1017 Persas
837 975 1006 1016 viarum
1027 987 1258 1016 mensurae.

195 1038 395 1083 Parensf
412 1042 541 1095 vulgo
572 1047 712 1096 pater,
734 1047 810 1085 aut
840 1047 978 1085 mater
999 1042 1268 1097 appellatur:
1303 1040 1380 1082 sed
1403 1040 1516 1094 juris
1543 1054 1644 1094 pru-

250 1109 402 1151 dentes
434 1122 559 1161 aVOS,
592 1115 637 1153 et
670 1125 878 1166 proaVOS,
910 1112 1052 1161 avias,
1084 1114 1126 1152 et
1161 1110 1385 1164 proaviam,
1416 1114 1644 1162 parentum

246 1178 423 1219 nomine
444 1179 658 1233 appellari
679 1179 844 1221 dicunt.

800 1286 916 1298 oooooo

234 1343 271 1372 11
296 1341 377 1374 Vet.
393 1342 468 1375 cod.
484 1343 619 1382 fratres.

920 1285 1038 1298 eeeeee

842 1407 986 1439 NOTAE

185 1470 274 1502 inter
295 1480 330 1502 se
357 1472 581 1513 comparent.’
627 1472 760 1505 Quibus
784 1471 885 1512 signi-

184 1519 317 1556 ficatur,
348 1527 386 1554 ut
416 1522 598 1553 conveniat
628 1522 719 1554 inter
753 1532 810 1553 eos
842 1523 884 1554 de

184 1571 379 1612 provinciis,
406 1582 505 1614 quam
535 1573 679 1614 quisque
707 1573 883 1604 habiturus

182 1620 240 1660 sit,
257 1627 315 1652 aut
330 1623 452 1654 sortito
466 1632 523 1653 eas
540 1629 775 1664 assequantur.
810 1623 883 1655 Liv.

180 1672 241 1703 lib.
254 1681 344 1704 xxx.
368 1673 379 1690 ‘
392 1674 607 1705 Censuerunt
620 1678 746 1715 patres,
757 1679 883 1706 utcon-

181 1723 272 1754 sules
289 1724 379 1755 inter
395 1735 430 1756 se
451 1731 703 1766 compararent,
718 1726 880 1757 sortiren-

178 1776 290 1813 turve,
320 1779 398 1806 uter
422 1775 578 1806 Bruttios
604 1775 768 1807 adversus
784 1776 879 1807 Han-

178 1823 341 1863 nibalem,
365 1831 442 1857 uter
469 1827 640 1858 Etruriam
674 1836 715 1858 ac
736 1827 877 1868 Ligures

178 1875 389 1914 provinciam
426 1875 592 1908 haberet)
658 1876 727 1909 Sed
773 1876 877 1908 verba

175 1925 271 1956 Festi
287 1927 374 1957 male
391 1926 524 1958 divulsa
546 1931 646 1959 suntz
681 1936 756 1958 nam
783 1927 876 1967 prior

175 1985 254 2015 pars
268 1977 390 2017 capitis
406 1977 549 2008 adhaesit
561 1982 636 2018 post
646 1977 777 2018 praebia.
795 1977 875 2009 Huc

174 2025 279 2066 igitur
305 2028 524 2068 retrahenda,
550 2033 586 2059 et
609 2028 657 2059 sic
679 2027 874 2068 concipien-

173 2075 236 2107 dus
252 2077 345 2109 locus
361 2078 494 2119 integer
510 2088 552 2109 ex
568 2077 684 2109 selred.
722 2077 732 2094 ⁶
746 2077 874 2109 Parare

171 2126 261 2158 inter
277 2138 312 2159 se
339 2138 458 2160 munus
481 2128 664 2160 dicebatur
685 2137 760 2160 cum
778 2128 873 2159 sorti-

174 2177 222 2208 tio
238 2177 344 2210 fiebat
360 2189 379 2210 a
400 2178 661 2220 Magistratibus
678 2179 720 2210 P.
739 2179 780 2210 R.
797 2185 874 2210 uter

171 2227 399 2268 Magistratus
415 2234 593 2271 utramque
615 2239 684 2261 rem
699 2239 798 2261 acere
815 2230 873 2261 de-

173 2278 284 2318 beret,
309 2284 367 2310 aut
392 2280 481 2310 inter
508 2290 545 2311 se
572 2286 812 2321 compararent
829 2281 872 2312 de

170 2329 271 2360 rebus
289 2329 365 2371 iege
381 2331 560 2369 mandam,
575 2330 690 2371 itaque
702 2331 736 2361 in
750 2338 871 2362 senatu

171 2384 205 2411 et
221 2380 254 2410 in
271 2381 407 2412 comitio
427 2379 585 2422 quoqne,’
599 2383 664 2412 &c.
694 2381 794 2412 Acer-e
809 2391 870 2421 pro

170 2442 277 2472 agere,
291 2438 329 2464 ut
343 2443 445 2474 supra
459 2434 468 2451 ‘
484 2434 614 2465 acitare
628 2432 636 2445 ’
656 2442 717 2474 pro
740 2437 748 2450 ‘
763 2434 870 2473 agita-

169 2481 230 2512 re.’
276 2482 353 2514 Non
378 2483 483 2514 solum
505 2487 620 2515 autem
642 2482 870 2523 Magistratus

170 2531 403 2564 sortiebantur
419 2537 532 2564 utrum
549 2533 656 2573 exire,
680 2538 794 2564 utrum
813 2533 871 2563 do-

169 2582 215 2612 mi
231 2592 368 2614 manere
384 2588 572 2624 oporteret,
589 2583 647 2614 sed
663 2583 764 2615 etiam
784 2592 868 2623 prae-

170 2636 274 2671 tores,
291 2633 346 2674 qui
364 2634 398 2665 in
423 2633 507 2665 urbe
530 2634 587 2674 jus
611 2633 735 2665 dicturi
757 2636 868 2673 erant,

168 2682 399 2717 sortiebantur
423 2689 606 2727 antequam
636 2684 867 2726 magistratum

938 1471 1080 1511 inirent,
1096 1470 1170 1512 quis
1195 1470 1238 1501 de
1263 1469 1406 1509 ambitu,
1432 1468 1506 1510 quis
1524 1468 1565 1499 de
1583 1478 1639 1500 ve-

938 1521 1079 1560 nenena,
1095 1522 1223 1562 &c-jus
1239 1520 1393 1551 dicturus
1409 1525 1514 1550 esset.
1539 1519 1623 1550 Duc.

980 1577 992 1592 ⁰
1016 1572 1207 1611 Peregrinos
1222 1571 1322 1611 inter]
1360 1570 1434 1601 Ista
1450 1570 1510 1601 Pr.
1526 1570 1573 1600 dr.
1589 1570 1638 1600 in-

938 1626 1122 1664 terpretor,
1157 1622 1166 1638 ⁶
1183 1627 1310 1663 praetor
1339 1620 1463 1652 datur.'
1508 1621 1637 1651 Verum

938 1678 1002 1712 est,
1018 1673 1105 1714 quod
1122 1673 1181 1711 ait,
1197 1672 1342 1712 primum
1362 1676 1514 1702 creatum
1531 1670 1637 1702 fuisse

937 1732 1039 1754 unum
1073 1727 1268 1763 praetorem,
1301 1722 1467 1753 urbanum
1500 1731 1636 1762 nempe,

937 1783 1015 1804 ann.
1031 1776 1105 1804 388.
1122 1778 1156 1803 et
1174 1772 1310 1812 deinde,
1324 1777 1468 1813 propter
1480 1781 1636 1812 magnam

934 1823 1194 1864 peregrinorum
1213 1822 1359 1861 turbam,
1385 1821 1530 1852 alterum
1549 1831 1636 1861 prae-

933 1878 1054 1910 torem,
1066 1882 1188 1914 nempe
1202 1872 1432 1913 peregrinum,
1447 1871 1635 1911 adjectum,

933 1933 987 1955 an.
1007 1926 1080 1955 501.
1105 1924 1198 1954 illum
1217 1924 1307 1954 inter
1323 1923 1426 1961 cives,
1439 1922 1527 1953 bunc
1543 1922 1635 1953 inter

931 1975 1023 2006 cives
1062 1980 1098 2006 et
1128 1975 1338 2016 peregrinos,
1362 1975 1419 2014 Jus
1448 1973 1635 2012 dicentem,

929 2026 988 2057 sed
1003 2026 1114 2057 crevit
1129 2030 1247 2066 postea
1261 2030 1445 2066 praetorum
1461 2033 1633 2055 numerus.

930 2076 1045 2108 Creati
1062 2076 1151 2107 enim
1169 2085 1273 2117 usque
1290 2075 1330 2106 ad
1350 2077 1400 2105 18.
1431 2071 1522 2104 Vide
1540 2074 1633 2113 LipS.

928 2126 1099 2168 Antiquit.
1118 2127 1213 2158 Rom.
1230 2126 1288 2157 lib.
1305 2135 1330 2157 1.
1347 2134 1422 2166 cap.
1438 2127 1490 2156 10.
1513 2124 1611 2154 Idem.

970 2176 985 2198 d
1009 2178 1195 2218 Pararium]
1210 2176 1309 2210 Quod
1326 2186 1387 2216 pro
1403 2174 1554 2216 paribus,
1567 2174 1630 2205 hoc

929 2233 995 2267 est,
1019 2228 1107 2259 binis
1137 2228 1242 2268 equis.
1288 2226 1456 2268 Equitibus
1484 2225 1630 2265 dabatur,

929 2280 1005 2311 vide
1023 2284 1029 2296 ¹
1045 2279 1184 2320 paribus
1201 2277 1318 2319 equiS.'
1341 2278 1438 2308 Idem.

969 2335 983 2350 θ
1008 2328 1216 2369 Parasangae]
1244 2330 1295 2360 Ex
1313 2328 1492 2359 Herodoto
1508 2330 1542 2357 et
1558 2325 1629 2356 He-

925 2381 1042 2421 sychio
1070 2384 1122 2411 30.
1158 2380 1271 2412 stadia
1307 2380 1497 2411 continent.
1543 2378 1630 2408 Sunt

925 2436 1054 2469 tamen,
1085 2431 1143 2472 qui
1174 2440 1281 2472 usque
1311 2429 1355 2461 ad
1383 2433 1437 2462 60.
1468 2428 1628 2459 tribuant.

927 2481 1025 2512 Idem.

968 2531 979 2552 f
1000 2532 1137 2572 Parens]
1162 2531 1352 2562 Parentum
1369 2534 1404 2561 et
1421 2532 1554 2570 patrum
1570 2537 1628 2558 no-

925 2582 1015 2614 mine
1046 2582 1100 2613 avi
1128 2587 1163 2612 et
1190 2581 1309 2622 proavi
1332 2580 1564 2614 continentur,
1588 2583 1627 2608 ut

922 2632 1066 2664 filiorum
1081 2641 1163 2663 voce
1178 2636 1340 2672 nepotes;
1357 2635 1517 2672 nepotum
1534 2637 1625 2663 vero,

923 2692 1041 2716 omues
1058 2683 1198 2725 posteri.
1221 2682 1321 2714 Idem.
