1835 2906
198 92 283 133 504

484 99 619 132 FESTI
655 100 717 131 DE
750 99 894 130 VERE.
927 98 1108 129 SIGNlF·
1143 99 1236 128 LIB.
1273 97 1368 128 XII.

201 195 526 247 Nusciciosus,i
555 197 631 251 qui
653 209 806 250 parum
827 194 949 236 videt
967 198 1143 248 propter
1162 193 1316 234 vitium
1332 205 1436 233 ocu·
1464 191 1645 244 [PAUL.

257 267 414 314 lorum,
433 266 595 319 quique
616 265 720 320 plus
739 264 860 306 videt
879 262 1065 317 vesperi,
1085 274 1220 316 quam
1241 260 1435 301 meridie.

204 333 392 375 Numidae
413 334 616 376 dicuntur
637 331 863 381 Nomades,
884 330 955 386 qui
973 329 1126 370 diutins
1145 329 1278 370 vivere
1297 328 1435 369 dicun-
1481 328 1649 381 [FEST.

259 409 355 442 tur:
377 403 489 444 unde
510 402 621 444 Cato
642 403 700 443 in.

262 466 450 511 Numidae
469 470 625 512 vivaces
646 469 754 525 qnod
772 468 956 509 multam
974 467 1128 508 vivunt
1148 472 1305 506 aetatem
1325 464 1448 505 dixit.

207 535 338 578 Nuces
370 538 480 579 mitti
515 538 750 580 cerialibus
784 536 945 590 Capito
981 534 1151 576 Sinnius
1183 533 1343 574 solitum
1365 546 1442 573 esse
1463 530 1546 572 diez·
1567 531 1652 572 ait:

261 619 359 648 cum
383 607 567 648 velimus
589 604 824 661 signficare
845 601 1015 644 missilia
1039 601 1281 643 Cerialibus
1306 602 1350 642 in
1372 600 1503 642 Circo
1523 598 1654 647 mitti,

261 674 370 730 quod
387 689 475 715 cum
498 673 608 715 mitti
630 687 746 713 nuces
765 686 847 712 mos
865 674 986 720 esset,
1017 671 1149 724 plane
1182 670 1388 711 volumus
1410 683 1435 708 a
1457 673 1575 722 parte
1596 673 1657 706 to-

262 750 347 782 tum
366 742 589 798 designare,
620 741 726 796 quia
757 740 866 781 adeo
896 739 1129 792 diligantur
1149 751 1275 792 supra
1299 735 1435 777 omnia
1456 734 1541 775 alia
1563 733 1657 774 mis-

261 809 367 860 silia,
398 824 489 865 prae
512 809 690 850 flamma
710 822 808 850 cum
831 812 932 848 suut
950 813 1048 848 ustae
1067 819 1154 860 qnce
1173 811 1426 861 sparguntur
1445 817 1572 844 nuces.

848 929 990 962 NOTAE

249 1009 255 1030 i
275 1010 360 1040 Post
376 1008 592 1048 Nusciciosus]
608 1008 766 1040 Numidae
782 1006 905 1038 dicun-

211 1066 263 1092 tur
288 1060 471 1098 Nomades,
495 1061 551 1101 qui
573 1060 701 1091 diutins
719 1060 832 1091 vivere
855 1059 906 1089 di·

210 1117 344 1143 cuntur.
380 1111 479 1142 Unde
497 1111 582 1141 Cato
600 1111 734 1141 vivaces
748 1119 821 1141 esse
837 1109 907 1141 Nu-

210 1162 331 1202 midas,
356 1161 445 1203 quod
465 1166 602 1192 aetatem
619 1161 759 1191 multam
778 1161 908 1199 vivunt,

211 1213 309 1245 dixit.
346 1214 431 1246 Quae
446 1217 634 1252 sequuntur
650 1212 717 1242 alio
737 1211 909 1251 pertinere

212 1265 295 1303 scio,
324 1268 358 1294 et
392 1263 426 1294 ni
459 1261 568 1300 fallor,
601 1263 651 1292 ita
684 1260 910 1302 concipienda

212 1320 311 1346 sunt:
342 1315 448 1345 Nuces
476 1314 562 1344 mitti
594 1312 769 1344 Cerialibus
798 1312 911 1352 Capito

212 1366 343 1396 Sinnius
351 1365 447 1395 solere
455 1364 518 1395 dici
527 1364 585 1403 ait,
597 1374 665 1394 cum
677 1363 806 1394 velimus
813 1363 912 1401 signi-

202 1415 304 1457 ficare
319 1415 448 1445 missilia
466 1414 642 1445 Cerialibus
657 1413 690 1444 in
705 1412 797 1443 Circo
812 1412 912 1443 mitti.-

213 1467 344 1507 reliqua
359 1475 424 1496 non
448 1470 515 1495 tam
539 1464 650 1495 verbis
676 1462 820 1493 reddere
838 1472 914 1503 pos-

213 1527 298 1552 sum,
325 1525 424 1557 quam
452 1515 654 1546 sententiam
680 1512 833 1554 aperire:
858 1522 914 1543 eas

215 1578 317 1599 nuces
332 1567 465 1598 flamma
479 1571 586 1606 ustas,
598 1571 655 1597 aut
671 1570 775 1596 tostas
791 1563 914 1604 fuisse;

216 1628 327 1660 eoque
343 1618 477 1648 nomine
496 1627 514 1648 a
532 1617 657 1657 populo
676 1616 781 1656 diligi.
827 1615 915 1646 Nam

216 1676 347 1701 certum
372 1674 425 1699 est
454 1669 542 1699 inter
569 1668 720 1707 missilia,
740 1674 774 1698 et
799 1677 914 1707 nuces,

216 1727 248 1750 rt
267 1721 359 1751 cicer
372 1729 524 1760 sparsum
539 1717 659 1749 fuisse:
682 1724 717 1749 ut
737 1719 766 1748 in
783 1718 914 1749 Satira:

218 1772 336 1802 ‘cicer
363 1771 476 1811 ingere
504 1770 572 1801 late
602 1770 739 1801 Rixanti
768 1769 916 1810 pnpulo.’

220 1823 285 1854 Ubi
302 1823 400 1854 Cicer
425 1832 486 1862 pro
505 1822 594 1853 omni
612 1823 730 1853 missili
748 1823 918 1863 accipien-

219 1875 311 1912 dum,
326 1878 363 1904 ut
378 1873 434 1904 hic
452 1883 589 1904 nucem:
614 1879 648 1904 et
669 1875 791 1904 torreri
808 1875 918 1904 solere

219 1925 365 1961 Plinius,
381 1928 414 1954 et
433 1923 509 1964 frigi
524 1924 683 1962 Plautus,
696 1924 811 1956 aiunt:
830 1925 919 1955 unde

220 1976 310 2005 inter
327 1974 475 2005 delicata
499 1975 610 2005 edulia
633 1976 641 1991 ‘
660 1974 779 2005 frictas
802 1976 920 2006 nuces'

220 2025 327 2066 ponit.
361 2025 440 2056 Non
458 2025 562 2055 solnm
580 2030 693 2055 autem
708 2025 739 2055 in
753 2025 923 2056 Circensi-

221 2077 283 2107 bus
296 2076 304 2091 ‘
315 2074 452 2106 frictum
464 2075 569 2106 cicer'
585 2086 660 2106 cum
674 2077 815 2107 nucibus
830 2086 923 2116 spar-

223 2128 380 2167 gebatur:
395 2127 452 2158 sed
465 2132 497 2157 et
509 2137 570 2166 per
580 2128 925 2167 spectaculacircum-

222 2178 407 2214 ferebatur,
424 2182 459 2208 et
475 2177 698 2209 vendebatur.
740 2178 923 2209 Horatius:

224 2231 231 2246 ‘
250 2231 325 2261 Nec
348 2230 375 2259 si
389 2229 465 2269 quid
487 2227 577 2259 fricti
595 2229 714 2260 ciceris
733 2229 855 2269 probat
869 2235 926 2260 aut

226 2280 319 2312 nucis
336 2279 469 2311 emt‹)r.’
519 2280 582 2310 Et:
612 2281 620 2296 ‘
638 2280 676 2310 In
696 2280 807 2310 cicere
825 2285 925 2321 atque

226 2330 927 2372 fababonatn,perdasve111p'1113sLau1sut

959 1007 993 1037 in
1011 1006 1112 1038 Circo
1129 1005 1291 1047 spatiere,
1307 1009 1365 1035 aut
1379 1012 1494 1035 aeneus
1509 1006 1546 1034 ut
1567 1001 1660 1034 stes!

960 1056 1068 1088 Acro:
1084 1058 1092 1074 ‘
1105 1056 1265 1098 Antiquis
1277 1054 1501 1096 temporibus,
1512 1053 1569 1084 ubi
1583 1062 1663 1094 pau-

962 1108 1114 1150 periores
1125 1114 1223 1140 erant
1235 1107 1388 1145 Romani,
1399 1107 1471 1137 haec
1483 1105 1666 1140 dabantur,

962 1165 998 1191 et
1013 1159 1262 1200 spargebantur
1279 1160 1310 1190 in
1330 1159 1448 1198 vulgus
1466 1156 1508 1188 ab
1530 1156 1592 1194 his,
1608 1156 1665 1195 qui

963 1209 1062 1241 ludos
1088 1210 1239 1241 Florales
1265 1209 1483 1248 exhibebant,
1507 1207 1549 1238 ad
1572 1207 1667 1247 plau-

965 1271 1050 1300 sum,
1066 1266 1101 1291 et
1125 1261 1241 1301 populi
1264 1259 1414 1290 favorem
1437 1256 1667 1298 captandum?

967 1310 1043 1342 Hoc
1062 1311 1131 1341 vult
1151 1310 1252 1351 igitur
1266 1310 1402 1340 Sinnius
1415 1308 1550 1348 Capito,
1563 1316 1666 1338 nuces

968 1371 1030 1402 pro
1048 1361 1202 1392 omnibus
1223 1360 1404 1391 missilibus
1426 1359 1505 1395 dici,
1523 1359 1602 1400 quia
1620 1359 1667 1389 in·

969 1418 1022 1444 ter
1039 1412 1150 1443 omnia
1174 1412 1312 1443 missilia
1334 1411 1385 1442 bae
1407 1421 1426 1441 a
1449 1412 1575 1452 populo
1594 1410 1667 1441 dili-

970 1468 1105 1504 gantur,
1124 1463 1313 1503 praesertin·
1331 1461 1464 1493 flamma
1488 1472 1562 1493 curn
1591 1465 1671 1492 sunt

970 1520 1066 1546 ustae.
1125 1514 1211 1545 Haec
1243 1515 1376 1545 omnino
1408 1519 1459 1545 est
1490 1513 1671 1544 sententia.

969 1565 1153 1596 Videamus
1171 1575 1248 1596 num
1266 1565 1313 1595 ita
1330 1563 1432 1595 verba
1448 1563 1578 1602 expleri
1595 1573 1672 1603 pos-

971 1617 1040 1647 sint
1055 1627 1060 1644 :
1096 1617 1197 1647 Nuces
1236 1616 1322 1646 mitti
1353 1605 1528 1645 Cerialibus
1561 1614 1673 1653 Capito

971 1668 1103 1699 Sinnius
1118 1669 1214 1698 solere
1229 1667 1291 1698 dici
1305 1667 1364 1706 uit,
1375 1676 1443 1696 cum
1466 1666 1593 1696 velimus
1610 1665 1674 1703 sig-

971 1719 1100 1760 nificare
1115 1719 1245 1749 missilia
1260 1717 1434 1749 Cerialibus
1446 1717 1478 1747 in
1495 1716 1586 1747 Circo
1602 1716 1674 1746 mit-

972 1771 1017 1801 ti.-
1042 1771 1132 1810 quod,
1163 1780 1233 1800 cum
1260 1770 1346 1800 mitti
1376 1778 1468 1800 nuces
1493 1777 1557 1798 mos
1585 1769 1676 1806 esset,

971 1823 1063 1861 plane
1078 1822 1216 1852 volumus
1231 1831 1250 1851 a
1271 1823 1361 1860 parte
1378 1824 1475 1851 totum
1492 1819 1655 1857 designare
1669 1827 1679 1849 :

974 1872 1045 1912 quin
1061 1873 1136 1903 adeo
1152 1871 1326 1910 diligantur
1342 1880 1435 1911 supra
1450 1869 1514 1901 alia
1534 1868 1677 1909 missilia,

973 1922 1148 1962 proesertim
1163 1922 1296 1962 flarnma
1311 1931 1380 1951 cum
1394 1924 1466 1951 sunt
1480 1923 1569 1951 ustae.
1613 1919 1677 1949 Vel

974 1984 1040 2014 γνῶ
1049 1974 1194 2015 flamma,
1213 1974 1274 2003 lioc
1290 1978 1355 2010 est,
1372 1982 1442 2012 prae
1461 1977 1605 2009 tostum,
1619 1974 1678 2000 aut

979 2025 1142 2056 frictura:
1176 2026 1263 2065 quod
1292 2024 1389 2055 valde
1416 2024 1542 2063 placet.
1589 2022 1682 2060 Fuit,

980 2086 1056 2107 cum
1075 2076 1191 2117 putavi
1209 2076 1280 2106 lraec
1299 2074 1471 2114 pertinere
1488 2073 1528 2104 ad
1545 2073 1679 2104 literam

981 2128 1026 2166 V,
1051 2133 1085 2158 et
1111 2125 1327 2166 (le'vulpibus
1352 2125 1416 2163 agi,
1443 2133 1518 2164 quae
1545 2123 1680 2163 stipulis

981 2178 1141 2209 involutae
1165 2177 1318 2217 subjecto
1336 2177 1414 2215 igne
1432 2174 1588 2205 ardentes
1606 2174 1680 2205 Cir-

981 2230 1070 2259 censi
1088 2228 1221 2259 ludicro
1235 2227 1430 2258 Cerealibus
1447 2225 1683 2257 mittebantur.

983 2278 1083 2309 Ovid.
1103 2280 1160 2310 lib.
1177 2288 1223 2309 iv.
1243 2279 1334 2310 Fast.
1358 2277 1427 2308 dos.
1446 2276 1529 2308 Scal.
