1835 2906
375 147 437 176 DE
472 145 742 176 VERBORUM
779 144 1185 176 SIGNIFICATIONE
1219 146 1311 176 LlB.
1346 149 1409 178 Vl.

1526 137 1611 179 255

166 242 303 284 Facul
321 242 336 264 ¹¹
359 242 527 296 antiqui
549 242 767 292 dicebant,
784 247 827 283 et
844 242 1042 292 faculter,
1060 255 1140 296 pro
1161 243 1295 284 facile
1313 256 1324 283 ε
1353 243 1465 285 unde
1477 244 1613 285 sacul-

225 318 295 352 tas
331 313 373 350 et
400 309 636 351 difficultas
661 310 862 352 videntur
890 309 1021 351 dicta.

1083 310 1172 351 Sed
1206 316 1368 364 postea
1383 311 1390 334 i
1421 311 1612 353 facilitas

222 390 389 420 morum
410 376 528 419 facta
547 382 626 427 est,
642 378 831 420 facultas
850 390 1004 419 rerum.

167 446 356 499 Fagutal
372 443 387 467 ¹<
417 445 630 487 sacellum
646 445 675 487 J
679 446 793 495 ovis,
811 446 857 486 in
878 458 967 499 quo
988 445 1072 486 fuit
1092 445 1216 498 fagus
1234 447 1378 496 arbor,
1393 460 1493 500 quae
1507 447 1535 488 J
1540 447 1613 488 ovi

222 526 347 554 sacra
366 513 622 555 habebatur.

167 577 310 623 Falael
341 581 471 622 dictae
495 582 550 622 ab
572 579 819 629 altitudine,
842 592 868 620 a
884 579 1099 629 falando‚²
1121 580 1241 635 quod
1259 580 1377 635 apud
1400 581 1614 622 Etruscos

222 649 440 702 significat
459 647 641 689 coelum.

169 717 415 765 Falarica,¹¹¹
447 728 582 769 genus
608 715 700 765 teli,
721 715 903 764 missile,
924 727 1013 768 quo
1044 719 1220 758 utuntur
1246 729 1301 757 ex
1330 715 1446 765 salis,
1467 715 1508 756 id
1533 720 1615 765 est,

223 797 280 825 ex
300 784 415 825 locis
435 783 672 824 exstructis
695 781 971 824 dimicantes.

171 851 384 893 Faleones
399 857 416 873 ¹¹
447 851 666 900 dicuntur,
687 863 869 905 quorum
889 851 1013 904 digiti
1034 852 1219 905 pollices
1237 852 1279 892 in
1297 851 1483 905 pedibus
1505 851 1616 891 intro

223 925 326 960 sunt
348 919 527 968 curvati,
549 932 577 960 a
596 917 875 960 similitudine
900 918 1048 960 falcis.

170 986 345 1036 Faleri,⁰
376 986 591 1040 oppidum
614 999 638 1026 a
662 986 753 1026 sale
772 986 972 1026 dictum.³

775 1105 892 1116 ‘eme
896 1105 1010 1117 aneto

209 1182 229 1210 2
253 1180 537 1217 Aliisanlado.-3
561 1181 569 1197 ‘
588 1180 697 1218 Asale
712 1180 829 1211 dictum
846 1181 868 1213 Ι.
885 1191 928 1212 m.
945 1180 1046 1212 habet
1063 1190 1121 1221 pro
1137 1192 1155 1212 α
1171 1180 1258 1212 sale!
1282 1181 1377 1212 Fulv.
1395 1180 1509 1211 Ursin.

820 1289 961 1321 NOTAE

210 1353 225 1373 ¹¹
249 1353 361 1394 Facul]
386 1351 566 1386 Afranius:
610 1353 620 1370 ‘
643 1353 743 1384 Haud
775 1352 866 1385 facul

166 1403 305 1434 foemina
323 1403 517 1435 invenietur
533 1403 644 1435 bona.’
690 1403 776 1435 Vide
796 1404 866 1435 No-

168 1455 270 1485 nium.
298 1455 396 1486 Idem.

208 1504 216 1524 ¹
240 1504 302 1535 Sed
315 1504 438 1544 postea]
464 1503 521 1535 Ait
540 1504 726 1541 facultatem
750 1503 791 1535 de
816 1514 868 1535 re-

167 1555 230 1586 bus
256 1554 326 1585 sive
356 1554 475 1595 opibus
500 1554 580 1594 dici,
606 1554 797 1594 facilitatem
824 1554 866 1586 ad

168 1604 314 1635 animum
331 1604 514 1645 pertinere.
559 1605 616 1637 Sic
633 1604 706 1636 fere
731 1606 868 1637 Cornel.

169 1655 311 1694 Fronto,
343 1656 352 1672 ‘
375 1654 556 1695 Faenum)
588 1655 710 1696 inquit,
750 1657 759 1673 ‘
778 1656 868 1687 locu·

170 1705 286 1746 pletis,
303 1703 451 1735 facilitas
468 1704 609 1735 artificis
638 1709 702 1736 est.
746 1705 870 1746 Itaque

170 1756 263 1786 dives
301 1753 502 1786 facultatem
536 1754 638 1787 habet
673 1755 779 1786 multa
815 1755 870 1786 vel

171 1805 317 1841 emendi,
334 1805 387 1836 vel
404 1804 614 1843 redimendi;
639 1803 763 1836 artifex
791 1814 872 1845 ope·

171 1867 210 1889 ra
226 1857 425 1897 perficiendi
443 1855 668 1888 facilitatem!
695 1858 793 1888 Idem.

213 1908 227 1928 k
251 1908 406 1948 Fagutal]
429 1908 537 1939 Varro
565 1908 624 1940 lib.
641 1918 692 1940 ιν.
716 1908 758 1940 de
777 1909 817 1940 L.
833 1909 871 1940 L.

169 1960 178 1975 ‘
203 1959 248 1990 Et
277 1959 421 1998 Fagutal
451 1967 470 1989 a
501 1958 600 1999 fago:
640 1959 730 1990 unde
770 1960 871 1990 etiam

169 2007 261 2050 quod
283 2009 329 2040 ibi
352 2009 527 2048 sacellum,
549 2008 646 2041 Jovis
673 2009 871 2050 Fagutalis!

171 2060 269 2090 Idem.

211 2109 219 2130 ¹
246 2109 349 2150 Falae]
374 2109 519 2150 Proprie
541 2115 650 2141 turres
673 2110 796 2150 ligneae
814 2110 871 2141 mi-

169 2160 300 2198 litares,
316 2159 405 2191 unde
435 2160 506 2190 tela
532 2159 768 2200 mittebantur,
796 2170 871 2200 qnae

170 2210 248 2241 ideo
265 2210 404 2241 falarica
420 2209 524 2241 dicta.
554 2210 644 2241 Vide
658 2209 756 2242 infra.
786 2211 872 2242 Fulae

172 2265 285 2291 autem
303 2260 346 2291 ab
359 2260 530 2291 Hetrusco
545 2260 697 2300 phalaride
711 2260 782 2290 sive
795 2260 872 2300 pha-

171 2311 269 2348 lanto,
295 2310 385 2350 quod
410 2311 530 2341 coelum
559 2315 669 2342 notat.
715 2308 876 2341 Φάλαντον

173 2360 334 2391 Graecum
364 2365 429 2399 est,
455 2370 474 2390 a
498 2359 598 2398 φαλὸς
625 2359 755 2399 forsan,
771 2361 877 2399 albus,

176 2410 300 2441 nitens.
353 2410 420 2441 Sed
454 2410 566 2450 potius
590 2410 672 2448 [αἰαῖ
701 2421 720 2441 a
751 2411 876 2442 Graeco

171 2457 286 2499 φάλαι,
302 2463 339 2491 ut
358 2459 473 2490 Graeci
494 2460 653 2491 dicebant
668 2465 813 2499 montes,
831 2462 876 2492 al-

175 2510 352 2549 titudines,
366 2519 472 2541 arces.
519 2510 670 2550 Hesycli.
684 2508 796 2549 φάλαι,
808 2510 874 2550 ὅρη,

172 2560 311 2595 σκοπιαὶ,
336 2565 480 2600 montem,
503 2570 622 2598 arces;
646 2565 680 2591 et
708 2560 784 2591 inde
813 2560 872 2599 φά-

173 2617 302 2651 λαντον,
320 2612 439 2642 coelum
458 2610 545 2651 apud
565 2610 768 2649 Hetruscos,
784 2611 873 2651 quod

176 2663 293 2693 altum.
347 2661 432 2692 Inde
461 2661 624 2701 palatium,
655 2660 687 2691 id
713 2666 778 2701 est,
803 2670 874 2692 arx.

176 2712 264 2743 Inde
294 2711 396 2742 etiam
418 2711 521 2748 solere
554 2711 642 2752 apud
676 2711 876 2747 Varronem,

921 1364 1001 1384 saxa
1018 1354 1107 1395 pilea
1123 1353 1163 1384 ad
1178 1362 1260 1384 onus
1273 1351 1441 1393 peristylii
1453 1351 1622 1382 sustinen-

921 1405 1012 1438 dum.
1050 1406 1093 1436 Et
1109 1404 1207 1445 φάλαι
1224 1405 1374 1435 Saxones
1391 1403 1461 1434 sive
1478 1402 1622 1434 Germa-

921 1456 953 1486 ni
970 1456 1170 1487 vocabulum
1188 1456 1339 1487 retinent
1355 1454 1453 1493 sales,
1466 1454 1536 1484 sive
1545 1453 1621 1491 sels,

922 1516 1034 1545 τηρεε.
1059 1506 1154 1537 Idem.

965 1561 987 1576 ¹¹¹
1014 1554 1176 1594 Falarica]
1200 1555 1349 1586 Ennius:
1378 1556 1386 1572 ‘
1405 1556 1492 1587 Quae
1511 1553 1623 1584 valido

923 1607 1017 1637 venit
1033 1610 1186 1637 contorta
1202 1604 1342 1636 falarica
1358 1604 1484 1636 missu!
1530 1604 1623 1635 Fala-

922 1657 988 1687 rica
1005 1667 1023 1687 a
1037 1657 1129 1695 salis.
1165 1655 1261 1686 Idem
1280 1655 1412 1687 Nonius
1427 1660 1462 1686 et
1477 1654 1624 1686 Servius.

924 1706 993 1737 Alii
1010 1717 1028 1737 a
1044 1706 1158 1746 φαλὸς,
1171 1705 1382 1746 splendidus,
1394 1705 1482 1746 quod
1499 1714 1540 1735 ea
1556 1704 1624 1734 tela

926 1757 1132 1798 splendeant
1166 1757 1209 1788 ob
1240 1755 1401 1788 ferratam
1435 1754 1624 1794 cuspidem,

927 1808 978 1839 vel
1005 1808 1115 1848 potius
1132 1807 1175 1838 ob
1198 1805 1386 1838 flammam:
1411 1814 1487 1836 nam
1512 1803 1625 1835 falari-

926 1859 973 1889 cis
1005 1858 1305 1898 circumligabatur
1329 1857 1472 1888 materia
1497 1865 1515 1886 e
1536 1855 1625 1896 pice.

926 1909 1098 1949 sulphure,
1114 1914 1149 1940 et
1165 1912 1275 1949 stupa.
1299 1907 1366 1939 Sed
1381 1907 1474 1948 prius
1488 1911 1626 1946 etymon

926 1964 1057 1991 certum
1073 1964 1138 1990 est.
1182 1958 1232 1990 Ut
1248 1967 1362 1998 supra.
1386 1958 1485 1989 Idem.

969 2015 983 2029 ¹¹
1008 2008 1172 2049 Falcones]
1204 1999 1440 2040 Glossarium:
1480 2007 1489 2023 ‘
1506 2008 1625 2038 Falco-

926 2069 1000 2099 1185,
1031 2059 1190 2091 Δάκτυλοι
1216 2060 1317 2089 ποδῶν
1342 2057 1403 2089 ἔσω
1427 2056 1626 2093 βλέποντες.’

927 2110 1057 2151 ‘Digiti
1076 2109 1199 2151 pedum
1217 2109 1306 2139 intro
1320 2106 1550 2148 aspicientes!
1582 2107 1627 2136 Et

925 2160 1077 2192 Isidorus
1107 2161 1140 2191 in
1172 2160 1284 2192 Gloss.
1322 2160 1331 2175 ‘
1362 2158 1539 2191 1··a100nes‚
1570 2157 1627 2197 qui

927 2211 1069 2251 pollices
1096 2210 1194 2251 pedis
1218 2210 1306 2240 intra
1333 2217 1454 2239 curvos
1475 2205 1627 2237 habent.’

926 2260 1090 2292 Similiter
1106 2260 1221 2292 Graeci
1243 2258 1441 2298 δρεπανῶδεις
1460 2257 1591 2296 dicunt,
1609 2266 1629 2287 a

930 2309 1088 2352 δρέπανον,
1104 2309 1188 2341 falx.
1210 2309 1308 2339 Idem.

971 2366 986 2381 0
1014 2359 1133 2400 Faleri]
1160 2359 1187 2390 A
1205 2359 1278 2396 sale,
1295 2358 1384 2398 quod
1402 2357 1489 2399 apud
1507 2366 1563 2388 eos
1579 2357 1628 2388 sal

930 2410 1043 2450 fieret,
1060 2410 1152 2451 prius
1169 2408 1295 2439 Haterii
1311 2408 1408 2439 dicti.
1440 2407 1506 2439 Sed
1524 2407 1628 2448 magis

931 2461 1044 2501 placet
1060 2460 1102 2491 ab
1120 2459 1236 2490 Haleso
1263 2457 1453 2497 conditore,
1479 2458 1569 2488 unde
1592 2462 1629 2488 et

932 2509 1062 2541 Falisci.
1109 2508 1212 2540 Ovid.
1230 2507 1288 2539 lib.
1306 2516 1357 2539 iv.
1375 2508 1466 2540 Fast.
1490 2507 1500 2524 ‘
1514 2508 1628 2537 Vene-

929 2565 982 2591 rat
1011 2559 1151 2591 Atrides
1182 2558 1263 2590 fatis
1289 2559 1434 2599 agitatus
1471 2559 1630 2593 Halesus,

930 2610 961 2641 A
976 2620 1041 2650 quo
1058 2619 1093 2641 se
1111 2609 1237 2641 dictam
1253 2613 1343 2640 terra
1357 2609 1491 2640 Falisca
1505 2608 1627 2650 putat.⁵

932 2660 1030 2691 Idem.
