1835 2906
173 82 258 124 520
628 91 777 121 SEXTI
811 90 1015 121 POMPEII
1049 89 1187 120 FESTI

233 185 416 228 Octobri
449 184 701 226 immolatur
736 183 970 238 quotannis
995 182 1146 233 Marti,
1176 182 1375 235 bigarum
1397 182 1627 224 victricum

231 254 478 304 dexterior3
512 254 566 294 de
604 254 731 308 cujus
768 253 910 307 capite
940 264 1027 292 non
1060 251 1172 292 levis
1208 250 1426 292 contentio
1458 251 1629 292 solebat

232 335 331 363 esse
351 323 462 362 inter
484 322 833 369 Suburanensesf
854 324 897 361 et
919 318 1272 368 Sacravienses‚p
1295 323 1346 359 ut
1364 318 1409 359 hi
1429 319 1474 359 in
1493 319 1625 371 regiae

232 390 415 444 pariete,
445 389 508 430 illi
531 389 587 430 ad
609 389 757 430 turrim
779 386 1027 427 Mamiliam
1046 385 1092 426 id
1113 386 1313 437 figerent3
1344 386 1630 440 ejusdemque

235 457 460 499 cauda¹⁵<³
492 461 615 499 tanta
647 455 870 506 celeritate
902 453 1115 507 perfertur
1144 453 1188 493 in
1219 453 1397 505 regiam,
1429 456 1476 493 ut
1497 466 1555 492 ex
1578 465 1632 493 ea

234 526 415 578 sanguis
438 525 632 566 destillet
657 523 701 563 in
734 521 894 570 focum,
925 518 1249 574 participandae
1271 521 1332 561 rei
1356 520 1518 561 divinae
1540 533 1634 572 gra-

234 593 325 635 tia:
347 607 476 647 quern
499 593 655 633 hostiae
677 592 776 632 loco
798 589 975 644 quidam
999 588 1137 630 Marti
1156 588 1320 630 bellico
1343 589 1441 629 Deo
1463 588 1629 629 sacrari

237 661 408 711 dicunt,
440 674 543 711 non,
566 663 615 700 ut
645 660 803 711 vulgus
835 662 975 712 putat,
1006 658 1112 712 quia
1140 657 1259 698 velut
1288 656 1557 710 supplicium
1581 655 1635 696 de

237 742 290 769 eo
327 733 538 778 sumatur,
568 727 685 781 quod
720 726 915 779 Romani
943 725 1030 768 Ilio
1057 731 1160 766 sunt
1179 724 1364 775 oriundi,
1387 728 1429 765 et
1448 723 1634 777 Trojani

237 797 303 838 ita
333 797 473 850 effigie
504 797 547 837 in
578 796 709 850 equir
739 795 828 836 sint
855 794 990 848 capti.
1051 793 1212 835 Multis
1246 797 1394 834 autem
1429 793 1636 845 gentibus

237 878 395 918 equum
416 866 659 906 hostiarum
679 877 864 905 numero
898 863 1066 913 haberi,
1100 862 1354 903 testimonio
1375 866 1478 902 sunt
1500 860 1637 901 Laee-

239 933 461 983 daemonii,
493 933 569 988 qui
590 934 635 974 in
657 938 805 975 monte
827 932 1028 986 Taygeto
1049 944 1208 985 equum
1232 931 1373 972 ventis
1395 928 1638 977 immolant,

237 1001 490 1055 ibidemque
523 1001 709 1049 adolent,
741 1006 790 1041 ut
825 1014 972 1041 eorum
1006 999 1114 1041 flatu
1151 999 1260 1039 cinis
1295 998 1392 1052 ejus
1426 1010 1501 1051 per
1537 995 1637 1037 finis

239 1083 372 1123 quam
393 1070 608 1110 latissime
627 1067 899 1117 deferatur,¹⁶
920 1071 964 1109 et
985 1066 1230 1116 Sallentini,
1248 1066 1367 1120 apud
1386 1077 1499 1119 quos
1521 1076 1639 1104 men-

240 1150 363 1177 zanae
380 1139 410 1167 ¹⁷
426 1142 437 1159 ⁵
464 1136 571 1178 Jovi
602 1137 775 1178 dicatus
796 1137 925 1177 vivus
948 1134 1182 1188 conjicitur
1202 1134 1247 1174 in
1269 1134 1427 1186 ignem,
1450 1138 1495 1173 et
1516 1131 1642 1173 Rho-

241 1205 317 1254 dii,
349 1205 425 1258 qui
458 1206 692 1259 quotannis
723 1204 984 1259 quadrigast
1014 1203 1100 1244 soli
1136 1206 1412 1244 consecratas
1446 1203 1490 1242 in
1521 1212 1643 1241 mare

235 1273 420 1326 jaciunt,
443 1273 562 1326 quod
580 1273 619 1314 is
640 1273 717 1314 tali
739 1272 954 1313 curriculo
974 1271 1109 1312 fertur
1132 1271 1397 1312 circumvehi
1416 1269 1642 1310 mundum.

795 1370 854 1382 m
858 1369 1017 1381 eeeeeee

230 1428 269 1455 15
293 1425 374 1455 Vet.
391 1424 467 1456 cod.
480 1425 592 1464 quoda.
631 1426 692 1455 Vir
708 1424 800 1455 doct.
820 1424 851 1454 in
867 1433 973 1463 marg.
988 1423 1042 1454 ed.
1054 1424 1144 1454 Scal.
1162 1423 1252 1463 conj.
1269 1423 1443 1454 coam—16
1468 1422 1548 1453 Vet.
1565 1419 1643 1453 cod.

186 1468 452 1509 diffloratam—17
479 1468 630 1508 Scaliger
643 1468 836 1509 suspicatur
849 1467 1030 1507 legendum
1048 1467 1138 1497 Meni
1150 1467 1250 1497 Ζαηα.

845 1562 877 1594 N
884 1562 988 1594 OTAE

187 1628 221 1658 m'
236 1628 335 1663 Ζαηα,
359 1637 419 1668 pro
433 1628 619 1659 Mensam.-
643 1629 705 1659 hoc
730 1632 794 1668 est,
820 1626 891 1665 μηνὶ

187 1681 279 1710 Zaira.
307 1678 367 1710 ἀπὸ
385 1679 442 1709 τοῦ
466 1678 572 1715 Ζηνός.
596 1685 633 1710 ut
662 1689 776 1710 meuse
796 1678 892 1711 „Iovis

189 1730 389 1771 cognomine
405 1729 483 1761 Jovi
508 1729 616 1761 hostia
640 1730 889 1761 immolaretur:

190 1784 243 1814 vel
276 1783 388 1822 potius
419 1783 518 1813 Ζανᾶς
548 1782 638 1823 apud
672 1783 761 1821 illos,
793 1792 891 1822 quem

191 1834 248 1864 alii
266 1833 375 1864 Dor-es
392 1833 486 1863 Ζᾶνα.
533 1833 658 1863 Mirum
679 1839 793 1864 autem
812 1834 893 1864 Plu·

190 1883 398 1922 tarcliun1‚in
411 1883 607 1914 Romanicis
622 1884 893 1924 Quaestionibus,

189 1934 309 1966 Idibus
324 1933 545 1965 Decembrib.
556 1944 620 1966 non
636 1935 818 1966 Octobrib.
832 1938 891 1966 im-

191 1985 309 2016 molari
328 1985 464 2016 solitum
481 1985 575 2016 illum
604 1996 729 2028 equum
753 1986 891 2018 dixisse.

191 2038 261 2068 Jos.
276 2036 359 2067 Scal.

238 2087 373 2118 October
395 2087 504 2128 equus]
535 2087 626 2120 Quia
647 2098 762 2120 mense
788 2089 893 2120 Octo-

191 2138 243 2169 bri
278 2148 339 2178 per
369 2147 492 2178 equum
524 2138 628 2178 Troja
659 2146 773 2179 capta.
827 2140 895 2171 Alii

194 2199 259 2219 non
304 2188 495 2229 quotannis,
511 2189 569 2219 sed
601 2189 720 2229 quinto
762 2200 896 2231 quoque

195 2249 283 2270 anuo
302 2239 466 2271 immolari
482 2239 617 2270 solitum
636 2240 764 2272 dicunt.
813 2241 898 2272 Pro-

195 2296 285 2328 pert.
315 2291 374 2321 lib.
402 2299 453 2320 lv.
501 2290 648 2322 ‘Qualia
680 2300 767 2322 nunc
802 2297 900 2322 curto

195 2341 301 2371 lustra
319 2347 486 2372 novantur
501 2340 613 2381 equo!
645 2342 767 2383 Neque
782 2343 901 2373 Idibus

197 2390 417 2429 Octobribus,
433 2390 491 2420 sed
512 2390 632 2421 Idibus
655 2392 901 2423 Decembribus

196 2444 336 2470 auctore
355 2440 553 2471 Plutarcho.
578 2441 659 2472 Dae.

231 2493 246 2513 Ρ
270 2488 502 2520 Suburanenses
519 2494 549 2521 et
571 2490 807 2533 sacravienses]
833 2493 900 2525 Qui

198 2539 409 2570 Suburanam
428 2546 461 2571 et
484 2541 621 2571 Sacram
641 2543 725 2573 viam
741 2543 902 2575 incolunt.

200 2591 303 2622 Idem.

245 2646 259 2667 ‘²
283 2639 487 2680 Ejusdemque
514 2642 626 2683 cauda]
669 2643 755 2675 Qua:
790 2644 906 2675 Cat-iar

948 1626 1086 1667 proprie
1113 1626 1305 1658 dicebatur.
1349 1624 1439 1656 Vide
1463 1623 1647 1656 ‘Caviares

948 1677 1092 1709 hostiam!
1138 1677 1204 1708 Ubi
1222 1677 1340 1718 quinto
1357 1684 1490 1716 quoqne
1507 1684 1595 1705 anno
1614 1675 1649 1705 iu

947 1727 1114 1759 sacrificio
1131 1728 1273 1768 positam
1289 1727 1371 1757 dicit
1392 1726 1525 1757 Festus.
1551 1725 1649 1756 Idem.

989 1784 1000 1799 ¹
1024 1779 1077 1810 lta
1092 1778 1193 1820 effigie
1205 1778 1237 1809 in
1250 1777 1336 1818 equi]
1353 1777 1434 1815 Pro,
1447 1776 1493 1807 ita
1509 1775 1539 1805 in
1550 1776 1650 1817 effigie

948 1832 1028 1870 equi.
1077 1831 1162 1861 Nam
1179 1830 1326 1861 Veteres
1344 1836 1435 1868 saepe
1453 1832 1651 1867 transpone-

948 1881 1028 1913 bant
1047 1891 1160 1912 voces.
1188 1881 1283 1911 Idem.

991 1939 1001 1953 ⁵
1025 1932 1205 1972 Menzanae]
1232 1931 1398 1961 Menzana
1413 1940 1487 1971 quae
1499 1929 1543 1961 sit
1560 1927 1651 1969 apud

948 1985 1154 2015 Sallentinos
1198 1982 1417 2024 quarendum
1456 1986 1519 2013 est.
1572 1981 1651 2011 Ant.

945 2036 1032 2075 Aug.
1441 2063 1443 2065 .

991 2087 1084 2126 Apud
1107 2096 1181 2126 qnos
1196 2085 1358 2115 Menzanoe
1374 2081 1464 2122 ἀοι-ι’]
1499 2080 1592 2114 Quid
1610 2080 1654 2111 sit

950 2139 1106 2169 IlIenzana
1127 2135 1218 2176 apud
1250 2134 1469 2170 Sallentinos,
1500 2133 1654 2172 ignotum

952 2194 1015 2219 est.
1047 2186 1204 2225 Scaliger
1222 2185 1305 2225 legit
1322 2183 1411 2214 Meni
1430 2183 1529 2214 Ζιιηα.
1575 2183 1653 2214 Hoc

954 2242 1006 2269 est
1020 2236 1090 2275 μηνὶ
1106 2237 1199 2274 Ζανᾶ,
1216 2245 1276 2276 pro
1292 2234 1400 2272 Ζηνὸς,
1415 2240 1450 2265 ut
1466 2243 1581 2265 meuse
1594 2233 1654 2266 Jo-

955 2289 1004 2319 vis
1037 2287 1237 2328 cognomine
1267 2286 1345 2318 Jovi
1372 2285 1479 2315 hostia
1505 2285 1654 2315 immola-

956 2345 1071 2371 retur:
1103 2340 1153 2369 vel
1183 2338 1295 2377 'tritius
1325 2337 1422 2368 Ζανῖις
1446 2336 1536 2376 apud
1565 2337 1655 2375 illos,

959 2401 1061 2432 quem
1080 2391 1135 2421 alii
1154 2391 1267 2421 Dores
1285 2389 1377 2418 Ζῖὶνα.
1401 2388 1484 2418 Dae.

999 2443 1008 2461 ⁸
1034 2442 1097 2477 Qui
1112 2440 1275 2481 quotannis
1285 2437 1469 2480 quadrigas]
1491 2437 1546 2469 Sic
1561 2437 1593 2468 in
1612 2437 1655 2468 ll-

956 2493 1063 2534 lyrico
1081 2498 1263 2533 quaneruos
1281 2500 1383 2530 equos
1399 2490 1562 2528 Neptuno
1577 2497 1656 2518 cou-

956 2548 1107 2574 secratos
1135 2545 1166 2573 in
1191 2550 1282 2571 mare
1299 2549 1386 2570 nono
1413 2548 1545 2579 quoque
1569 2547 1657 2569 anno

954 2595 1145 2636 jaciebant.
1180 2592 1267 2623 Vide
1283 2592 1292 2608 ⁴
1308 2588 1477 2632 Hippius.'
1503 2589 1601 2620 Idem.
