1835 2906
211 125 295 165 412).

659 134 808 165 SEXTI
844 133 1045 165 POMPEII
1081 134 1219 165 FESTI

213 229 408 282 Mergaey
437 229 631 279 furculae,
653 231 811 283 quibus
843 231 985 271 acervi
1014 230 1187 283 frugum
1207 229 1347 282 fiunt3
1379 230 1512 272 dictae
1535 244 1560 271 a
1580 245 1654 272 vo-

268 297 464 337 lucribus
495 297 676 349 mergis:
708 298 812 350 quia
831 302 878 337 ut
909 298 972 337 illi
994 309 1040 336 se
1072 297 1114 336 in
1137 310 1300 350 aquam
1320 301 1530 350 mergunt,
1554 298 1653 338 dum

268 364 417 416 pisces
447 372 781 418 persequuntur,
806 365 870 405 sic
891 377 1108 405 messores
1141 377 1218 405 eas
1248 365 1291 405 in
1322 364 1465 418 fruges
1489 365 1654 406 demer-

269 434 387 483 gunt,
408 436 454 473 ut
468 432 638 473 elevare
657 433 830 486 possint
851 432 1115 486 manipulos.

212 498 473 541 Meritavere
492 498 693 554 (idem)¹0
724 499 836 540 Cato
857 500 936 550 ait,
958 513 1037 554 pro
1059 511 1269 540 meruere.

212 564 507 617 Mer-icaveref
537 580 661 621 saepe
682 580 871 608 meruere
902 567 1001 608 dicit
1026 566 1129 607 Cato
1150 567 1193 607 in
1213 564 1461 607 Poenorum
1491 566 1654 619 [Fsss‘r.

270 645 338 676 IV.
389 633 570 690 Suffites
585 640 889 675 θυοεαυενιιηῖΠ
923 636 1059 676 statim
1082 635 1216 675 omnis
1236 634 1455 684 cohortes,
1478 633 1655 685 [PAUL.

269 702 410 742 omnis
432 702 564 751 eciam,
588 701 657 756 qui
678 700 878 755 stipendia
901 702 1219 744 meritaverunt.

212 768 374 810 Mertat
389 774 404 790 ³
433 782 513 822 pro
535 774 698 810 mersat
718 770 940 811 dicebant.

213 835 414 878 Merumb
446 837 615 890 antiqui
639 837 843 878 dicebant
864 838 1030 878 solum:
1062 838 1175 878 unde
1198 843 1243 878 et
1274 838 1370 878 avis
1390 837 1557 878 merula
1579 849 1654 876 no-

267 917 367 944 men
399 905 602 958 accepit:
641 905 759 958 quod
792 906 992 959 solivaga
1022 912 1103 955 est,
1133 910 1177 947 et
1204 906 1400 947 solitaria
1435 905 1658 959 pascitur:

270 976 317 1012 at
336 984 451 1013 nunc
472 985 650 1021 merum,
673 985 825 1026 purum
847 973 1138 1027 appellamus.

214 1038 371 1081 Meson
388 1044 446 1063 ¹2⁶
476 1053 662 1094 persona
684 1041 856 1081 comica
880 1041 1143 1094 appellatur,
1165 1045 1240 1082 aut
1262 1041 1376 1090 coci,
1399 1044 1474 1081 aut
1496 1038 1657 1089 [FEsT.

813 1171 1051 1183 ‘toene‘eeaeo

257 1263 296 1291 10
319 1261 556 1301 Rejiciendum
590 1266 642 1292 est
669 1264 760 1299 idem,
786 1266 913 1293 mouet.
934 1262 1118 1293 Sca1.1icet
1134 1261 1166 1291 in
1185 1259 1338 1290 omnibus
1362 1258 1455 1289 libris
1473 1260 1658 1297 repertum.

211 1306 293 1333 —ll
320 1303 381 1335 Ed.
394 1304 482 1335 Scal.
498 1306 701 1338 evocat-erint.
734 1305 822 1337 Vide
838 1305 1046 1336 Notas.——l2
1069 1303 1292 1335 Scribendum
1315 1306 1454 1333 monent
1469 1300 1555 1331 Scal.
1571 1300 1659 1331 Dae.

212 1356 274 1386 per
287 1345 531 1388 diphthongum
549 1348 680 1379 Moeson.

864 1422 1010 1454 NOTAE

215 1486 371 1516 tavimus.
396 1487 463 1517 Jos.
481 1487 564 1518 Scal.

256 1537 453 1578 Merendam]
467 1538 631 1577 Merenda,
645 1542 679 1568 ut
691 1538 820 1569 notavit
833 1538 910 1568 Sca·

212 1587 298 1627 liger
323 1588 356 1617 in
380 1589 621 1629 conjectaneis,
652 1587 746 1619 cibus
774 1588 828 1627 iis,
852 1587 908 1628 qui

213 1637 389 1670 merebant
420 1648 500 1679 a‘re,
529 1640 561 1670 id
595 1644 658 1677 est,
687 1639 908 1670 Mercenariis

212 1688 309 1719 datus
326 1699 345 1720 a
362 1689 506 1720 Domino
532 1699 589 1720 seu
614 1688 832 1728 conductore,
854 1699 909 1719 an·

212 1745 348 1780 tequam
362 1740 479 1771 labore
490 1741 720 1771 mitteremur.
746 1740 907 1780 Calpurn.

213 1795 321 1821 ‘serae
349 1800 424 1821 cum
450 1792 580 1822 venerit
607 1791 688 1821 hora
716 1790 908 1821 merendae.’

213 1840 413 1871 Merendam
442 1847 556 1872 tamen
583 1842 684 1880 idem,
704 1841 793 1881 quod
810 1850 908 1881 pran-

214 1889 306 1921 dium
319 1889 434 1927 fuisse,
451 1896 565 1921 mouet
581 1891 632 1921 hic
650 1891 781 1921 Festus.
795 1891 909 1922 Quare

213 1939 393 1972 dicendum
403 1946 455 1972 est
469 1941 587 1981 priscis
598 1941 820 1981 temporibus,
830 1951 910 1971 nou-

213 1990 291 2021 dum
310 1991 448 2022 inducto
473 1992 600 2031 prandii
621 1991 767 2030 nomine,
794 2000 909 2021 meren·

213 2043 283 2072 dam
311 2051 371 2082 pro
399 2042 538 2082 prandio
560 2041 676 2080 fuisse,
696 2046 812 2081 postea
829 2050 909 2071 vero

214 2102 275 2131 pro
292 2092 381 2132 cibo,
395 2093 450 2133 qui
467 2098 542 2131 post
560 2091 734 2121 meridiem
752 2090 909 2125 dabatur,

215 2147 253 2172 ut
269 2142 359 2182 apud
377 2152 435 2172 nos
452 2142 619 2181 hodieque
632 2141 682 2171 fit.
707 2141 787 2171 Dae.

258 2199 269 2218 y
294 2191 432 2231 Mergoe]
446 2192 562 2222 Piaut.
579 2191 713 2221 Poenul.
729 2200 763 2221 v.
780 2194 811 2221 2.
825 2191 834 2206 ‘
846 2190 910 2220 Pa—

214 2242 263 2272 las
281 2241 476 2272 vendundas
494 2241 557 2272 sibi
582 2241 628 2271 ait
651 2245 686 2271 et
704 2249 836 2280 mergas
851 2240 908 2270 da-

214 2298 279 2333 tas,
295 2293 343 2323 Ut
366 2294 499 2324 hortum
526 2291 635 2323 fodiat
661 2296 764 2332 atque
788 2295 824 2321 ut
841 2290 909 2322 fru-

213 2348 363 2374 mentum
381 2344 507 2374 metat.’
530 2342 628 2374 Idem.

258 2397 269 2411 ⁷¹
291 2392 497 2432 Merilavere]
530 2392 667 2423 Catonis
683 2392 787 2423 verba
804 2393 911 2423 relata

216 2451 235 2472 a
250 2441 352 2472 Festo
369 2453 435 2473 non
448 2443 664 2484 assequimur.
686 2442 765 2474 Ant.
783 2443 869 2481 Aug.

257 2491 463 2532 DIeritavere]
475 2493 484 2510 ‘
501 2493 722 2532 Merstavere,
739 2502 831 2533 saepe
844 2502 911 2524 ure-

217 2540 376 2571 ruerunt'
409 2542 493 2573 Cato
523 2542 623 2581 dixit,
652 2543 834 2573 Poenorum
864 2552 912 2575 xv.

218 2596 227 2607 ⁴
242 2588 391 2621 Suffetes
422 2597 567 2622 evocant
603 2593 709 2623 omnis
743 2593 910 2632 cohortes,

219 2640 338 2681 omnis,
369 2640 426 2681 qui
452 2641 621 2681 stipendia
644 2643 911 2675 meritavcrunt.'

963 1486 1018 1517 Ita
1034 1487 1112 1517 mihi
1129 1486 1247 1516 videor
1264 1485 1441 1524 scripturae
1466 1483 1559 1514 Festi
1585 1491 1659 1512 ves-

963 1536 1045 1577 tigia
1062 1536 1209 1567 odorari.
1233 1536 1302 1566 Jos.
1319 1535 1404 1566 Scal.

1008 1587 1207 1625 Meriturere,
1222 1585 1316 1625 saepe]
1330 1583 1594 1615 Rescribendum
1608 1587 1661 1614 est

963 1639 1195 1671 meritarerunt,
1222 1646 1301 1676 soepe
1330 1638 1517 1666 meruerunt.
1547 1635 1595 1665 Ut
1617 1643 1660 1665 ex

965 1689 1076 1720 verbis
1103 1688 1242 1719 Catonis
1271 1685 1486 1717 manifestum
1513 1689 1577 1716 est.
1620 1684 1660 1715 In

965 1739 1004 1770 iis
1020 1739 1117 1770 omnis
1144 1747 1204 1778 pro
1227 1747 1329 1768 omnes
1353 1737 1404 1767 vel
1428 1736 1554 1775 omneis,
1576 1735 1662 1766 anti—

966 1800 1041 1831 que.
1088 1787 1336 1819 vide‘suffes.’
1367 1788 1447 1818 Dae.

1008 1846 1021 1860 ³
1038 1839 1175 1879 Met-eat]
1190 1840 1257 1870 Pro
1271 1841 1395 1875 mersat,
1408 1849 1423 1868 s
1441 1842 1569 1868 mutato
1588 1837 1618 1867 in
1635 1840 1662 1874 t,

966 1891 1163 1923 Graecorum
1190 1899 1294 1920 more.
1341 1889 1480 1928 Legitur
1507 1893 1540 1918 et
1571 1887 1661 1928 apud

967 1941 1115 1972 Nonium
1133 1943 1293 1977 merturet,
1318 1939 1376 1968 scd
1399 1948 1459 1978 pro
1480 1938 1661 1968 meritaret:

965 1991 1007 2022 de
1024 1992 1087 2022 hoc
1103 1991 1181 2021 oiim
1195 1989 1282 2030 apud
1300 1990 1407 2027 illum,
1426 1989 1501 2019 Deo
1514 1988 1663 2018 favente.

966 2042 1064 2072 Idem.

1007 2092 1020 2112 ¹¹
1044 2090 1184 2130 Merum]
1208 2090 1247 2121 Id
1273 2095 1335 2125 est,
1359 2089 1477 2119 solum.
1523 2088 1662 2118 Terent.

963 2143 1085 2182 ‘Spem
1110 2140 1262 2171 meram.'
1303 2140 1347 2170 Et
1365 2140 1471 2169 Varro
1492 2138 1523 2168 in
1543 2138 1661 2178 Sesqui

967 2193 1089 2232 Ulysse
1117 2196 1261 2221 ‘meram
1285 2188 1457 2220 muricum?
1502 2188 1610 2218 Immo
1627 2192 1663 2217 et

967 2242 1055 2283 quod
1088 2251 1176 2272 nunc
1207 2240 1347 2273 dicimus
1373 2249 1497 2279 purum,
1522 2238 1555 2268 id
1582 2237 1662 2268 nihii

965 2293 1056 2323 aliud
1074 2297 1138 2331 est,
1158 2301 1254 2332 quam
1269 2292 1377 2329 solum,
1394 2295 1431 2320 ut
1449 2289 1459 2305 ζ
1475 2289 1584 2319 vinum
1602 2297 1663 2328 pu-

965 2346 1061 2381 rum,‘
1082 2342 1170 2383 quod
1187 2342 1292 2372 solnm
1310 2346 1372 2380 cst,
1388 2350 1450 2371 nec
1469 2349 1586 2380 aquam
1604 2339 1661 2369 ha-

964 2394 1024 2424 bet
1052 2393 1249 2423 admixtam.
1296 2391 1325 2422 A
1351 2400 1433 2421 mero
1459 2395 1511 2420 est
1536 2390 1662 2427 merula,

965 2444 1070 2483 merle,
1086 2442 1173 2483 quod
1190 2442 1260 2472 sola
1279 2445 1430 2481 vagatur.
1477 2439 1584 2468 Varro
1601 2437 1659 2468 lib.

967 2503 1019 2525 lv.
1033 2500 1041 2512 ‘
1056 2494 1204 2531 Merula,
1226 2491 1315 2533 quod
1332 2500 1434 2529 mera,
1452 2489 1485 2520 id
1503 2493 1567 2528 est,
1579 2488 1659 2523 sola,

967 2543 1107 2574 volitat!
1138 2543 1235 2573 Idem.

1009 2599 1021 2614 c,
1046 2594 1170 2633 illeson]
1222 2588 1439 2622 scribendum
1470 2597 1530 2627 per
1567 2588 1661 2628 dipli-

967 2646 1126 2685 thongum
1165 2643 1297 2674 Moeson.
1347 2640 1431 2672 Qua*
1464 2638 1526 2669 huc
1559 2638 1661 2678 peru-
