1835 2906
376 155 438 185 DE
473 153 746 184 VERBORUM
782 151 1196 183 SIGNIFICA'I'IONE
1233 156 1328 185 LIB-
1360 157 1432 187 XI.

1548 149 1631 190 417

186 248 363 290 Milium
381 257 397 279 ¹'
418 250 597 303 quidam
619 253 775 304 putant
796 248 968 302 cepisse
989 261 1142 289 nomen
1162 262 1188 289 a
1211 252 1404 293 maxima
1435 266 1633 295 nummo-

243 330 337 357 rum
359 329 547 366 summa,
570 331 670 371 quae
692 320 759 358 est
783 316 914 357 mille.
931 315 1046 368 quod
1068 315 1141 356 alii
1162 317 1334 360 Graecae
1353 322 1500 375 stirpis
1514 322 1632 376 Judi-

243 388 345 425 cant
359 396 472 433 esse,
492 398 589 426 cum
612 385 655 425 id
677 385 740 426 illi
769 382 933 438 κέγχρον
954 387 1122 435 vocent,
1151 388 1239 425 tam
1263 386 1428 429 Hercu·
1467 390 1632 443 [FEsT.

239 451 320 500 les,
342 464 472 504 quam
489 453 697 505 panicum
718 449 878 504 μελίνην.

187 517 345 559 Millus
362 524 377 547 ‘³
400 520 560 560 collare
580 533 734 560 canum
757 518 1076 567 venaticorum,
1096 518 1262 559 sactum
1283 532 1337 560 ex
1373 525 1508 573 corio,
1532 538 1634 566 con-

206 574 207 577 *
243 586 466 640 fixumque
497 587 636 628 clavis
668 586 817 627 ferreis
859 586 1161 626 eminentibus
1191 586 1402 629 adversus
1452 592 1634 643 [PAUL.

242 654 452 707 impetum
493 655 708 707 luporum.
767 653 916 706 Scipio
967 654 1235 695 AEmilianus
1287 656 1344 696 ad
1385 659 1634 711 populum:

244 720 401 770 Vobis,
432 721 588 775 inquit,
619 722 768 775 reique
808 722 998 775 publicae
1033 722 1246 775 praesidio
1296 724 1416 766 eritis
1434 730 1470 748 ²0
1509 727 1635 779 quasi

242 788 389 828 millus
411 790 526 829 cani.

190 856 382 897 Miluina
396 862 408 877 ¹‘
428 869 566 909 genus
586 856 707 898 tibiae
730 857 970 898 acutissimi
993 859 1104 899 soni.

792 987 932 999 ttttttt

936 986 1034 999 ‘‘‘‘‘

232 1077 272 1105 20
290 1075 384 1105 Fulv.
402 1075 514 1106 Ursin.
533 1075 617 1106 Dae.
631 1083 672 1106 ex
692 1074 828 1106 vet.lib.
846 1076 974 1115 legunt,
994 1078 1103 1117 Nobis,
1119 1079 1233 1118 inquit,
1247 1080 1351 1120 reique
1364 1081 1511 1120 praesidio
1526 1083 1584 1113 erit
1601 1083 1639 1112 is„

848 1195 987 1226 NOTAE

190 1268 213 1288 ι.
231 1258 272 1288 (le
297 1258 458 1289 Romulo:
482 1257 591 1288 ‘mille
610 1261 813 1298 pugnatores
830 1257 888 1288 de·

188 1307 282 1347 legit,
300 1318 317 1347 q
326 1317 383 1337 uos
401 1317 418 1337 a
435 1317 574 1338 numero
591 1308 716 1338 milites
737 1308 887 1348 appella-

189 1358 258 1388 vit.¹
304 1358 369 1388 Sed
387 1357 501 1388 milites
528 1358 619 1397 prius
643 1359 766 1388 meriles
790 1357 887 1398 dicti,

187 1411 306 1451 postea
334 1408 465 1446 melz‘les,
489 1408 615 1447 milites,
638 1408 727 1439 unde
751 1414 784 1439 et
807 1418 886 1439 con-

188 1463 299 1489 tracto
311 1458 444 1488 nomine
460 1458 559 1488 iidem
572 1457 655 1489 dicti
666 1459 795 1498 metelli,
807 1469 887 1499 qua-

188 1508 215 1538 si
245 1509 401 1539 meritelli.
446 1509 628 1539 Eruditiss.
657 1509 767 1549 AEgid.
813 1510 888 1539 Me·

186 1559 304 1598 nagius
332 1560 417 1590 miles
440 1559 488 1590 ait
506 1569 579 1590 esse
604 1569 622 1589 a
645 1559 769 1590 Graeco
784 1559 889 1599 μῖλαξ,

188 1609 222 1639 id
240 1614 302 1647 est,
320 1610 505 1650 popularis.
549 1610 634 1642 Quae
657 1619 722 1640 vox
747 1616 782 1640 et
802 1611 886 1640 mili-

189 1664 257 1689 tem
274 1659 441 1699 siguificat
458 1665 491 1690 et
507 1669 582 1690 euin
598 1660 652 1700 qui
666 1665 719 1691 est
735 1661 886 1700 ejusdem

190 1710 320 1749 populi,
344 1715 382 1741 ut
404 1711 535 1741 Graecis
560 1712 694 1750 πρυλεΐς.
738 1711 838 1742 Unde
855 1712 887 1742 in

191 1760 362 1790 veteribus
389 1760 540 1791 Glossis:
567 1762 888 1802 ιροριιΙτιιᾚΞ,στραι-

190 1808 320 1840 τιῶται.’
352 1811 404 1840 ΕΧ
421 1809 514 1849 μῖλαξ
531 1809 656 1842 factum
673 1811 828 1850 milex,'ut
843 1822 889 1842 so-

190 1869 248 1890 rex
269 1868 310 1890 ex
337 1858 421 1899 ῧραξ,
446 1866 480 1891 ut
501 1862 605 1900 pellex
628 1872 668 1892 ex
695 1860 832 1902 πάλλαξ,
857 1868 892 1894 et

190 1909 316 1940 deinde
332 1920 374 1940 ex
390 1911 487 1942 milex
502 1911 630 1943 factum
642 1913 739 1948 miles,
754 1916 770 1952 ξ
784 1918 891 1944 muta-

190 1963 226 1989 10
253 1958 287 1989 in
313 1960 349 1996 S,
375 1964 411 1991 ut
433 1961 537 1992 trabes
560 1971 601 1992 ex
623 1961 753 2003 τράφαξ,
767 1964 831 1994 dies
847 1973 890 1994 ex

191 2007 269 2048 δίαξ,
285 2011 350 2040 &c.
376 2011 472 2043 Idem.

235 2065 250 2085 1¹
274 2061 420 2102 Milium]
446 2063 565 2094 Varro.
590 2063 648 2094 lib.
671 2073 720 2095 1v.
742 2064 889 2095 ‘milium

191 2120 210 2141 a
227 2111 372 2143 Graeco:
398 2123 472 2143 nam
491 2113 522 2143 id
541 2115 633 2153 prius
653 2114 739 2152 μίλιν
755 2124 815 2154 pro
838 2114 889 2153 με’-

192 2160 258 2191 διν.’
303 2161 370 2192 Ubi
398 2162 574 2194 Turnebus
594 2165 759 2204 rescribit,
780 2164 890 2203 μελίνη

190 2215 259 2250 post
288 2210 403 2248 μεδῖνη.
455 2214 581 2244 Verum
612 2213 723 2252 μελίνη
752 2216 890 2255 proprie

194 2262 363 2300 panicum,
395 2263 484 2303 quod
520 2274 539 2294 a
566 2265 657 2295 milio
694 2265 888 2296 diversum:

193 2320 297 2352 quare
322 2313 519 2354 neutiquam
536 2315 577 2345 ab
600 2325 641 2346 eo
659 2319 772 2355 potest
790 2316 892 2356 origi-

194 2370 270 2391 nem
302 2371 427 2402 capere
454 2364 594 2405 milium,
620 2366 684 2396 nisi
707 2367 740 2396 id
763 2366 892 2397 factum

195 2412 290 2443 dicas
305 2417 447 2453 propter
459 2416 626 2455 quandam
639 2417 893 2448 similitudinem

195 2463 371 2504 utriusque
393 2465 580 2504 leguminis.
610 2467 697 2498 Nam
713 2467 855 2508 μελίνην,
871 2469 893 2500 i.

197 2514 365 2552 panicum,
396 2514 535 2546 similem
574 2515 711 2558 κέγχρῳ,
744 2519 765 2549 i.
788 2519 895 2557 milio,

195 2562 337 2594 tradunt
354 2564 504 2605 Hesych.
519 2566 708 2600 Dioscorid.
724 2568 845 2600 Galen.
861 2573 896 2599 et

199 2613 265 2643 alii.
312 2613 466 2646 Alterum
495 2620 632 2656 etymon
664 2628 684 2649 a
708 2619 894 2650 millenario

200 2672 352 2702 numero,
367 2674 502 2704 prorsus
520 2667 710 2700 ridiculum.
734 2669 832 2701 [dem.

243 2719 258 2739 ’ἱ
284 2715 409 2754 Millus]
434 2717 472 2748 ln
491 2720 643 2751 oratione
661 2720 829 2753 AEmiliani
848 2722 894 2752 ita

285 2768 442 2809 Del1›lz.et
463 2771 537 2804 ναν,
554 2774 637 2805 (Ιίιις,

816 2776 925 2815 Pomp.
946 2776 1032 2807 Fesl.

942 1259 1122 1299 legendum
1149 1270 1190 1290 cx
1214 1261 1250 1292 L.
1276 1270 1320 1291 m.
1345 1262 1445 1292 Nobis
1462 1263 1561 1303 inquil
1579 1264 1639 1293 νει)

941 1319 997 1349 que
1011 1311 1171 1350 proesz'dz'O.
1217 1312 1345 1342 Ennius
1366 1313 1455 1352 apud
1475 1313 1637 1344 Nonium:

941 1362 950 1377 ‘
963 1362 1011 1391 Ea
1023 1361 1080 1401 mi,
1093 1362 1178 1401 reip.
1190 1362 1269 1393 fidei
1287 1363 1414 1403 regn0‚'
1427 1365 1490 1394 ἃς.
1506 1363 1594 1394 Vide
1608 1364 1640 1394 in

941 1411 1092 1442 dictione
1116 1417 1123 1428 ‘
1142 1413 1377 1445 For-lunatim!
1403 1414 1470 1445 Ful.
1493 1414 1600 1445 Ursin.

986 1462 1112 1502 Minus]
1135 1463 1245 1494 Varro
1271 1469 1369 1495 vocat
1384 1465 1509 1496 melium
1524 1465 1583 1496 lib.
1600 1474 1640 1496 11.

943 1513 985 1543 de
1003 1514 1052 1543 Re
1080 1513 1182 1544 Rust.
1206 1514 1214 1530 ‘
1228 1515 1281 1545 Ne
1299 1516 1518 1546 vulnerentur
1535 1525 1554 1546 a
1569 1515 1642 1546 bes-

944 1563 997 1593 tiis
1016 1563 1235 1602 imponuntur
1255 1565 1304 1595 liis
1321 1565 1471 1603 collaria,
1493 1575 1568 1606 quae
1584 1574 1641 1596 vo-

944 1618 1066 1644 cantur
1083 1614 1232 1653 melium,
1249 1615 1280 1645 id
1303 1620 1366 1654 est,
1380 1616 1562 1656 cingulum,
1578 1616 1642 1647 cir-

944 1672 1018 1694 cum
1035 1664 1171 1703 collum,
1188 1673 1229 1695 ex
1247 1665 1338 1696 corio
1355 1664 1451 1697 firmo
1475 1675 1550 1697 cum
1576 1666 1642 1697 cla-

945 1714 1031 1744 vulis
1062 1715 1234 1754 capitatis,
1267 1725 1342 1754 quae
1379 1716 1469 1747 intra
1503 1717 1620 1756 capita
1637 1715 1644 1726 ’

943 1765 1034 1805 (lege
1051 1766 1137 1805 queis
1153 1765 1239 1797 intra
1251 1766 1371 1808 capita)
1394 1766 1557 1798 ‘insuitur
1574 1767 1644 1807 pel-

944 1815 985 1845 lis
1011 1816 1120 1846 mollis
1147 1815 1274 1847 duritia
1295 1817 1400 1847 ferri!
1445 1817 1488 1847 Et
1505 1816 1553 1847 ita
1574 1825 1644 1846 me-

947 1865 1009 1895 lius
1026 1866 1091 1896 dici
1109 1870 1205 1905 putat
1219 1867 1393 1907 Scaliger:
1413 1876 1487 1897 nam
1504 1866 1643 1904 μηλωτὴ,

946 1915 1046 1955 pellis
1064 1916 1177 1951 ovilla,
1195 1916 1284 1947 unde
1306 1921 1340 1947 et
1361 1926 1458 1947 omne
1475 1921 1643 1947 scorteum

945 1967 1115 1997 vocabant
1140 1967 1297 2004 melinum,
1320 1972 1357 1998 ut
1376 1967 1466 2008 apud
1483 1968 1645 1998 Plautum

944 2018 1057 2047 melina
1073 2022 1137 2056 est,
1150 2024 1283 2049 scortea
1299 2018 1458 2056 mantica,
1475 2016 1609 2057 Epidic.
1622 2024 1647 2048 1.

948 2069 977 2097 l.
1000 2069 1008 2083 ‘
1024 2067 1093 2098 Aut
1111 2068 1137 2098 si
1160 2068 1193 2098 in
1214 2068 1338 2098 melina
1363 2067 1535 2098 attulisti)
1577 2067 1645 2097 Sed

947 2117 1036 2148 idem
1070 2122 1123 2148 est
1153 2118 1254 2149 millus
1284 2122 1319 2149 et
1350 2118 1485 2157 melium,
1514 2117 1646 2148 dictum

946 2167 1034 2199 enim
1050 2168 1182 2202 melium,
1198 2167 1332 2208 mellum,
1347 2168 1467 2199 millum
1482 2172 1518 2199 et
1532 2168 1647 2204 millars,

947 2223 984 2249 ut
999 2218 1108 2249 collum
1133 2223 1168 2249 et
1194 2219 1299 2250 collus.
1343 2219 1450 2258 Supra
1473 2219 1506 2248 in
1531 2217 1645 2248 verbis

946 2268 1114 2308 Scipionis
1139 2278 1214 2309 quae
1241 2268 1357 2299 laudat
1385 2269 1504 2299 Festus
1530 2268 1645 2308 legen-

947 2319 1026 2349 dum
1045 2329 1086 2350 ex
1103 2319 1159 2349 lib.
1176 2319 1286 2350 Fulvii
1299 2319 1438 2357 Ursini3
1464 2318 1576 2355 Nobis,
1597 2319 1645 2349 in-

947 2370 1026 2409 quit,
1040 2373 1144 2410 reique
1156 2371 1303 2410 praesidio
1315 2371 1375 2401 erit
1389 2371 1429 2402 z's.
1455 2371 1540 2401 Dae.

991 2425 1002 2440 Γ
1024 2421 1179 2461 Milm‘na]
1209 2421 1368 2452 Meminit
1397 2421 1540 2457 Solinus,
1571 2429 1646 2461 cap.

950 2475 1001 2503 10.
1018 2473 1086 2502 Jos.
1100 2472 1183 2502 Scal.

991 2521 1146 2561 Miluina]
1168 2523 1177 2539 ‘
1194 2520 1319 2560 Tibiae,
1344 2530 1419 2562 quae
1435 2521 1605 2561 lugerent,
1627 2530 1647 2552 a

949 2572 1061 2603 miluis
1076 2573 1174 2603 dictae
1197 2572 1356 2612 miluinae,
1377 2581 1450 2612 quae
1476 2572 1510 2602 in
1526 2581 1645 2603 accen-

951 2626 1003 2652 tus
1023 2626 1151 2652 exeunt
1175 2620 1407 2653 acutissimos.'
1449 2622 1553 2652 Solin.
1570 2630 1645 2661 cap.

948 2682 987 2703 11.
1013 2673 1100 2704 Vide
1118 2672 1274 2713 ‘lugere'
1293 2673 1373 2704 Dae.

1485 2775 1560 2805 21)
