1835 2906
242 138 327 179 338

702 151 851 181 SEXTI
887 153 1092 184 POMPEH
1128 155 1264 186 FESTI

298 244 427 284 multi
457 249 502 285 et
524 245 630 286 clari
652 246 735 288 viri
755 250 837 290 orti
859 255 976 300 sunt,
997 254 1040 291 et
1059 264 1138 304 per
1157 253 1321 294 multos
1344 267 1484 296 annos
1506 255 1690 306 fuerunt,

297 311 415 352 unde
444 315 747 366 proverbium:
781 317 915 359 Multi
948 319 1090 360 Manii
1125 319 1328 363 Ariciael‘
1386 322 1580 364 Asinus³
1606 324 1691 365 Ca-

848 426 888 437 00
893 427 1005 439 ὈΜΝ
1009 427 1065 439 ‘0⁴
1069 428 1088 439 θ

281 488 299 516 3
320 485 454 518 Asinius
469 488 525 519 ed.
539 489 630 522 Scal.
649 491 682 522 in
700 492 797 532 cujus
813 502 919 535 marg.
936 494 986 526 vir
1001 495 1136 537 quitiam
1155 495 1247 528 doct.
1269 496 1359 538 conj.
1377 496 1517 529 Sinnius.

891 580 1036 612 NOTAE

235 637 356 668 Dianae
371 640 496 677 posuit.
529 641 657 671 Notum
675 647 728 673 est
744 643 932 676 Nemoren—

233 699 303 721 sem
317 691 462 722 Dianam
476 691 646 724 Aricinam
662 695 727 725 dici
743 707 749 724 :
767 702 801 727 et
817 707 932 739 regem

234 741 480 774 Nemorensem
507 744 579 784 ejus
603 746 831 780 sacerdotem.
863 749 931 781 JoS.

235 792 319 823 AS'CQI.

274 844 420 883 Blattius]
449 845 606 883 Sebeda»,
631 847 759 878 Manius
776 849 891 888 Egeri.
904 872 930 881 ..

231 893 412 924 Memorem.
460 895 554 926 Vett.
578 897 664 928 Edd.
690 899 820 929 Manius
835 901 930 939 AE'ge-

228 945 295 974 rius
313 945 405 976 Nem.
423 948 474 986 8,·c.
522 948 718 985 Legenxtnm
742 951 871 982 Manius
884 951 930 982 A·

225 995 334 1032 gerins
348 997 567 1029 Nemorensem
579 1000 718 1031 Dianam
732 1003 930 1034 consecravit.

228 1046 274 1077 Et
299 1048 343 1077 ita
368 1049 496 1085 optime
520 1050 685 1089 Scaliger.
733 1054 931 1084 Consecravit

227 1104 292 1137 est,
307 1098 510 1139 ἆφιδρύσατο,
522 1102 650 1141 signum
668 1103 788 1134 Dianae
804 1105 928 1144 posuit.

226 1149 355 1180 Notum
383 1157 433 1181 est
463 1153 705 1185 Nemorensem
724 1155 866 1186 Dianam
884 1155 929 1186 A·

226 1199 363 1230 rieinam
381 1201 463 1238 diei,
487 1207 522 1232 et
549 1212 662 1243 regem
681 1205 926 1236 Nemorensem

225 1249 299 1289 ejus
327 1250 561 1283 Sacerdotem.
615 1254 753 1286 Sueton.
783 1256 925 1293 Caligul.

224 1309 301 1339 cap.
317 1304 368 1332 35.
391 1304 399 1318 ‘
414 1302 614 1333 Nemorensi
636 1305 720 1343 regi,
737 1306 825 1345 quod
844 1306 924 1336 mul-

225 1355 277 1379 tos
297 1351 370 1390 jam
396 1361 500 1382 annos
522 1354 694 1392 potiretur
721 1356 924 1394 sacerdotio,

222 1401 420 1432 validiorem
446 1403 676 1435 adversarium
705 1406 923 1437 subornavit?

224 1449 444 1483 Nemorensis
470 1453 592 1484 Dianae.
618 1465 733 1485 nemus
759 1462 794 1486 et
822 1457 921 1488 ritum

222 1500 386 1533 describit
402 1504 516 1535 Strab.
534 1504 590 1535 lib.
609 1514 642 1536 v.
679 1505 784 1546 Cujus
802 1507 923 1545 locum,

222 1555 301 1593 quia
319 1555 404 1585 male
431 1555 472 1585 ab
496 1555 740 1594 interpretibus
759 1562 921 1596 acceptus

221 1609 285 1643 est,
307 1614 370 1644 ego
396 1606 444 1636 sic
463 1610 581 1636 verto:
606 1606 791 1636 ‘Dianium
809 1612 919 1638 autem

220 1654 308 1694 quod
324 1661 447 1686 vocant
464 1666 593 1693 nemus,
617 1657 649 1686 in
668 1657 802 1688 sinistra
821 1664 919 1696 parte

219 1705 280 1735 viae
299 1713 363 1744 est,
381 1715 444 1746 qua
457 1717 498 1737 ex
512 1706 626 1737 Aricia
643 1707 683 1737 ad
703 1706 816 1738 fanum
836 1710 917 1739 Dia-

218 1765 271 1786 nae
304 1757 451 1788 Aricinae
490 1759 739 1789 conscenditur.
797 1759 917 1800 Ibique

218 1806 342 1837 Dianae
357 1807 508 1839 Tauricae
533 1809 665 1847 signum
684 1816 916 1843 consecratum

218 1855 345 1887 ferunt.
393 1857 479 1887 Nam
498 1862 533 1888 et
552 1858 758 1889 Barbaricns
779 1867 813 1891 et
838 1861 918 1901 Scy-

218 1906 328 1936 titicus
346 1916 417 1937 mos
434 1908 523 1947 apud
542 1908 622 1939 illud
641 1908 755 1939 fanum
772 1910 915 1942 obtinet.

217 1955 370 1995 Persnga
396 1958 483 1987 'enim
508 1958 552 1988 ibi
572 1959 790 1990 constituitur
807 1970 916 1991 sacer-

218 2004 291 2042 (109,
306 2007 361 2047 qui
380 2007 593 2038 sacerdotem
613 2009 758 2048 priorem
772 2020 831 2041 sua
848 2016 916 2041 tru-

190 2091 193 2095 Δ
217 2055 383 2087 cidaverit
413 2067 525 2099 manu,
563 2060 751 2102 strictoque
782 2071 916 2103 semper

215 2107 328 2142 eladio
360 2112 425 2143 est,
451 2109 595 2140 insultus
628 2111 758 2147 timens,
786 2113 826 2143 ad
857 2124 913 2145 eos

214 2158 461 2198 propulsandos
476 2160 638 2200 paratus.'
686 2162 838 2203 Plenius,
855 2165 914 2195 sed

213 2210 315 2247 paulo
331 2210 442 2249 aliter,
465 2210 507 2241 de
525 2211 643 2242 eadem
662 2221 696 2243 re
713 2213 847 2244 Servius
866 2224 914 2246 Π.

215 2258 348 2290 AEneid.
370 2261 378 2276 ⁴
395 2260 562 2297 Orestes:
584 2262 706 2303 inquit,
731 2269 737 2280 ¹
760 2269 834 2304 post
859 2274 914 2295 oc-

213 2309 317 2340 cisum
352 2321 465 2351 regem
494 2312 681 2344 Thoantem
714 2314 746 2344 in
775 2315 911 2353 regione

214 2360 367 2401 Taurica,
381 2372 456 2393 cum
474 2372 586 2394 sorore
600 2363 792 2404 Iphigenia,
806 2372 842 2396 ut
858 2376 911 2395 sn-

214 2418 276 2449 pra
292 2411 451 2451 diximus,
468 2413 567 2453 fugit,
585 2419 619 2445 et
637 2415 758 2446 Dianae
776 2417 912 2447 simula-

214 2469 308 2490 crum
335 2462 411 2492 iude
438 2464 610 2495 sublatum
636 2466 723 2496 hand
752 2467 850 2506 longe
868 2468 909 2497 ab

214 2509 331 2540 Aricia
357 2514 544 2546 collocavit.
591 2515 631 2547 In
653 2517 751 2556 hujus
770 2518 910 2557 templo,

213 2565 289 2599 post
327 2568 486 2594 mutatum
523 2566 623 2597 ritum
655 2567 910 2607 sacrificiorum,

986 656 1077 678 mum
1094 648 1260 687 potuisset
1285 647 1434 686 anferre,
1457 651 1687 683 monomachia

987 707 1061 728 cum
1085 698 1230 740 fugitivo
1257 700 1373 739 templi
1398 700 1575 731 sacerdote
1592 701 1682 733 dimi-

986 753 1104 787 caret;
1123 759 1199 780 nam
1217 748 1380 788 fugitivus
1397 750 1466 780 illic
1484 756 1559 782 erat
1573 761 1684 783 sacer-

987 798 1048 829 dos
1066 800 1108 830 ad
1124 801 1274 840 pristina>
1292 801 1472 841 imaginem
1489 801 1591 842 fugae.
1623 804 1685 834 Di-

987 848 1133 880 micandi
1146 855 1258 880 autem
1271 849 1578 890 dabaturfamltas,
1588 855 1683 893 quasi

988 898 1028 928 ad
1058 900 1192 938 pristini
1219 900 1373 931 sacrificii
1409 903 1684 941 reparationem.'

987 949 1073 980 Haec
1099 950 1247 981 Servius.
1293 950 1393 981 Hunc
1410 962 1537 987 morem
1562 956 1683 994 tangit.

987 998 1090 1030 Ovid.
1110 1000 1166 1031 lib.
1183 1009 1207 1031 1.
1223 1001 1266 1031 de
1284 1007 1376 1032 arte:
1393 1003 1402 1018 ‘
1417 1003 1506 1033 Ecce
1522 1003 1683 1036 suburba-

986 1059 1036 1080 na*
1054 1052 1214 1091 templum
1238 1052 1420 1083 Nemorale
1447 1053 1576 1092 Dian-m,
1600 1055 1681 1087 Par-

987 1105 1088 1141 taque
1107 1111 1167 1142 per
1183 1102 1311 1142 gladios
1329 1112 1429 1143 regna
1453 1111 1597 1137 nocente
1614 1117 1681 1138 ma-

985 1150 1052 1182 nu.'
1098 1151 1182 1182 Inde
1209 1152 1290 1183 satis
1317 1153 1423 1194 liquet
1448 1154 1584 1186 Latinos
1605 1155 1681 1187 Ari-

982 1201 1068 1232 cina>
1083 1203 1201 1232 Dianae
1211 1203 1385 1243 Templum
1400 1214 1539 1235 vocasse
1553 1206 1680 1244 Nemus,

981 1256 1015 1280 et
1035 1252 1141 1291 ipsam
1161 1253 1299 1284 Dianam
1316 1253 1544 1286 Nemorenscm.
1574 1256 1678 1298 Atqui

979 1302 1068 1340 apud
1097 1303 1300 1334 Strabonem
1329 1305 1376 1335 ita
1405 1305 1512 1336 locum
1538 1316 1678 1347 accepe-

979 1358 1056 1382 runt
1074 1353 1295 1393 interpretes,
1307 1355 1399 1395 quasi
1413 1355 1454 1386 de
1471 1357 1590 1387 Dianae
1603 1358 1678 1397 Syl-

978 1411 1039 1439 va;
1058 1403 1104 1432 ita
1117 1404 1204 1433 enim
1221 1404 1437 1443 interpretati
1452 1411 1547 1438 sunt:
1567 1408 1677 1439 Dianoe

977 1454 1054 1492 quod
1067 1458 1176 1484 vocant
1188 1465 1308 1485 mmm:
1326 1466 1401 1486 cum
1416 1458 1528 1497 potius
1543 1464 1676 1491 vertere

978 1502 1179 1534 debuissent
1198 1505 1364 1546 Dianium,
1380 1508 1450 1538 sive
1467 1508 1584 1538 Dianoe
1601 1513 1676 1540 tem-

974 1554 1073 1592 plum,
1086 1556 1164 1593 quod
1181 1560 1286 1586 vocant
1300 1556 1429 1588 Nemus.
1447 1558 1544 1590 Quod
1559 1561 1674 1590 etSal-

976 1604 1082 1633 masio
1098 1604 1196 1634 video
1216 1605 1248 1635 in
1266 1611 1413 1637 mentem
1431 1609 1574 1640 venisse.
1606 1610 1673 1642 Qui

976 1655 1058 1684 etin
1071 1655 1183 1685 verilis
1193 1655 1446 1697 Strabonis,pro
1457 1657 1676 1694 ἀναβαίνουσιν

973 1703 1016 1735 εἷς
1027 1705 1084 1741 τῆς
1094 1704 1242 1745 Ἀρικίνης
1253 1705 1342 1746 ἱερὸν,
1359 1712 1452 1738 recte
1469 1711 1676 1751 emendavit,

973 1753 1210 1792 ἀναβαινούσης.
1244 1757 1304 1793 Τῆς
1320 1756 1352 1787 δὲ
1366 1757 1516 1797 Ἀρικίνης
1529 1759 1566 1790 τὸ
1583 1759 1674 1800 ἱερόν.

973 1806 1088 1838 Quare
1107 1807 1154 1837 sic
1171 1807 1392 1839 vertendum:
1415 1810 1424 1826 ‘
1442 1810 1598 1841 Dianium
1616 1822 1674 1842 au-

975 1861 1054 1891 tem,
1077 1857 1164 1898 quod
1183 1864 1304 1889 vocant
1320 1868 1451 1899 nemus,
1475 1861 1506 1891 in
1533 1862 1673 1894 sinistra

975 1914 1072 1946 parte
1092 1908 1154 1937 viae
1171 1915 1222 1938 est
1239 1919 1305 1949 qua
1321 1919 1362 1940 ex
1383 1909 1494 1942 Aricia
1510 1922 1673 1944 conscen-

972 1958 1073 1989 ditur.
1119 1959 1248 1999 Estque
1270 1960 1392 1991 Dianae
1411 1961 1564 1994 Aricinae
1589 1968 1672 1994 tem-

972 2009 1075 2047 plum.
1125 2010 1249 2041 Strabo
1266 2011 1354 2041 euim
1370 2012 1418 2042 his
1433 2013 1545 2043 verbis
1562 2015 1668 2054 expli-

971 2064 1028 2089 cat
1056 2069 1170 2089 vocem
1203 2060 1406 2100 Ἀρτεμισίου,
1437 2062 1608 2102 Dianium,
1634 2065 1667 2095 id

970 2114 1035 2147 est,
1054 2110 1175 2147 Dianae
1195 2113 1371 2151 templum,
1386 2115 1449 2144 &a
1497 2114 1570 2153 Ego
1588 2116 1667 2146 olim

970 2161 1244 2191 existimaveram
1294 2162 1436 2193 alteram
1484 2164 1666 2197 lectionem

970 2214 1060 2240 stare
1077 2221 1188 2251 posse,
1209 2212 1268 2242 sed
1287 2212 1328 2243 de
1346 2214 1410 2243 alio
1427 2215 1570 2254 quodam
1588 2214 1667 2247 fano

970 2261 1093 2292 Dianae
1112 2262 1218 2295 verba
1232 2263 1290 2293 illa
1312 2264 1547 2303 intelligenda,
1572 2267 1666 2306 quasi

965 2311 1105 2342 dixisset
1135 2313 1270 2349 Strabo,
1309 2314 1436 2345 Nemus
1465 2315 1559 2353 illud,
1594 2317 1663 2348 sive

966 2363 1128 2402 templum
1158 2364 1276 2394 Diana*
1296 2365 1526 2405 Nemorensis,
1542 2376 1613 2397 esse
1630 2368 1664 2398 in

962 2413 1097 2443 sinistra
1112 2421 1206 2454 parte
1220 2416 1296 2450 νῆιν,
1310 2425 1376 2455 qua
1389 2416 1429 2446 ad
1444 2415 1557 2447 fanum
1571 2417 1662 2448 aliud

965 2463 1662 2507 ejusdemDianaeconscendebatur‚qund

965 2512 1078 2543 fanum
1106 2514 1147 2544 ad
1174 2514 1328 2546 dextram
1356 2516 1506 2555 ejusdem
1528 2517 1590 2547 vice
1617 2520 1661 2548 si-

965 2570 1034 2595 tum
1051 2564 1167 2596 fuerit.
1201 2566 1300 2597 Nunc
1318 2576 1397 2597 vero
1413 2567 1566 2598 Salmasii
1582 2578 1662 2599 con-

1080 2008 1087 2021 2

212 2608 276 2641 fuit
293 2610 555 2652 arborquaedam
568 2616 609 2647 de
623 2627 689 2657 qua
707 2617 840 2657 infringi
859 2629 909 2649 ra-
956 2615 1128 2654 jecturam
1144 2616 1240 2646 unice
1259 2617 1457 2655 ampleclffl'·
1483 2617 1564 2648 Βαθ-

213 2669 302 2691 mum
320 2670 384 2692 non
403 2662 546 2695 licebat:
566 2666 710 2697 dabatur
730 2675 841 2699 autom
861 2669 910 2699 fn-

214 2712 327 2751 gitivis
344 2718 508 2754 potestas,
529 2721 564 2746 ut
582 2717 608 2747 si
627 2719 699 2757 quis
718 2720 838 2751 exinde
858 2731 906 2751 ra·

1009 2663 1022 2685 ¹⁴
1046 2666 1145 2696 Multi
1160 2666 1264 2696 Manii
1279 2666 1410 2706 Aricioe]
1434 2667 1510 2699 Hoc
1533 2673 1598 2707 est,
1624 2675 1661 2701 ut

963 2716 1207 2756 interpretatur
1224 2716 1355 2755 Festus,
1371 2718 1466 2749 multi
1494 2719 1574 2751 clari
1598 2721 1658 2752 viri
