1835 2906
377 157 439 187 DE
472 156 743 186 VERBORUM
780 155 1190 188 SIGNIFICATIONE
1227 157 1318 187 LIB.
1354 157 1461 187 XIV.

1559 148 1643 190 625

256 252 529 301 Privernum,
562 252 821 307 Anagniam,
857 251 1152 301 Frusionem,⁶
1188 252 1343 302 Reate,
1380 251 1641 303 Saturniam,

256 319 484 368 Nursiam,
506 318 740 373 Arpinum,
767 320 940 373 aliaque
962 320 1203 373 complura.

200 386 533 427 Praefericulum
555 400 636 428 vas
660 400 828 427 aeneum
851 387 945 427 sine
966 400 1073 427 ansa
1102 391 1259 440 patens
1293 401 1408 428 sum-

1466 389 1644 442 [PAUL.

254 467 385 502 mum,
410 455 527 495 velut
547 455 708 508 pelvis,
730 468 816 508 quo
838 455 894 496 ad
917 455 1140 496 sacrificia
1162 456 1405 497 utebantur.

201 519 540 576 Praefizriculumi
579 536 651 562 vos
683 535 847 563 aeneum
873 523 960 562 siue
979 536 1078 562 ansa
1098 520 1346 576 appellatur,
1374 536 1449 575 pa·
1479 523 1645 575 [FEST.

254 596 341 629 tens
362 603 557 629 summum
579 595 621 630 uc
646 590 800 643 pelvis,
823 604 901 644 quo
919 589 975 629 ad
988 589 1187 642 sacr-{sicia
1211 588 1429 629 utebantur
1450 590 1491 629 in
1512 604 1647 629 sacra-

256 657 317 696 rio
343 654 444 709 Opis
469 656 673 698 Consivae.

199 722 432 765 Praeficaek
473 724 674 765 dicuntur
723 726 928 767 mulieres
981 725 1037 766 ad
1067 725 1388 767 lamentandum
1430 726 1648 764 mortuum

256 792 507 842 conductae,
540 805 640 846 quae
676 793 780 834 dant
815 794 966 834 ceteris
1007 794 1188 834 modum
1230 791 1479 846 plangendi,
1520 792 1649 844 quasi

805 914 942 925 eeeeeee

242 981 262 1009 ὃ
280 977 341 1009 Ed.
357 977 447 1008 Scal.
463 977 681 1009 Frusinonem.

947 915 1041 925 eeeee

856 1113 997 1145 NOTAE

237 1196 245 1217 ἱ
283 1197 537 1239 Proefericulum]
576 1199 616 1229 In
649 1200 784 1230 sacrario
823 1201 900 1240 Opis

201 1248 357 1286 Consicoe,
383 1254 419 1279 ut
446 1249 578 1288 opinor,
604 1249 741 1289 scripsit
767 1250 901 1281 Festus.

200 1300 253 1330 De
277 1309 317 1329 ea
334 1300 444 1329 Varro
471 1305 504 1330 et
530 1300 727 1330 Macrobius
754 1300 902 1332 videndi.

198 1349 288 1379 Vide
305 1350 313 1364 ‘
329 1348 478 1389 Opima)
502 1349 578 1381 Ant.
592 1349 677 1389 Aug.

249 1399 503 1439 Prafericulum]
541 1400 801 1432 Praefericuium
842 1411 901 1432 vas

199 1459 332 1480 aeneum
366 1450 436 1480 sine
465 1460 545 1481 ansa
572 1454 693 1490 patens
726 1460 904 1490 summum,

199 1502 292 1531 velut
312 1500 429 1540 pelvis,
447 1511 512 1541 quo
529 1505 672 1531 utuntur
695 1501 728 1531 in
755 1503 902 1532 sacrario

199 1551 284 1592 Opis
302 1551 470 1582 Consivae.
492 1552 561 1582 Jos.
577 1551 660 1582 Scal.

243 1601 496 1642 Profericulum]
523 1602 563 1633 In
579 1602 752 1634 sacrificiis
771 1607 901 1634 tantum

199 1653 285 1693 Opis
324 1653 481 1684 Cousivae
513 1663 553 1685 eo
579 1653 776 1684 utebantur.
823 1654 901 1685 Non

199 1713 280 1735 vero
302 1704 333 1734 in
352 1703 524 1744 quibusvis
551 1704 623 1734 aliis
647 1703 833 1743 sacrificiis,
865 1708 903 1735 ut

198 1754 285 1784 male
306 1754 444 1784 Paulus.
493 1754 521 1784 A
542 1753 746 1794 praeferendo,
759 1754 903 1794 proeseri-

199 1807 312 1845 culum,
335 1807 423 1848 quod
450 1807 482 1836 in
508 1816 548 1837 eo
571 1816 624 1836 res
638 1816 742 1837 sacrae
762 1806 903 1846 praefer-

200 1863 334 1889 rentur:
355 1858 397 1888 de
413 1857 490 1898 Ope
504 1856 904 1898 Consivavide‘opima.’

200 1908 281 1939 Dae.

242 1955 256 1977 k
282 1955 442 1998 Praeficae]
467 1957 578 1988 Varro
593 1957 651 1989 lib.
666 1966 716 1989 vi.
739 1956 781 1987 de
807 1956 905 1998 Ling.

200 2009 278 2041 Lat.
296 2018 428 2040 versum
447 2008 561 2039 Naevii
588 2008 621 2038 in
650 2009 755 2039 Freto
780 2007 829 2038 ita
851 2016 904 2038 re-

199 2058 267 2090 fert
282 2069 288 2087 ε
317 2059 397 2089 Hoec
415 2059 536 2098 quidem
553 2058 668 2089 Hercle
680 2058 788 2098 opinor
800 2056 904 2098 proefi-

200 2119 235 2140 ca
256 2112 323 2140 est:
351 2118 424 2139 nam
448 2112 584 2139 mortuos
605 2109 792 2140 conlaudat:
812 2112 847 2138 et
869 2106 904 2137 id

200 2159 306 2200 magis
320 2160 432 2200 placet
444 2159 531 2190 Gab.
544 2159 687 2198 Faerno,
705 2158 833 2199 optimo
846 2167 905 2188 nu-

203 2219 371 2240 merorum
390 2210 535 2241 censori.
558 2209 733 2248 Ant.Aug.

247 2260 404 2301 Proeficce]
433 2260 582 2291 Glossar.
607 2260 616 2276 ‘
635 2259 786 2300 praefica,
801 2258 822 2297 ἡ
846 2258 905 2299 πρὸ

202 2311 257 2347 τῆς
286 2309 394 2346 κλίνης
424 2309 456 2339 ἐν
488 2310 532 2349 τῇ
569 2309 688 2349 ἐκφορᾷ
714 2307 901 2347 κοπτομένη·

204 2360 351 2402 θρηνῳδὸς
377 2360 424 2391 ἐπ’
452 2359 606 2401 ἐκφοράν.’
631 2370 707 2402 quae
730 2366 810 2391 ante
835 2361 902 2391 lec-

203 2419 274 2444 tum
305 2412 436 2452 plangit
465 2411 543 2442 dum
566 2410 713 2442 cadaver
740 2409 900 2441 effertur:

203 2462 442 2494 lamentatrix.
495 2462 536 2492 In
554 2461 748 2492 Barbaricis
767 2460 902 2491 institu-

203 2514 246 2545 tis
265 2519 300 2544 et
324 2512 453 2552 legibus
471 2511 681 2552 praeficarum
699 2511 902 2542 Aristoteles

204 2564 418 2600 meminerat,
432 2563 510 2604 quia
529 2562 685 2602 Phryges
703 2562 838 2602 proprie
854 2561 904 2591 di-

205 2621 327 2647 cuntur
345 2614 503 2652 barbari3
528 2623 641 2643 eorum
660 2618 772 2644 autem
790 2612 904 2643 inven-

206 2672 277 2696 tum
303 2665 438 2707 proeficoe
468 2669 503 2695 et
534 2664 670 2695 Naenioe.
717 2663 841 2704 Papin.
871 2663 904 2693 in

207 2716 372 2758 Epiredio
405 2716 531 2756 patris:
557 2714 629 2745 ‘Ut
659 2714 801 2745 Pharios
831 2714 904 2744 aliae

295 2769 408 2809 Delph.
425 2772 451 2799 ει
472 2768 544 2799 Vur.
563 2769 644 2799 Clas.

828 2766 936 2806 Pomp.
957 2765 1040 2796 Fesl.

953 1201 1033 1231 ficta
1062 1201 1192 1241 pietate
1217 1201 1350 1232 doiores
1387 1198 1654 1241 Mygdoniosque

953 1253 1082 1289 colunt,
1113 1257 1148 1282 et
1175 1261 1239 1282 uon
1264 1261 1322 1282 sua
1348 1250 1467 1281 funera
1497 1247 1656 1291 plorant!

956 1301 1098 1342 Proeficoe
1126 1306 1238 1332 autem
1262 1302 1377 1339 dictae,
1404 1300 1483 1340 quia
1501 1297 1655 1339 praefice-

955 1355 1072 1381 rentur
1110 1351 1253 1390 ancillis,
1287 1349 1568 1391 quemadmodum
1608 1349 1654 1378 la-

954 1406 1200 1432 mentm-entur.
1246 1401 1345 1431 Varr.
1361 1401 1418 1431 lib.
1436 1409 1486 1431 vi.
1503 1399 1546 1430 de
1564 1399 1601 1429 L.
1616 1399 1655 1429 L.

955 1451 1010 1481 ubi
1023 1451 1111 1482 hunc
1128 1450 1240 1482 Plauti
1258 1451 1369 1482 locum
1386 1450 1503 1481 laudat
1514 1458 1556 1480 ex
1571 1449 1655 1479 Tru-

955 1502 1020 1532 cul.
1037 1507 1103 1532 act.
1120 1511 1161 1532 11.
1179 1511 1225 1533 sc⁹
1250 1504 1282 1532 6.
1318 1501 1419 1532 ‘Sine
1449 1500 1576 1530 virtute
1603 1508 1656 1529 ar-

955 1556 1072 1591 gutum
1090 1552 1198 1582 civem
1216 1551 1295 1582 mihi
1311 1551 1450 1582 habeam
1469 1559 1528 1590 pro
1546 1548 1657 1589 praefi-

955 1611 1006 1636 ca,
1021 1603 1106 1635 Quae
1125 1601 1205 1633 alios
1215 1601 1396 1639 collaudat,
1409 1610 1509 1640 eapse
1525 1609 1559 1630 se
1578 1608 1658 1629 vero

956 1662 1020 1683 nou
1039 1652 1177 1693 potest.’
1223 1652 1289 1683 Ubi
1308 1657 1388 1692 apte
1405 1650 1539 1692 quidem
1556 1650 1658 1680 Plau·

957 1708 1011 1733 tus
1029 1703 1132 1734 verbo
1142 1704 1296 1734 collaudat
1313 1712 1392 1732 usus
1408 1704 1567 1739 est,etut
1578 1699 1657 1731 Nae-

957 1753 1029 1784 vius
1046 1763 1162 1794 supra,
1175 1753 1264 1794 quod
1282 1752 1361 1783 viris
1377 1751 1486 1782 doctis
1503 1754 1657 1781 notatum

956 1804 1124 1844 oportuit,
1139 1803 1221 1835 illud
1239 1803 1326 1834 enim
1343 1812 1410 1833 rem
1436 1810 1501 1832 non
1527 1799 1659 1831 minimi

957 1854 1117 1885 momenti
1145 1863 1203 1885 nos
1230 1853 1345 1891 docet,
1361 1861 1481 1893 nempe
1501 1850 1658 1891 praeficas

957 1904 1073 1936 laudes
1112 1909 1321 1936 mortuorum
1358 1902 1537 1941 cecinisse,
1568 1901 1658 1932 unde

957 1960 1050 1987 recte
1082 1957 1229 1997 ‘paeana
1260 1952 1407 1986 canere’
1431 1952 1533 1983 dictae
1568 1956 1658 1982 sunt.

956 2005 1104 2046 AEschyl.
1129 2006 1163 2036 in
1196 2003 1423 2044 Choeplioris:
1463 2002 1582 2033 Παιᾶνα
1604 2002 1661 2032 τοῦ

957 2054 1102 2087 θανόντος
1134 2054 1350 2095 ἐξαυδωμένας.
1396 2054 1406 2071 ‘
1423 2054 1549 2085 Paeana
1575 2062 1661 2083 mor-

958 2107 1008 2139 tui
1024 2106 1256 2138 cantitantes)
1302 2104 1404 2138 Quod
1431 2104 1520 2135 male
1543 2112 1660 2144 repre-

955 2157 1073 2188 hendit
1088 2157 1305 2196 Scholiastes,
1329 2165 1404 2186 cum
1433 2160 1466 2185 et
1493 2155 1551 2185 alii
1577 2164 1661 2195 quo-

957 2219 1021 2251 que
1035 2209 1164 2239 Paeana
1180 2208 1214 2238 in
1230 2217 1265 2238 re
1289 2207 1430 2237 funerea
1451 2204 1660 2245 usurparint,

957 2259 1047 2291 unde
1064 2265 1100 2291 et
1117 2258 1330 2290 doctissimus
1342 2255 1662 2296 Hesychiusflraaaus

957 2312 1097 2349 στυγνῷ,
1128 2309 1251 2350 inquit,
1284 2307 1452 2348 θρηνητικῷ
1477 2305 1568 2345 ὕμνῳ.
1615 2307 1661 2337 Et

955 2371 1050 2401 sane,
1060 2365 1098 2392 ut
1115 2361 1225 2397 Poean,
1238 2358 1293 2400 qui
1308 2358 1415 2398 primo
1429 2358 1461 2387 in
1476 2356 1574 2386 rebus
1587 2360 1661 2387 tan·

958 2417 1029 2442 tum
1062 2411 1149 2442 laetis
1186 2410 1384 2447 canebatur,
1420 2407 1518 2437 rebus
1557 2407 1660 2437 etiam

959 2461 1112 2493 tristibus
1129 2458 1375 2492 accommodari
1392 2467 1509 2497 passus
1526 2461 1591 2497 est,
1613 2457 1661 2487 sic

959 2511 1086 2550 Noenz'a,
1103 2511 1198 2551 cujus
1216 2510 1326 2550 prima
1341 2508 1433 2548 origo
1449 2507 1480 2538 in
1499 2516 1533 2537 re
1562 2505 1660 2537 fune-

960 2571 1031 2601 rea,
1045 2560 1143 2591 rebus
1160 2560 1249 2590 laetis
1264 2558 1380 2589 venire
1394 2557 1495 2588 etiam
1511 2556 1660 2597 aliquan-

960 2611 1003 2641 do
1017 2610 1205 2650 consuevit,
1218 2608 1315 2640 ambo
1328 2607 1419 2648 quasi
1432 2608 1568 2638 mutatis
1584 2615 1658 2646 parn

962 2661 1064 2693 tibus.
1110 2661 1196 2705 Vide
1214 2665 1221 2676 ‘
1236 2657 1381 2690 Narnia?
1406 2658 1487 2688 Duc.

1502 2749 1608 2791 5213*
