1835 2906
214 138 298 181 228

659 149 806 180 SEXTI
839 148 1040 179 POMPEI!
1077 149 1213 180 FESTI

271 247 328 287 lis
351 245 596 288 Senonibus
616 246 781 295 urbem,
799 258 925 287 sacra
946 246 988 286 in
1011 245 1169 286 eodem
1186 246 1284 286 loco
1303 244 1508 287 doliolis9
1530 259 1656 299 repo-

273 315 359 355 sita
392 313 578 363 fuerunt,
608 326 697 367 qua
729 313 782 353 de
815 326 951 355 causa
981 315 1026 354 in
1056 313 1214 354 eodem
1241 313 1340 355 loco
1367 327 1422 355 ne
1444 314 1657 368 despuere

271 381 449 435 quidem
471 381 602 422 alicui
623 380 797 421 licebat.

215 450 387 490 Domus
408 461 435 489 a
455 448 617 490 Graeco
635 447 752 499 δόμος.

215 517 446 558 Donaticae
464 522 477 538 r
509 529 681 557 coronae
712 516 858 565 dictae,
883 515 1002 568 quod
1023 515 1091 555 his
1113 515 1302 556 victores
1323 515 1368 555 in
1388 516 1502 557 ludis
1523 517 1658 557 dona-

270 586 441 636 bantur,
463 597 564 639 quae
597 589 754 637 postea
789 584 1125 635 magnificentiae
1161 596 1296 624 causa
1325 583 1536 625 institutae
1558 590 1660 626 sunt

268 666 401 707 super
420 652 595 694 modum
611 656 806 705 aptarum
825 651 1063 709 capitLibUS,
1081 651 1202 705 quali
1219 651 1508 704 amplitudine
1528 651 1656 692 fiunt⁵

269 734 369 761 cum
391 720 504 761 lares
524 723 748 760 ornantur.

213 789 391 829 Donum
405 788 416 809 t
437 800 493 828 ex
511 785 672 827 Graeco
693 791 774 834 est,
796 786 914 839 quod
933 786 996 826 illi
1018 789 1178 827 vocant
1197 786 1316 841 δῶρον.

213 856 438 897 Dorsumu
474 854 654 903 dictum,
684 853 802 907 quod
832 866 936 906 pars
962 866 1015 894 ea
1041 854 1237 906 corporis
1259 853 1432 893 devexa
1453 853 1513 893 sit
1533 853 1656 895 deor-

270 937 379 964 Sum.

212 992 375 1033 Dotem
390 997 405 1013 Χ
426 990 706 1032 manifestum
720 993 795 1030 'est
816 1002 873 1029 ex
894 988 1054 1030 Graeco
1074 1000 1172 1028 esse
1191 1001 1200 1029 :
1229 1000 1326 1028 nam
1345 985 1472 1027 διδόναι
1495 987 1656 1029 dicitur

267 1059 387 1113 apud
410 1072 486 1100 eos
507 1059 624 1099 dare.

211 1125 514 1167 DRACoNEsy
543 1125 650 1165 dicti
669 1126 738 1164 ἀπὸ
760 1127 822 1163 τοῦ
843 1125 1000 1179 δρακεῖν,
1032 1124 1147 1177 quod
1171 1128 1238 1164 est
1260 1123 1431 1164 videre:
1466 1123 1655 1164 clarissi-

811 1242 1050 1253 ceter-ewen:

253 1327 273 1354 9
297 1321 366 1353 Pro
383 1321 502 1351 doliolis
519 1321 572 1351 alii
587 1320 661 1356 libri
680 1320 804 1352 liabent
819 1322 910 1352 doliis
924 1322 1049 1352 duobus.

863 1427 1006 1459 NOTAE

210 1501 315 1534 renda
345 1503 508 1543 deerant)
534 1503 756 1545 relinquenda
779 1508 904 1541 essent,

208 1553 449 1585 consultantes,
477 1554 595 1594 quisve
625 1563 664 1583 ea
692 1554 783 1583 locus
811 1551 905 1583 fideli

207 1603 360 1633 custodia
377 1608 607 1633 asservaturus
623 1607 725 1640 esset,
739 1602 902 1642 optimum

208 1651 339 1683 ducunt
369 1651 506 1683 condita
537 1653 568 1682 in
605 1652 749 1689 doliolis,
778 1652 903 1682 sacello

207 1703 372 1742 proximo,
396 1702 523 1734 aedibus
547 1701 689 1733 flaminis
707 1702 905 1738 Quirinalis,

207 1752 263 1782 ubi
276 1761 363 1783 nunc
377 1752 495 1793 despui
510 1753 629 1792 religio
642 1759 707 1789 est,
719 1751 903 1783 defodere.y

208 1802 315 1832 Locus
342 1808 392 1833 est
419 1811 483 1832 non
509 1804 607 1842 longe
632 1813 651 1832 a
674 1803 777 1832 muris
803 1802 903 1842 paulo

207 1863 309 1893 supra
319 1854 441 1885 horrea
457 1854 748 1895 publica,inx111.
764 1855 902 1894 regione

208 1902 309 1933 urbis.
334 1904 432 1934 Idem.

249 1957 260 1972 r
282 1953 462 1994 Donaticae]
495 1954 593 1991 Sunt,
621 1958 657 1984 ut
686 1958 780 1994 puto.
802 1954 902 1984 aliter

206 2003 428 2044 provinciales
473 2004 584 2035 dietae.
642 2003 872 2034 Tertullianus
890 2015 897 2035 :

206 2059 305 2085 ‘sunt
328 2059 362 2085 et
386 2054 610 2094 provinciales
631 2053 770 2093 aureae‚'
786 2053 899 2094 (coro-

205 2105 288 2143 nae‚)
316 2105 522 2144 ‘imaginum
543 2105 626 2144 jam,
650 2113 715 2134 non
741 2104 900 2143 virorum,

205 2155 320 2195 capita
336 2155 465 2195 majora
482 2154 695 2196 quaerenteS.’
741 2155 848 2185 Erant
865 2160 900 2185 et

205 2205 370 2236 donaticae
388 2206 588 2246 liastae,quae
599 2204 764 2235 militibus
777 2205 819 2236 ob
836 2206 900 2235 vir-

206 2262 312 2286 tutem
330 2256 508 2287 dabantur.
554 2255 642 2286 Vide
659 2255 691 2286 in
707 2255 715 2271 ‘
731 2254 898 2296 Optiona-

205 2308 282 2338 tus-⁹
304 2309 370 2339 Jos.
389 2309 473 2339 Scal.

250 2357 429 2397 Donaeicoe]
466 2358 619 2398 Majores
635 2357 786 2397 quaedam
803 2367 896 2389 coro-

205 2416 270 2444 nae,
288 2417 370 2447 quas
390 2409 502 2448 capite
519 2407 608 2439 ferre
626 2412 766 2448 propter
782 2417 896 2438 earum

205 2457 458 2496 amplitudinem
482 2458 665 2499 nequibant
687 2458 823 2496 milites,
837 2457 895 2488 sed

204 2506 403 2546 imaginibus
427 2507 492 2537 suis
517 2507 767 2547 appendebant.
813 2507 896 2538 Pro-

206 2557 365 2587 vinciales
382 2566 437 2586 eas
455 2563 552 2588 vocat
563 2558 761 2589 Tertullian-
775 2563 812 2589 nt
829 2568 897 2589 mo-

204 2612 264 2638 net
290 2607 461 2647 Scaliger:
487 2607 593 2638 ‘Sunt
620 2614 654 2639 et
676 2610 897 2649 provinciales

205 2658 344 2695 aureae,'
381 2658 563 2698 (coronam
587 2658 789 2698 ‘imaginum
813 2660 898 2699 jam,

206 2718 272 2740 uon
297 2710 454 2748 virorum,
470 2709 582 2748 capita
599 2709 726 2747 majora
743 2719 894 2749 quaeren-

959 1502 1032 1533 tes.'
1062 1502 1142 1532 Duc.

1000 1558 1011 1572 ⁵
1037 1552 1131 1587 Quali
1147 1551 1454 1591 arnplitudinefitml]
1480 1552 1582 1581 Lares
1598 1560 1653 1581 co-

959 1603 1060 1640 ronis,
1073 1601 1210 1632 floribus
1223 1602 1400 1632 ornabant.
1427 1602 1569 1631 Sneton.
1585 1600 1653 1630 Au-

958 1657 1045 1691 gust.
1065 1662 1140 1692 cap.
1157 1655 1209 1682 31.
1242 1653 1252 1670 ‘
1266 1651 1471 1691 Compitales
1494 1651 1578 1681 lares
1601 1660 1653 1680 or-

959 1713 1039 1733 nare
1053 1703 1104 1733 bis
1119 1712 1204 1733 anno
1219 1702 1375 1739 institnit,
1390 1701 1501 1732 vernis
1514 1700 1652 1730 floribus

959 1760 993 1785 et
1010 1752 1159 1785 festivis!
1205 1753 1256 1783 Ex
1279 1752 1342 1782 boc
1366 1756 1478 1781 autem
1497 1750 1588 1781 Festi
1606 1750 1653 1780 lo-

959 1815 1000 1835 co
1017 1804 1180 1835 docentur
1203 1812 1344 1834 coronas
1369 1802 1441 1832 illas
1458 1801 1586 1840 amplas
1602 1798 1651 1829 t'u—

958 1855 1036 1893 isse,
1054 1855 1153 1885 immo
1171 1860 1204 1884 et
1221 1854 1301 1894 ipsis
1323 1853 1423 1884 etiam
1440 1851 1564 1882 laribus
1583 1860 1651 1881 ma-

949 1906 1054 1945 jores.
1078 1906 1176 1937 Idem.

999 1957 1007 1975 1
1030 1955 1170 1995 Danum]
1204 1955 1291 1985 Nam
1311 1963 1402 1994 saepe
1418 1964 1434 1983 r
1450 1956 1600 1983 mutatur
1618 1952 1649 1981 iu

954 2016 986 2037 η.
1007 2005 1117 2036 Idem.

998 2062 1011 2076 ¹¹
1035 2055 1188 2095 Dorsum]
1214 2055 1243 2086 A
1255 2056 1406 2091 deorsum,
1421 2053 1508 2094 quod
1524 2053 1648 2083 dorsum

956 2116 998 2137 cx
1016 2111 1157 2147 utraque
1175 2109 1271 2145 parte
1288 2104 1420 2134 declive
1438 2103 1494 2142 sit,
1511 2107 1546 2133 et
1561 2103 1649 2133 deor-

954 2166 1020 2186 sum
1036 2154 1178 2185 feratur.
1204 2154 1299 2185 Idem.

996 2210 1011 2226 Χ
1046 2205 1175 2244 Dotem]
1215 2203 1245 2234 A
1272 2202 1394 2239 διδόναι,
1419 2202 1513 2240 dare,
1540 2203 1647 2243 inquit

956 2256 1050 2287 Fest.
1093 2253 1158 2285 Sed
1175 2263 1241 2284 non
1258 2253 1471 2290 immediate;
1489 2257 1541 2283 est
1557 2253 1646 2283 enim

954 2316 973 2337 a
997 2307 1065 2343 δὼς,
1081 2304 1165 2346 quod
1186 2304 1376 2344 Hesychius
1395 2304 1537 2344 exponit
1552 2303 1644 2334 δόσις.

953 2357 1050 2387 Idem.

994 2412 1006 2433 Υ
1030 2404 1205 2444 Dracones]
1237 2405 1321 2435 Acie
1339 2404 1532 2435 acutissima
1547 2409 1581 2434 et
1597 2403 1645 2434 in-

950 2456 1056 2487 somni
1087 2460 1209 2486 natura
1243 2455 1405 2486 dracones
1437 2463 1510 2484 esse
1548 2453 1644 2483 multi

953 2506 1145 2547 prodidere,
1180 2514 1283 2546 quare
1312 2509 1348 2536 et
1383 2513 1438 2535 eos
1469 2514 1488 2534 a
1516 2502 1644 2542 δέρκειν,

952 2559 1082 2599 δρακεῖν,
1099 2557 1206 2588 dictos
1231 2561 1353 2597 putant
1369 2566 1377 2585 :
1405 2555 1517 2585 allusit
1533 2554 1643 2584 Hora-

953 2611 1035 2642 tius:
1061 2612 1069 2626 ‘
1085 2614 1151 2640 tam
1175 2607 1285 2639 cernis
1302 2610 1436 2637 acutum
1453 2605 1560 2637 Quam
1585 2609 1642 2635 aut

953 2661 1293 2701 aquila.autserpens
1310 2655 1532 2695 Epidaurius:
1556 2654 1640 2685 Inde

951 2721 1007 2741 eos
1024 2710 1134 2750 po‘etae
1152 2706 1373 2748 Hesperidum
1396 2706 1500 2736 hortis
1527 2711 1561 2736 et
1586 2714 1642 2735 au-
