1835 2906
215 87 299 128 478

268 192 367 246 pido
403 193 532 248 ejectis
560 192 713 234 colonis
734 194 967 242 veteribus,
998 191 1057 233 ibi
1086 191 1342 233 habitarunt.

274 260 482 302 adversus
503 276 549 302 x.
572 260 755 302 Ιῐιοηιίη.18

658 98 808 129 SEXTI
846 98 1050 128 POMPElI
1086 98 1221 129 FESTI

1407 192 1511 234 Calo
1541 194 1584 235 in
1618 208 1663 235 ea

218 328 506 381 Nequinontc
536 342 614 382 pro
636 325 949 382 nequeunt;¹9d
981 331 1028 368 ut
1051 327 1260 377 solinunt,
1277 328 1478 379 ferinunt,
1492 342 1572 383 pro
1594 342 1665 370 so-

273 396 377 446 lent,
416 399 458 437 et
488 395 650 437 feriunt
690 396 895 437 dicebant
933 395 1119 448 antiqui.

1179 395 1334 437 Livius
1365 398 1408 437 in
1437 396 1666 451 Odyssea:

276 463 445 504 Partim
465 469 622 514 errant,
635 477 779 518 neque
797 477 913 504 nunc
935 463 1157 504 Graeciam
1174 463 1313 505 redire
1331 462 1621 518 (nequinont.)

219 529 488 585 Nequinont‚
509 536 746 585 nequeunt.

220 599 521 653 Nequiquam,
542 599 720 640 frustra.

1488 532 1666 583 [PAUL.

220 666 504 721 Nequiquam
526 666 762 720 significari
783 666 911 716 idern,
933 667 1052 720 quod
1074 667 1250 717 frustra,
1271 667 1472 720 plurimis
1502 666 1669 720 [Fsssr.

274 740 505 776 auctorum
527 735 743 788 exemplis
757 735 1036 775 manifestum
1054 739 1140 776 est.

220 801 480 855 Nequitum‚
498 807 544 843 et
563 801 765 855 nequitur
787 814 868 855 pro
889 814 973 841 non
992 814 1129 854 posse
1152 801 1372 842 dixerunt.

1489 800 1668 851 [PAUL.

221 867 497 922 Nequitum,‘³
520 875 565 911 et
586 869 802 923 nequitur,
825 882 905 922 pro
926 881 1011 909 non
1032 880 1170 922 posse
1189 868 1408 917 dicebant,
1428 872 1477 908 ut
1507 868 1671 922 [FEST-

278 936 519 987 Pacuvius,
562 950 662 978 cum
701 937 788 978 ait:
828 936 914 977 Sed
953 950 1053 977 cum
1096 936 1301 977 contendi
1341 936 1582 988 nequitum,
1623 938 1670 976 ut

279 1004 393 1045 clam
429 1005 649 1046 tendenda
683 1010 750 1045 est
788 1005 933 1058 plaga.

995 1004 1185 1045 Plautus
1206 1004 1252 1044 in
1274 1003 1535 1057 Satyrione:
1579 1001 1671 1043 Re-

278 1072 392 1112 trahi
427 1072 645 1126 nequitur,
681 1084 859 1126 quoquo
896 1084 1130 1125 progressa
1168 1074 1236 1112 est
1272 1070 1433 1111 semel:
1479 1074 1522 1111 et
1558 1068 1669 1110 Cato

281 1139 506 1192 Originum
544 1140 657 1181 libro
699 1141 870 1193 primo:
920 1139 1041 1181 Fana
1078 1141 1120 1180 in
1163 1152 1216 1180 eo
1250 1136 1386 1180 locof
1425 1137 1671 1192 compluria

279 1207 424 1248 fuere:
469 1220 522 1248 ea
562 1208 884 1260 exauguravit3

931 1212 1229 1261 praeterquam
1252 1211 1287 1230 20
1332 1207 1450 1260 quod
1482 1206 1669 1248 termino

280 1274 431 1315 fanum
446 1273 539 1324 suit,
561 1274 604 1314 id
626 1275 850 1328 nequitum
868 1276 1141 1327 exaugurari.

829 1393 947 1405 000000

951 1393 1068 1405 eeeeee

266 1472 307 1500 18
332 1468 394 1500 Ed.
420 1469 510 1500 Scal.
527 1467 668 1505 ‘veter-i,
684 1469 711 1499 b.
730 1470 775 1499 ibi
790 1470 970 1501 habitarunt
989 1471 1067 1500 Cato
1091 1470 1125 1499 in
1145 1479 1180 1500 ea
1201 1470 1359 1499 adversus
1380 1477 1416 1499 x.
1433 1467 1672 1498 hominibus)—

227 1514 267 1542 11)
303 1512 312 1528 ‘
331 1513 457 1543 Melius
485 1516 634 1543 neceam.-
669 1512 775 1543 verba
804 1513 890 1543 Livii
917 1515 964 1544 ita
990 1512 1133 1553 legenda
1157 1522 1163 1542 :

1198 1512 1321 1541 Partim
1346 1515 1451 1542 errant
1462 1523 1471 1541 .·
1505 1511 1673 1551 nequimmt

228 1555 383 1586 Groeciam
399 1555 523 1586 redire!
547 1555 635 1586 scal.
680 1555 734 1586 lta
751 1560 785 1586 et
802 1557 977 1588 Dac.—20
997 1557 1077 1587 Vet.
1095 1554 1170 1586 cod.
1185 1564 1353 1594 praequam.

884 1669 1025 1701 NOTAE

227 1743 302 1775 est.’
345 1743 390 1775 Et
420 1744 491 1774 Liv.
518 1743 576 1774 lib.
593 1753 628 1775 x.
645 1754 719 1784 cap.
742 1746 774 1776 9.
799 1743 808 1759 ‘
827 1744 923 1775 Alter

228 1794 354 1825 Consul
378 1794 542 1834 Apuleius
570 1794 602 1824 in
630 1795 771 1825 Umbria
796 1794 924 1834 Nequi-

227 1853 306 1873 num
339 1844 501 1883 oppidum
538 1843 770 1874 circmnscdit.
818 1845 925 1875 Locus

229 1897 301 1924 erat
317 1893 454 1932 arduuS,
472 1898 573 1934 atque
597 1894 628 1923 iu
648 1898 742 1934 parte
758 1903 824 1924 una
843 1903 927 1934 prae-

228 1952 320 1984 ceps,
337 1943 393 1974 ubi
411 1953 497 1974 nunc
525 1943 651 1974 Narnia
676 1945 741 1974 sita
761 1944 837 1975 est.’
883 1945 927 1975 Et

230 1994 330 2034 paulo
348 1999 445 2033 post:
469 1996 479 2011 ⁴
499 1994 554 2024 Ita
571 1994 766 2035 Nequinum
784 1995 817 2024 in
832 1995 928 2025 ditio-

229 2053 304 2075 nem
322 2044 439 2084 populi
456 2044 552 2075 Rom.
570 2045 674 2076 venit.
720 2045 863 2076 Colonia
888 2054 927 2076 eo

229 2094 391 2125 adversus
428 2094 574 2125 Umbros
606 2095 706 2126 missa
737 2106 756 2126 a
793 2094 928 2126 flumine

232 2145 362 2176 Narnia
377 2144 574 2186 appellata.’
600 2146 681 2178 Dae.

272 2200 286 2214 ⁰
310 2194 508 2234 Nequinont]
532 2194 573 2224 In
591 2195 741 2225 carmine
758 2195 845 2226 Liv'ii
863 2205 929 2226 non

231 2248 281 2274 est
299 2244 438 2274 verbum
462 2246 652 2283 nequinont:
678 2250 714 2276 et
738 2255 869 2284 vereor,
886 2255 927 2276 ne

233 2303 293 2332 pro
309 2303 403 2334 neque
418 2303 508 2333 nunc,
524 2295 690 2336 nequinont
712 2296 755 2326 sit
779 2296 927 2326 scriben-

233 2344 323 2375 dum.
369 2344 469 2375 Ratio
500 2349 612 2375 autem
641 2345 798 2376 carminis
830 2345 927 2376 valde

234 2394 364 2425 incerta
377 2398 451 2426 est:
476 2404 688 2435 quacumque
705 2396 835 2426 ratione
851 2396 929 2426 scri-

235 2443 343 2474 batur.
390 2444 531 2476 Homeri
561 2454 673 2476 versus
695 2455 736 2476 ex
763 2446 929 2487 Odyssea,

236 2503 334 2534 quam
353 2495 467 2526 Livius
485 2495 600 2526 vertit.
624 2496 702 2527 Ant.
719 2496 803 2535 Aug.

288 2542 302 2563 (ἲ
328 2543 505 2585 Nequeunt]
540 2546 632 2584 Lege
655 2549 795 2585 noceant,
819 2555 837 2576 a
863 2555 930 2586 nec,

237 2602 318 2631 non,
345 2598 379 2623 et
404 2598 486 2626 eunt.
530 2595 618 2626 Vide
635 2595 737 2627 ‘nec'
755 2601 788 2627 et
805 2597 813 2613 ‘
830 2605 932 2636 nepu-

239 2641 316 2674 rus?
342 2642 423 2673 Duc.

1019 1748 1032 1764 ⁰
1059 1741 1244 1783 Nequitam]
1281 1741 1421 1773 Pacuvii
1453 1740 1674 1773 Trochaicum

979 1794 1195 1825 emendamus
1210 1804 1217 1823 :
1245 1792 1308 1823 Sed
1326 1802 1393 1822 cum
1407 1792 1549 1822 contendi
1571 1793 1675 1831 nequi—

981 1849 1045 1876 tum
1068 1845 1110 1882 vi,
1125 1844 1204 1875 clam
1225 1843 1377 1874 tendenda
1391 1846 1437 1873 est
1458 1843 1563 1882 plaga.
1610 1842 1676 1873 Ubi

979 1895 1129 1934 notabis,
1141 1894 1341 1934 simpliciter
1354 1892 1487 1934 plagam
1503 1892 1602 1923 etiam
1615 1902 1676 1932 pro

981 1951 1065 1976 rete.
1111 1944 1321 1976 Glossarium
1337 1955 1343 1973 ε
1376 1943 1384 1958 ‘
1403 1943 1533 1983 Plagae,
1550 1953 1677 1981 κυνηγε-

978 1996 1049 2027 τικὰ
1065 1994 1161 2027 Mna?
1182 1996 1251 2026 J08.
1267 1994 1349 2025 Scal.

1024 2045 1034 2065 s
1056 2046 1145 2076 Faaa
1160 2045 1193 2075 in
1208 2054 1242 2075 eo
1256 2043 1335 2083 loco]
1359 2042 1498 2075 Catonis
1515 2041 1619 2073 verba
1634 2042 1677 2073 de

979 2096 1174 2137 Tarquinio,
1202 2095 1269 2135 qui,
1294 2098 1357 2124 ‘ut
1383 2093 1488 2123 libera
1513 2102 1532 2123 a
1555 2093 1676 2124 ceteris

982 2146 1199 2187 religionibus
1237 2154 1316 2174 area
1352 2148 1456 2182 esset,
1481 2147 1553 2174 tota
1582 2144 1677 2176 ,lovis

980 2196 1164 2236 templique
1189 2194 1272 2234 ejus,
1288 2192 1377 2234 quod
1403 2191 1678 2233 inaedificaretur,

983 2254 1192 2286 exaugurare
1218 2243 1296 2277 fana
1323 2244 1513 2284 sacellaque
1537 2245 1678 2281 statui13

982 2307 1056 2338 quae
1073 2297 1200 2337 aliquot
1217 2295 1261 2326 ibi
1278 2304 1297 2325 a
1317 2294 1413 2324 Tatio
1429 2302 1520 2334 rege,
1536 2295 1679 2335 primum

983 2347 1016 2378 in
1044 2347 1116 2388 ipso
1142 2344 1336 2376 discrimine
1364 2344 1524 2375 adversus
1553 2344 1678 2376 Romu-

984 2398 1050 2428 lum
1075 2405 1196 2437 pugnae
1214 2400 1304 2433 vota,
1321 2399 1520 2426 consecrata
1542 2395 1679 2435 inaugu-

986 2452 1126 2487 rataque
1144 2449 1261 2486 postea
1282 2443 1427 2476 fuerant.
1474 2445 1569 2476 Inter
1588 2446 1679 2486 prin·

986 2497 1074 2536 cipia
1093 2494 1260 2527 condendi
1276 2494 1373 2535 hujus
1395 2494 1519 2535 operis,
1536 2495 1678 2526 movisse

985 2556 1108 2577 numen
1131 2546 1173 2577 ad
1197 2544 1409 2576 indicandam
1433 2545 1518 2575 tanti
1547 2545 1680 2585 imperii

987 2597 1105 2627 molem
1125 2594 1270 2627 traditur
1286 2595 1398 2625 Deos:
1424 2603 1500 2624 narn
1518 2604 1592 2626 cum
1610 2606 1679 2626 om-

987 2646 1075 2676 nium
1101 2645 1299 2676 sacellorum
1322 2645 1602 2682 exaugurationes
1622 2646 1677 2676 ad-
