1835 2906
240 92 325 133 474

686 105 833 137 SEXTI
869 108 1065 139 POMPEI!
1103 110 1239 141 FESTI

242 195 341 237 Nec
361 197 561 250 legenS,‘²
589 198 732 241 dictus
754 207 825 242 est
856 215 938 243 non
967 203 1132 256 legens,
1170 218 1310 258 neque
1343 206 1472 248 dilec-
1517 207 1679 261 [Fsss'r.

298 270 388 304 tum
423 263 585 306 habens
620 268 726 320 quid
760 269 902 311 facere
943 270 1105 313 debeat
1134 272 1299 313 omissa
1338 274 1504 315 ratione
1545 275 1675 316 officii

300 344 382 372 Sul.

243 398 486 451 Negotium
508 402 624 454 quod
645 401 788 443 nonsit
807 403 947 443 otium.

242 463 393 517 Navos,
410 480 434 507 a
454 468 570 508 navis
589 469 811 520 celeritate,
834 484 936 524 quae
957 469 1203 512 velocissima
1226 478 1296 523 est,
1318 472 1499 515 dicimus,

239 532 495 586 Negotium,
508 538 625 590 quod
645 551 732 578 non
755 538 814 578 sit
834 539 986 580 otium.

240 600 424 654 Negritu
448 601 457 625 ¹
487 605 529 644 in
552 606 743 657 auguriis
759 605 973 659 signifieat
993 608 1229 659 aegritudo.

1502 542 1680 595 [PAUL.

1516 609 1681 662 [Fsss'r.

240 667 488 721 Negumate
512 676 580 701 ¹³¹¹²
608 672 650 712 in
680 673 869 713 carmine
901 673 1001 715 CN.
1024 674 1183 717 Marcii
1216 677 1329 718 vatis
1362 676 1576 730 significat
1606 689 1682 717 ne·

235 766 237 769 <
295 741 408 788 gate,
462 751 559 779 eum
601 740 688 781 ait:
739 740 955 790 Quamvis
994 745 1264 785 moventium
1321 744 1511 785 duonum
1549 757 1680 797 negu-

295 807 427 845 mate.

239 869 502 923 Negumate,
520 880 691 927 negate.

1499 879 1679 933 [PAUL.

238 936 441 979 Neminis
456 944 472 960 ¹¹
506 942 698 993 genitivo
733 957 839 985 casu
873 945 984 987 Cato
1012 958 1120 986 usus
1146 952 1224 995 est,
1259 958 1358 986 cum
1395 946 1508 988 dixit
1527 962 1535 985 :
1569 946 1682 987 Sunt

292 1006 417 1047 multi
431 1009 578 1059 corde,
594 1023 706 1063 quos
727 1025 810 1053 non
829 1013 1008 1055 miseret
1029 1014 1224 1054 neminis.

239 1070 439 1115 Neminis
455 1079 471 1096 ⁰
488 1076 668 1131 genitivo
686 1092 777 1119 casu
796 1093 886 1120 usus
899 1087 953 1121 est
980 1078 1083 1121 Cato
1101 1095 1187 1121 cum
1203 1079 1307 1121 dixit
1328 1086 1372 1123 et
1392 1082 1493 1135 quis
1515 1082 1679 1134 [FEST.

836 1201 956 1212 eeeeee

960 1201 1079 1212 tttttt

280 1275 318 1304 1-2
343 1273 421 1304 Vet.
438 1274 494 1306 lib.
513 1276 789 1316 Neglegens.—13
815 1279 1009 1320 Legendum
1025 1285 1138 1311 monet
1154 1280 1244 1311 Scal.
1263 1280 1421 1319 Neginale
1437 1279 1488 1310 vel
1504 1279 1681 1319 Neguuate.

237 1316 326 1348 Vide
343 1316 438 1348 infra.

886 1398 1029 1430 NOTAE

236 1456 294 1487 lib.
316 1466 349 1488 v.
370 1457 411 1488 de
437 1458 475 1489 L.
494 1459 532 1489 L.
559 1464 566 1476 ¹
581 1460 801 1500 Negligentia
827 1462 929 1502 igitur

236 1516 277 1536 ex
293 1516 345 1547 eo,
362 1508 450 1548 quod
468 1510 541 1550 quis
567 1519 632 1541 non
650 1516 766 1542 utatur
782 1513 929 1544 dilectu:

236 1557 413 1599 diligentia
442 1566 568 1599 contra,
599 1562 676 1602 quia
711 1563 842 1604 diligat,
871 1565 931 1596 hoc

236 1614 299 1647 est,
316 1609 465 1650 defigat)
490 1611 568 1641 Dae.

278 1658 286 1678 ¹
311 1660 463 1701 Negritu]
486 1661 613 1693 Dubito
643 1663 720 1703 quid
750 1664 811 1695 hoc
841 1664 931 1696 verbi

237 1710 298 1740 sit:
325 1714 408 1750 puto
436 1716 547 1741 tamen
570 1713 635 1742 ritu
657 1723 731 1744 esse
758 1724 817 1754 pro
845 1716 930 1745 rite:

234 1769 288 1789 nec
318 1761 393 1795 ritu,
424 1762 574 1800 negritu:
614 1768 650 1794 ut
684 1766 768 1795 ‘nec
799 1766 930 1804 otium‚'

236 1813 244 1826 ‘
264 1811 456 1851 negotium.'
502 1813 590 1852 Ergo
616 1824 670 1845 nec
684 1816 756 1853 rite,
774 1825 849 1846 cum
866 1825 931 1846 non

236 1869 329 1894 recte
347 1869 417 1894 est:
442 1865 503 1894 rite
521 1871 633 1896 antem
660 1872 694 1896 et
721 1868 784 1897 ritu
811 1867 852 1897 ad
882 1877 931 1897 sa-

236 1913 363 1944 crificia
391 1918 426 1945 et
452 1916 591 1955 auguria
618 1916 789 1957 pertinere
814 1922 930 1947 notum

237 1970 298 1995 est.
323 1964 420 1996 Idem.

279 2019 299 2033 ¹¹¹
327 2015 518 2056 Negumale]
542 2017 656 2047 Verba
674 2017 732 2048 Cn.
750 2018 867 2049 Marcii
883 2018 930 2049 in-

238 2070 389 2105 terprete
403 2072 514 2105 egent.
538 2068 615 2098 Ant.
632 2068 717 2107 Aug.

281 2116 472 2155 Negumute]
498 2117 602 2156 Lego,
619 2119 790 2158 Neginate,
801 2120 852 2149 vel
868 2120 932 2151 Ne·

234 2171 363 2205 gunate.
413 2167 573 2206 Neginare
590 2177 651 2208 pro
666 2178 802 2207 negare.-
819 2174 854 2200 ut
865 2169 931 2199 Na-

237 2219 338 2249 cinare
353 2227 413 2257 pro
428 2222 548 2248 natare.
594 2218 760 2249 Carminis
787 2219 930 2249 Martia-

236 2269 270 2298 ni
287 2267 389 2298 verba
402 2268 447 2298 ita
461 2268 618 2298 videntur
632 2268 796 2308 legenda:
817 2269 932 2304 Quam·

235 2318 283 2348 vis
292 2318 459 2348 z'nduitium
471 2319 615 2357 duonum,
624 2322 786 2357 negumate.
809 2319 932 2352 Quam-

236 2368 300 2406 vis,
318 2368 439 2409 inquit,
455 2368 576 2398 bonum
595 2367 699 2399 fuerit
717 2369 861 2406 initium,
886 2374 933 2399 ta-

237 2425 314 2446 men
351 2422 472 2457 negate
509 2426 642 2458 semper
668 2416 830 2450 futurum.
859 2419 928 2449 Jos.

237 2465 320 2496 Scal.

283 2516 472 2557 Negumnle]
495 2519 598 2559 Lege,
614 2523 778 2558 negunatc,
802 2529 820 2549 a
844 2529 932 2558 nego,

238 2567 362 2605 vegim),
384 2567 452 2597 sive
469 2578 599 2607 neg-uno,
617 2575 654 2599 ut
671 2579 689 2600 a
705 2574 712 2586 ‘
725 2569 832 2608 nato‚’
852 2571 860 2586 ‘
875 2580 931 2600 na·

239 2616 311 2646 tino
324 2616 343 2645 :¹
366 2617 375 2633 ‘
391 2616 493 2655 fuco‚’
510 2623 517 2635 ‘
531 2618 675 2649 fucino?
691 2624 699 2636 ‘
714 2620 845 2661 coqno,’
860 2626 867 2636 ⁴
879 2630 932 2651 co-

242 2665 342 2706 qnino
358 2665 379 2696 :'

411 2667 541 2702 ‘trico‚'
569 2669 737 2700 ‘tricin0.'
785 2670 930 2701 Carmen

985 1464 1107 1495 Marcii
1125 1464 1209 1494 vatis
1225 1464 1273 1494 sic
1290 1464 1364 1503 lege
1380 1473 1387 1492 ε
1411 1462 1559 1498 Quamvis
1574 1462 1677 1491 indui-

985 1514 1061 1544 tium
1098 1515 1244 1551 duonum,
1278 1516 1444 1551 negunate.
1502 1511 1677 1544 Quamvis,

987 1564 1106 1605 inquit,
1136 1563 1259 1593 bonum
1281 1561 1385 1592 fuerit
1402 1562 1549 1600 initium,
1564 1566 1675 1592 tamen

987 1620 1110 1654 negate
1143 1622 1276 1651 semper
1301 1612 1465 1643 futurum.
1489 1611 1570 1642 Scal.
1619 1611 1683 1642 Re-

989 1663 1162 1693 tinendum
1180 1666 1344 1701 negumate
1356 1674 1365 1691 .·
1389 1662 1438 1693 ita
1451 1662 1538 1692 enim
1556 1670 1615 1701 pro
1632 1671 1683 1692 ne-

983 1717 1112 1752 gumate,
1126 1724 1145 1743 n
1163 1722 1328 1743 converso
1345 1712 1378 1743 in
1395 1722 1437 1751 m,
1452 1717 1489 1743 ut
1507 1713 1538 1743 in
1555 1713 1563 1728 ‘
1578 1714 1683 1753 mugi-

987 1763 1078 1793 nari’
1103 1773 1162 1803 pro
1186 1766 1194 1779 ‘
1207 1761 1464 1803 nuginari‚’&c.
1491 1763 1576 1795 Dae.

1030 1820 1042 1833 ¹¹
1073 1812 1232 1852 Neminis]
1258 1813 1294 1843 ln
1312 1813 1424 1843 verbis
1441 1813 1591 1853 Catonis,
1608 1823 1680 1854 quae

987 1864 1114 1895 Paulus
1131 1862 1249 1902 referi,
1268 1863 1403 1893 verbum
1420 1865 1509 1893 corde
1525 1862 1604 1894 nihii
1619 1863 1683 1903 sig-

987 1914 1117 1952 nificat,
1149 1919 1182 1944 at
1211 1914 1236 1943 si
1267 1913 1384 1952 addas,
1411 1914 1542 1954 lapideo,
1564 1923 1681 1944 sensns

987 1965 1132 1996 elicitur.
1184 1964 1250 1995 Sed
1280 1964 1437 1994 videntur
1468 1973 1540 1995 esse
1572 1964 1681 2004 potitae

985 2016 1147 2055 alicnjns;
1172 2019 1209 2045 ut
1240 2015 1309 2051 ina,
1338 2018 1367 2045 et
1394 2015 1461 2054 quis
1490 2016 1590 2045 dicere
1614 2025 1682 2045 cum

985 2067 1024 2097 sil
1038 2078 1047 2096 .-
1075 2065 1220 2097 fortasse
1238 2066 1335 2096 Ennii
1355 2066 1386 2095 in
1404 2066 1612 2096 Ereclnlieo:
1639 2065 1682 2095 de

987 2128 1054 2158 qua
1076 2116 1243 2155 tragoedia
1270 2116 1358 2147 Gen.
1386 2115 1442 2146 lib.
1468 2124 1517 2146 vt.
1536 2125 1609 2155 cap.
1630 2118 1681 2146 16.

987 2172 1023 2198 et
1041 2166 1261 2197 Macmb-lib.
1278 2174 1328 2196 v1.
1345 2165 1456 2196 Satur.
1472 2166 1548 2196 Ant.
1564 2165 1650 2204 Aug.

1027 2215 1187 2255 Neminis]
1210 2216 1302 2246 Mira
1318 2215 1371 2246 hie
1395 2220 1447 2246 est
1471 2215 1568 2246 Pauli
1590 2215 1682 2256 supi-

984 2266 1087 2305 nitas,
1099 2266 1154 2307 qui
1171 2266 1292 2297 Catoni
1306 2265 1424 2296 tribuit
1435 2275 1509 2307 quae
1524 2271 1601 2296 sunt
1615 2266 1682 2296 En-

984 2317 1044 2355 nii,
1057 2322 1091 2347 ιιι
1106 2315 1191 2347 infra
1209 2325 1249 2346 ex
1267 2316 1382 2346 Festo.
1407 2316 1489 2347 Dac.

1028 2372 1042 2387 ⁰
1082 2366 1243 2406 Nemim's]
1273 2365 1419 2396 Neminis
1443 2366 1582 2404 genitivo
1610 2375 1682 2396 casu

984 2427 1056 2449 usus
1071 2420 1115 2448 est
1133 2416 1224 2454 Cato,
1239 2425 1305 2446 cum
1331 2416 1414 2446 dixit
1431 2427 1441 2446 .-
1464 2420 1492 2446 et
1514 2416 1582 2456 quis
1598 2416 1681 2446 dice·

984 2472 1044 2507 ret,
1061 2477 1129 2498 cum
1144 2467 1185 2497 sit
1202 2465 1351 2497 neminis?
1398 2466 1484 2496 Idem
1507 2467 1544 2496 de
1569 2466 1681 2504 magis-

986 2518 1120 2549 tratibus
1144 2518 1221 2548 vitio
1244 2517 1377 2547 crealis:
1402 2516 1589 2555 neminisque
1607 2539 1614 2547 .
1628 2539 1635 2546 .
1650 2539 1657 2547 .
1672 2539 1679 2545 .

989 2571 1110 2601 Ennius
1125 2570 1157 2599 in
1176 2568 1338 2601 Erectheo,
1359 2569 1411 2598 ἃς.
1434 2566 1506 2598 JOS.
1525 2566 1614 2596 Scai.

1033 2620 1177 2651 Neminis
1191 2617 1346 2658 genitivo]
1366 2617 1509 2647 Neminis
1519 2617 1618 2647 etiam
1634 2619 1677 2647 le-

989 2671 1079 2710 gitur
1108 2669 1194 2710 apud
1222 2669 1378 2701 Plautum
1407 2667 1541 2707 (Laptiv.
1570 2677 1624 2699 ιιι.
1647 2672 1677 2698 5.
