1835 2906
351 153 414 182 DE
447 149 718 182 VERBORUM
753 148 1158 180 SlGNlFIGATIONE
1193 149 1287 177 LlB.
1322 149 1396 179 lll.

151 248 272 290 Casa
286 245 301 269 k
323 260 349 288 a
369 247 603 288 cavatione
626 246 757 288 dicta.

151 311 358 360 casaria)
380 327 479 368 quae
503 313 697 355 custodit
718 324 881 353 casam.

151 382 341 424 Caecum
356 388 382 404 ¹¹¹
415 383 663 436 antiquum.

153 450 362 499 Caseus,¹¹
392 463 418 491 a
439 450 637 491 coeundo
657 449 816 490 dictus.

1512 138 1595 178 141

153 517 390 558 Casinam⁰
423 516 617 557 fabulam
653 515 842 556 Plautus
876 512 1101 566 inscripsit
1136 512 1192 553 ab
1228 512 1399 553 ancillae
1427 512 1599 553 nomine

209 585 389 635 Casina,
411 598 542 639 quam
564 584 701 625 amari
722 596 749 623 a
770 593 876 623 sene
898 580 1160 622 introduxit.

153 653 358 701 Casmrss
381 666 517 693 senex
540 650 756 692 Oscorum
777 650 939 702 lingua.

152 720 469 760 cassabundus
488 724 518 748 ¹³
537 724 552 747 ‘³
585 719 734 759 crebro
757 718 932 759 cadens.

153 786 339 828 Cassias
370 787 443 828 via
464 800 491 828 a
508 786 667 827 Cassio
688 790 840 827 strata.

761 905 879 918 eeeeee

885 904 1002 918 eeeeee

196 998 236 1027 13
261 993 373 1027 Unico
388 1004 403 1026 s
420 994 634 1026 scribendum
649 998 788 1026 monent
805 994 890 1026 Scal.
907 998 942 1026 et
958 995 1045 1025 Dae.

805 1114 949 1148 NOTAE

196 1191 211 1215 ¹<
236 1192 332 1233 Casa]
354 1193 475 1225 Potius
498 1202 518 1224 a
533 1203 613 1229 caso,
633 1192 665 1223 id
682 1196 746 1230 est,
760 1192 847 1231 cado,

152 1244 239 1286 quod
256 1244 357 1275 cadat
378 1242 491 1275 facile.
537 1244 604 1274 Alii
628 1254 645 1273 a
661 1241 747 1277 καίω,
774 1251 848 1276 uro,

152 1294 242 1336 quod
256 1292 353 1324 facile
369 1299 506 1324 uratur:
532 1293 589 1324 alii
605 1293 713 1324 aliter.
739 1292 820 1323 Duc.

198 1343 206 1364 ¹
229 1343 376 1383 Casaria]
400 1344 473 1383 Est,
493 1353 590 1384 quam
611 1343 725 1374 Graeci
753 1341 850 1373 οἰκου-

169 1393 218 1425 ίδα
251 1399 386 1435 vocant,
423 1394 564 1426 Hebraei
602 1395 746 1426 Navam.
780 1394 851 1425 Jos.

152 1444 238 1476 Scal.

196 1499 219 1514 ¹²¹
246 1495 391 1536 Casa-um]
417 1495 525 1526 Varro
549 1494 607 1526 lib.
624 1504 675 1526 vr.
698 1493 741 1525 de
757 1493 798 1524 L.
812 1494 851 1525 L.

152 1545 320 1577 ‘cascum
344 1546 516 1586 significat
539 1550 636 1576 vetus
658 1545 732 1586 ejus
757 1545 852 1585 origo

152 1595 288 1634 Sabina,
306 1606 382 1637 quae
399 1606 506 1637 usque
523 1596 652 1627 radices
675 1596 708 1626 in
727 1594 851 1626 oscam

152 1649 301 1689 linguam
339 1649 421 1690 egit.
466 1650 610 1680 Cascum
649 1652 745 1678 vetus
777 1656 852 1677 esse

153 1698 321 1739 significat
337 1699 465 1730 Ennius
482 1708 557 1729 cum
569 1698 635 1729 ait:
662 1697 772 1729 Quam
786 1696 853 1736 pri-

154 1758 243 1779 mum
276 1749 375 1780 Casei
406 1750 522 1789 populi
548 1756 694 1788 genuere
720 1745 855 1777 Latini!

153 1799 310 1839 Scaliger
326 1801 398 1830 vult
414 1809 490 1830 esse
506 1799 547 1830 ab
563 1799 652 1829 Osca
668 1806 749 1828 voce
766 1806 854 1827 casus

154 1849 296 1881 παλαιός.
342 1849 441 1881 Unde
459 1853 493 1880 et
509 1859 631 1888 casnar,
646 1857 759 1879 senex.
794 1847 853 1878 Vi-

154 1900 199 1931 de
215 1899 315 1930 infra.
337 1900 418 1932 Dae.

197 1955 212 1970 ¹¹
238 1950 368 1991 Caseus]
394 1950 424 1981 A
454 1954 575 1981 coacto
603 1950 691 1980 lacte
716 1957 852 1979 caseum

156 2006 313 2032 vocatum
339 2001 386 2031 ait
402 2001 510 2031 Varro
531 1999 591 2031 lib.
620 2009 671 2030 1v.
695 1998 737 2029 de
762 1999 800 2029 L.
814 1999 852 2029 L.

155 2050 250 2091 quasi
265 2059 420 2081 coaxeum.
465 2053 475 2067 ‘
490 2049 642 2089 Caseus‚'
664 2049 785 2089 inquit,
810 2048 818 2064 ‘
835 2058 854 2079 a

153 2105 274 2132 coacto
289 2101 390 2135 lacte,
407 2104 444 2131 ut
460 2109 606 2131 coaxeus
623 2098 761 2130 dictus.’
786 2098 855 2129 Alii

155 2160 175 2180 a
190 2151 321 2182 carendo
336 2150 424 2191 quod
442 2154 559 2181 careat
576 2159 660 2181 sero.
705 2149 858 2189 Scaliger

155 2201 196 2232 ab
208 2201 301 2233 Osco
311 2211 410 2242 casus,
424 2201 595 2242 antiquus,
612 2206 648 2232 ut
659 2201 703 2232 sit
719 2201 856 2241 proprie

155 2251 208 2282 lac
225 2256 395 2282 vetustate
411 2256 565 2283 coactum
577 2256 854 2292 concretumque.

157 2299 322 2331 Varronis
349 2305 501 2342 etymon,
517 2301 595 2332 mihi
620 2301 768 2342 quidem,
799 2310 854 2333 ce-

159 2350 241 2380 teris
267 2356 420 2390 praestat.
445 2352 542 2382 Idem.

201 2405 215 2420 ⁰
240 2400 401 2440 Casinam]
424 2401 514 2432 Huic
531 2400 669 2433 Fabulae
686 2410 854 2443 nunquam

156 2451 291 2482 casinam
308 2460 429 2482 nomen
451 2451 592 2482 Plautus
608 2452 780 2492 imposuit,
797 2453 857 2483 sed

159 2502 334 2533 sortientes.
380 2503 470 2533 Nam
498 2502 667 2542 Diphilus,
685 2502 742 2542 qui
765 2503 857 2533 illam

159 2552 283 2583 Graece
299 2552 496 2592 scripserat,
516 2552 696 2583 clerumenoe
714 2561 857 2583 vocave-

160 2607 224 2637 rat,
238 2612 303 2633 non
317 2601 538 2643 κληρουμένην,
552 2606 588 2633 ut
599 2602 685 2632 male
700 2602 857 2632 Camera-

161 2652 241 2683 rius.
288 2653 408 2694 Neque
442 2658 494 2683 est
531 2651 622 2694 quod
656 2660 857 2692 quemquam

161 2707 295 2734 moveat
326 2707 557 2743 argumentum
587 2701 676 2742 quod
699 2701 746 2732 illi
774 2710 858 2741 prae·

901 1190 1074 1221 mittitur:
1106 1188 1177 1227 ubi,
1206 1188 1312 1220 ‘Post
1336 1187 1369 1219 id
1394 1196 1523 1219 rursum
1547 1184 1605 1217 dg„

902 1252 969 1272 nuo
987 1242 1108 1272 Latine
1136 1241 1279 1272 Plautus
1301 1250 1376 1271 cum
1393 1238 1531 1271 latranti
1549 1247 1606 1268 noe

902 1292 1017 1323 mine)
1060 1291 1126 1322 Ubi
1145 1300 1205 1332 per
1228 1292 1378 1322 ‘latrans
1396 1288 1542 1328 nomen,'
1556 1298 1606 1318 ca⁴

901 1343 970 1374 sina
1000 1342 1215 1382 intelligitur,
1245 1351 1321 1373 nam
1346 1351 1411 1372 uno
1439 1344 1477 1371 ut
1501 1338 1606 1369 verbo

905 1393 1028 1432 dicam,
1044 1398 1276 1433 argumentum
1300 1391 1380 1423 illud
1404 1396 1473 1422 tam
1490 1388 1607 1421 Plauti

906 1448 960 1475 est
975 1454 1073 1484 quam
1091 1443 1179 1485 quod
1202 1451 1371 1483 nunquam
1388 1440 1465 1472 fuit.
1513 1438 1608 1471 Casi-

907 1505 983 1526 nam
1015 1494 1132 1525 dixere
1158 1494 1214 1535 qui
1244 1497 1320 1534 post
1348 1492 1510 1524 Plautum
1536 1489 1607 1520 nati

907 1549 998 1577 sunt.
1022 1546 1121 1576 Idem.

951 1600 966 1620 1‘
992 1595 1126 1635 Casuar]
1159 1595 1281 1625 Senem
1307 1594 1488 1624 Casnarem
1515 1589 1607 1620 Osce

907 1645 1034 1676 dictum
1053 1649 1200 1676 testatur
1223 1644 1320 1674 etiam
1338 1643 1457 1673 Varro.
1503 1639 1610 1670 Scali-

907 1705 968 1736 ger
990 1695 1128 1726 deducit
1148 1704 1166 1725 a
1185 1695 1282 1724 Casus
1306 1692 1474 1732 antiquus.
1519 1688 1608 1719 Vide

908 1756 1011 1786 supra
1037 1743 1230 1777 ‘Cascum.'
1289 1743 1377 1773 Vide
1415 1737 1610 1772 ‘Nonium.'

907 1795 1100 1827 Verisimile
1120 1797 1274 1826 Casuares
1292 1793 1332 1824 ab
1361 1792 1460 1823 Oscis
1486 1789 1609 1827 dictos,

908 1848 964 1889 qui
984 1847 1112 1878 Latinis
1137 1846 1207 1877 cani
1234 1855 1252 1876 a
1272 1843 1461 1875 canitudine.
1508 1839 1609 1870 Ratio

909 1897 1063 1938 estquod
1086 1897 1119 1927 in
1146 1895 1285 1926 vocibus
1309 1893 1375 1924 suis
1393 1890 1488 1931 Osci,
1512 1894 1549 1920 ut
1572 1894 1610 1919 et

906 1947 1034 1987 Sabini,
1056 1945 1128 1977 fere
1156 1953 1291 1985 semper
1316 1942 1448 1973 sibilum
1467 1939 1610 1977 addunt,

907 1997 978 2028 sive
1004 1997 1139 2028 literam
1160 2006 1188 2034 s,
1216 2003 1317 2036 quam
1342 2003 1361 2023 a
1377 1990 1510 2022 Graecis
1537 1989 1609 2020 Do-

908 2047 1075 2078 riensibus
1096 2048 1316 2086 acceperunt.
1362 2042 1470 2072 Iidem
1492 2049 1611 2071 cascum

909 2108 971 2139 pro
989 2098 1126 2139 antiquo
1149 2096 1304 2126 nimirum
1328 2101 1345 2123 a
1363 2093 1487 2123 Graeco
1507 2089 1612 2128 κακὸς,

910 2148 1042 2179 debilis.
1089 2148 1207 2185 Canos,
1236 2153 1349 2182 cacus,
1380 2151 1507 2172 caseus.
1553 2140 1609 2170 Sic

910 2196 1129 2230 ‘casmenas’
1153 2196 1313 2227 dixerunt
1332 2202 1391 2234 pro
1415 2193 1423 2209 ‘
1439 2188 1612 2222 camenis.'

911 2250 1009 2280 Idem.

952 2304 966 2325 ‘1
984 2295 1215 2335 Cassabmzdus]
1239 2294 1348 2325 Unico
1361 2303 1385 2332 s,
1399 2291 1612 2323 Cusabumlus.

910 2349 999 2380 Vide
1017 2350 1216 2379 Varronem.
1238 2346 1308 2375 JoS.
1323 2343 1404 2374 Scae.

957 2395 1187 2435 [lassabundus]
1210 2392 1432 2425 scribendum
1452 2390 1610 2422 Casalmn-

911 2450 967 2480 dus
978 2448 1075 2478 unico
1084 2448 1271 2487 s‚aC«sare.
1289 2444 1402 2474 Plaut.
1416 2442 1490 2473 Mil.
1505 2441 1611 2471 ‘Bac-

912 2499 1076 2529 chabatur
1106 2498 1215 2535 hama,
1238 2493 1401 2525 casabant
1423 2491 1521 2523 cadi.'
1566 2492 1610 2521 Et

913 2548 1073 2579 Naevius:
1101 2548 1110 2564 ‘
1128 2546 1197 2578 Risi
1220 2548 1358 2585 egomet
1379 2541 1610 2575 casabnndum

913 2598 962 2629 ire
980 2596 1136 2628 ebrium.’
1161 2597 1240 2627 Duc.

956 2656 967 2671 r
993 2650 1116 2690 Cassia]
1140 2649 1194 2681 Ab
1211 2652 1350 2680 auctore
1368 2646 1492 2679 Cassio.
1524 2645 1610 2675 ΗΜ

914 2706 1011 2732 extra
1025 2701 1278 2732 Flumentanam
1298 2707 1359 2739 per
1373 2696 1536 2735 Sutrium,
1553 2694 1611 2724 vi.
