1835 2906
373 146 436 174 DE
471 143 743 174 VERBORUM
779 142 1194 173 SIGNIFICATIONE
1230 143 1326 172 LIB.
1362 142 1434 173 IX.

1550 132 1634 174 317

187 243 408 297 Imparem
427 247 680 282 numerume
716 240 883 294 antiqui
911 238 1232 292 prosperiorem
1260 239 1512 279 hominibus
1535 251 1635 279 esse

243 309 536 351 crediderunt.

190 379 388 431 Impares
410 377 533 417 tibiae
547 374 559 397 f
577 389 758 416 numero
779 374 1040 415 foraminum
1063 373 1280 414 discretae.

188 446 498 498 Imparentem,
519 458 604 485 non
626 448 867 497 parentem,
890 443 972 482 hoc
993 446 1070 490 est,
1091 441 1383 482 obedientem.

189 513 535 566 Impelimenta,g
557 512 871 566 impedimenta
892 511 1106 551 dicebant.

190 579 517 635 Impenetrale,¹¹
541 580 669 633 cujus
689 566 885 620 ultimum
909 578 1134 632 penetrale
1157 578 1317 618 intrare
1338 589 1424 616 non
1448 577 1561 616 licet.

191 649 460 701 Impensam,
477 646 662 701 stipem,i
683 659 745 688 aes
767 659 956 695 sacrum,
979 645 1099 699 quod
1121 644 1312 706 nondum
1328 647 1421 685 erat
1436 657 1639 697 pensum,

846 771 874 800 N
883 769 985 800 OTAE

236 855 247 869 ‘³
274 850 425 887 Imparem
444 847 617 887 numerum]
633 847 753 887 virgil.
769 847 886 885 Eclog.

194 910 275 931 vni.
293 900 468 930 ‘Numero
485 899 576 929 Deus
593 899 722 938 impare
741 895 889 937 gaudet?

194 951 260 982 Ubi
276 950 412 981 Servius
430 960 436 979 ε
463 951 471 965 ‘
486 948 555 979 Aut
570 956 832 988 quemcumque,
844 946 890 976 in-

194 1001 280 1041 quit,
306 1008 502 1038 superorum
520 999 621 1038 juxta
644 997 894 1038 Pythagoreos,

196 1051 253 1091 qui
282 1049 464 1080 ternarium
496 1058 665 1079 numerum
700 1046 891 1087 perfectum

196 1111 322 1132 summo
342 1102 416 1131 Deo
434 1099 621 1138 assignant,
637 1109 654 1129 a
672 1108 736 1138 quo
761 1097 891 1128 initium

198 1157 231 1182 et
251 1151 396 1182 medium
415 1155 449 1181 et
466 1150 540 1180 finis
557 1156 619 1180 est.
664 1148 733 1180 Aut
753 1158 788 1178 re
812 1157 893 1177 vera

196 1202 356 1233 Hecaten
373 1200 471 1238 dicit,
489 1200 585 1240 cujus
603 1200 727 1239 triplex
742 1202 892 1238 potestas

197 1263 270 1283 esse
282 1252 492 1292 perhibetur,
509 1251 597 1281 unde
609 1256 643 1281 et
655 1249 664 1266 ζ
676 1250 740 1280 tria
755 1248 893 1288 virginis

198 1313 256 1334 ora
274 1302 416 1334 Dianae.'
452 1303 613 1334 Quamvis
625 1302 770 1332 omnium
789 1309 895 1341 prope

197 1356 350 1386 Deorum
369 1358 520 1394 potestas
533 1353 659 1394 triplici
672 1353 768 1392 signo
784 1356 895 1382 osten-

199 1405 310 1440 datur,
349 1409 384 1435 ut
422 1405 519 1436 Jovis
564 1404 712 1435 trifidum
756 1402 896 1439 fulmen,

199 1456 352 1495 Neptuni
378 1455 517 1495 tridens,
541 1454 699 1485 Plutonis
726 1454 819 1485 canis
840 1453 896 1482 tri-

200 1516 290 1545 ceps.
335 1505 470 1546 Apollo,
483 1506 572 1536 idem
590 1506 661 1540 Sol,
679 1504 767 1535 idem
786 1504 897 1534 Liber.

199 1557 263 1586 Vel
279 1556 367 1597 quod
380 1556 489 1587 omnia
502 1556 653 1587 ternario
667 1565 807 1586 numero
819 1564 898 1585 con-

201 1608 363 1642 tinentur,
381 1613 417 1638 ut
436 1607 567 1641 Parcae,
593 1606 714 1644 Furiae,
733 1605 897 1635 Hercules

203 1658 302 1687 etiam
320 1658 481 1687 trinoctio
506 1660 819 1695 conceptus‚musae
833 1658 898 1684 ter·

204 1718 269 1745 nae,
296 1712 354 1737 aut
377 1707 498 1746 impari
523 1704 899 1747 quemadmodumcum-

206 1767 284 1798 que,
319 1766 394 1787 nam
426 1761 556 1796 septem
588 1756 737 1792 chordae,
769 1761 899 1794 septem

205 1809 366 1847 planetae,
383 1812 511 1847 septem
526 1807 595 1837 dies
612 1806 798 1837 nominibus
814 1807 901 1837 Deo-

206 1862 435 1897 rum‚septem
458 1858 566 1887 stellae
595 1858 627 1888 in
654 1857 903 1897 septentrione,

206 1913 243 1939 et
259 1908 365 1938 multa
386 1908 436 1938 his
458 1908 593 1938 similia.
640 1908 683 1938 Et
709 1908 818 1948 impar
843 1917 902 1937 nu-

207 1968 318 1989 merus
335 1959 544 1997 immortalis,
556 1958 633 1999 quia
652 1958 757 1989 dividi
771 1958 904 1998 integer

208 2019 273 2039 non
305 2015 431 2050 potest,
459 2020 520 2049 par
549 2019 706 2040 numerus
738 2009 904 2047 mortalis,

209 2060 288 2100 quia
314 2059 419 2090 dividi
444 2064 568 2100 potest.
614 2060 713 2090 Licet
730 2060 840 2089 Varro
857 2059 905 2089 di-

209 2116 264 2141 cat
282 2110 511 2151 Pythagoreos
523 2115 645 2151 putare
660 2110 822 2150 imparem
847 2119 906 2140 nu-

209 2170 336 2191 merum
355 2161 481 2191 habere
503 2160 616 2198 finem,
634 2170 749 2200 parem
764 2169 838 2190 esse
856 2160 906 2190 in-

209 2213 361 2250 finitum,
380 2212 462 2254 *ideo
481 2211 637 2242 medendi
660 2221 762 2241 causa
785 2211 907 2242 multa-

212 2272 352 2301 rumque
371 2272 480 2292 ret-um
498 2262 644 2302 impares
668 2270 822 2292 numeros
838 2271 906 2291 ser-

212 2311 307 2342 vari.’
355 2311 438 2342 Haec
465 2312 611 2343 Servius.
656 2312 744 2342 Vide
762 2311 907 2342 Gellium

213 2361 271 2392 lib.
291 2370 345 2392 ιη.
361 2371 437 2401 cap.
454 2363 506 2391 10.
530 2362 627 2392 Idem.

258 2413 270 2432 f
290 2414 428 2453 Impar-es
449 2412 549 2451 tibioe]
561 2413 696 2443 Dextra
711 2416 744 2442 et
761 2413 911 2447 sinistra,

213 2469 252 2496 ut
275 2470 397 2496 contra
419 2472 516 2503 pares
543 2462 672 2493 dextrae
702 2462 778 2494 duae
799 2463 852 2493 vel
869 2463 910 2492 si-

214 2516 331 2546 nistrae
349 2514 438 2544 duae.
470 2514 606 2543 Dextra
624 2512 709 2542 tibia
722 2521 823 2542 unum
837 2516 910 2542 tan-

216 2571 287 2596 tum
314 2564 465 2595 foramen
492 2562 652 2600 habebat,
679 2561 812 2591 sinistra
834 2561 912 2594 duo.

215 2616 278 2646 Illa
298 2624 445 2655 gravem,
463 2614 533 2643 haoc
549 2617 684 2643 acutum
702 2621 817 2642 sonum
836 2611 911 2641 red-

218 2667 332 2695 debat.
378 2666 486 2701 Igitur
505 2665 577 2694 duae
601 2663 691 2693 tibiae
711 2662 840 2692 dextrae
859 2663 912 2692 vel

216 2716 362 2746 sinis-trae
381 2725 479 2755 pares
497 2714 710 2751 dicebantur,
737 2712 825 2753 quod
856 2722 912 2752 pa—

945 854 1015 875 rem
1041 843 1241 874 foraminum
1267 851 1442 873 numerum
1458 840 1643 871 haberent:

946 900 979 925 at
997 904 1072 925 cum
1088 894 1210 925 dextra
1233 903 1297 924 una
1320 898 1354 923 et
1372 893 1480 922 altera
1497 891 1646 926 sinistra,

946 945 1106 984 impares,
1138 943 1226 985 quod
1267 951 1405 973 numero
1443 940 1643 971 foraminum

946 995 1132 1026 differrent.
1179 995 1282 1025 Plura
1310 994 1397 1024 enini
1428 992 1594 1023 foramina
1609 991 1643 1020 in

948 1048 1085 1077 sinistra
1108 1055 1206 1086 quam
1233 1045 1264 1074 in
1292 1044 1426 1074 dextra.
1472 1043 1574 1073 Nunc
1598 1040 1647 1071 fa-

947 1098 1038 1133 bula,
1067 1108 1141 1138 quae
1171 1101 1247 1127 acta
1275 1096 1400 1126 dicitur
1436 1093 1646 1133 ‘imparibus

949 1147 1062 1183 tibiis,’
1096 1147 1248 1185 intellige
1273 1145 1395 1175 dextra
1425 1148 1461 1174 et
1487 1143 1648 1179 sinistra;

948 1209 1023 1240 quae
1049 1196 1230 1238 ‘paribus,’
1256 1195 1411 1234 intellige
1433 1197 1491 1224 aut
1517 1191 1646 1223 duabus

949 1248 1078 1279 dextris
1095 1253 1151 1277 aut
1165 1247 1295 1277 duabus
1307 1245 1465 1276 sinistris.
1511 1244 1557 1274 Et
1573 1252 1649 1273 cnm

952 1298 1078 1329 Andria
1106 1296 1255 1327 Terentii
1284 1300 1360 1326 acta
1382 1294 1510 1325 dicitur
1533 1293 1649 1324 ‘tibiis

950 1346 1241 1390 paribus,dextris
1258 1350 1293 1377 et
1315 1343 1487 1383 sinistris,'
1507 1343 1557 1375 bis
1576 1352 1648 1373 eam

953 1405 1062 1430 actam
1079 1398 1186 1429 fuisse
1203 1396 1371 1436 intellige,
1388 1395 1505 1429 semel,
1530 1395 1539 1411 ‘
1558 1393 1652 1424 tibiis

953 1450 1089 1490 paribus
1107 1447 1260 1482 dextris,’
1277 1451 1311 1477 et
1324 1448 1444 1476 iterum
1471 1444 1582 1475 ‘tibiis
1593 1453 1652 1484 pa-

953 1501 1043 1531 ribus
1060 1500 1203 1530 sinistris
1219 1498 1239 1528 :’
1263 1506 1372 1538 neque
1388 1496 1477 1527 enim
1495 1493 1653 1525 mendum

954 1557 1006 1583 est
1034 1551 1065 1581 in
1095 1551 1160 1581 ista
1185 1549 1325 1580 Andriae
1355 1546 1591 1586 inscriptione,
1617 1549 1654 1574 ut

955 1601 1154 1642 quibusdam
1173 1600 1278 1629 visum
1297 1601 1359 1628 est.
1393 1597 1449 1627 De
1467 1595 1558 1626 tibiis
1572 1594 1654 1624 dex-

955 1645 1655 1693 tris,sinistris,imparibus,paribus,mul-

956 1708 1003 1743 ta,
1026 1713 1133 1744 eaque
1159 1703 1248 1732 inter
1275 1710 1311 1731 se
1330 1698 1531 1740 pugnantia,
1555 1696 1655 1728 multi

956 1754 1152 1795 prodidere.
1178 1753 1274 1782 Idem.

999 1810 1013 1832 3
1040 1803 1266 1843 Impelt'menta]
1298 1801 1347 1832 Ut
1371 1802 1379 1817 ‘
1399 1797 1567 1830 delicare’
1593 1807 1655 1837 pro

954 1854 963 1870 ‘
982 1853 1166 1893 dedicare‚’
1203 1855 1212 1870 ‘
1232 1852 1336 1882 lautia
1353 1850 1360 1861 ’
1397 1859 1459 1891 pro
1493 1850 1502 1865 ‘
1517 1847 1656 1879 dantia?

959 1907 1056 1936 Idem.

1001 1955 1014 1976 ¹¹
1040 1954 1261 1996 Impenetrctle]
1284 1954 1472 1984 penetrare
1489 1956 1541 1982 est
1565 1950 1659 1991 peni-

960 2012 1011 2038 tus
1028 2007 1172 2045 intrare,
1189 2005 1387 2045 impenetrale
1399 2012 1457 2043 pro
1474 2002 1658 2042 impenetra-

960 2057 1031 2097 bile,
1048 2057 1135 2098 quod
1162 2056 1299 2096 penitus
1317 2055 1446 2084 intrare
1471 2061 1535 2082 non
1554 2051 1656 2081 licet:

960 2107 1192 2148 impenetrabile
1220 2106 1324 2136 etiam
1349 2103 1414 2134 dici
1433 2102 1552 2142 possit,
1569 2100 1657 2139 quod

962 2164 1144 2199 penetrare
1168 2166 1232 2186 non
1259 2159 1385 2196 potest,
1414 2157 1451 2183 ut
1471 2151 1660 2192 penetrabile

963 2208 1050 2249 quod
1083 2210 1255 2247 penetrat,
1289 2203 1378 2234 unde
1418 2202 1426 2218 ‘
1446 2200 1660 2241 penetrabile

964 2258 1094 2297 telum‚’
1112 2260 1120 2275 ‘
1135 2255 1349 2297 penetrabile
1364 2251 1493 2292 frigus.’
1518 2251 1617 2282 Idem.

1005 2308 1013 2329 ί
1042 2309 1227 2348 Impensam,
1257 2303 1383 2344 stipem]
1415 2303 1578 2342 Impensa
1608 2306 1661 2331 est

964 2359 1082 2398 stipeS,
1109 2358 1171 2387 lioc
1202 2360 1266 2389 est,
1283 2353 1427 2394 pecunia
1441 2353 1473 2383 in
1492 2351 1578 2382 cella
1592 2351 1658 2381 Dei

966 2410 1129 2450 reposita,
1146 2417 1220 2449 quae
1237 2405 1383 2436 nondum
1402 2413 1507 2444 pensa
1523 2408 1588 2439 est,
1600 2401 1660 2432 sed

966 2461 1108 2499 stipata,
1125 2458 1216 2488 abin
1243 2455 1409 2496 privativa
1430 2454 1603 2494 particula
1627 2458 1663 2483 et

963 2511 1074 2551 pendo,
1101 2508 1188 2538 Vide
1205 2508 1236 2537 in
1253 2507 1262 2523 ‘
1279 2504 1410 2546 stipes‚’
1429 2505 1506 2535 inde
1520 2503 1661 2539 factum,

966 2565 1003 2590 ut
1021 2559 1148 2600 quaevis
1167 2557 1305 2597 stipatio
1321 2561 1356 2587 et
1372 2555 1524 2586 farctura
1546 2555 1663 2593 impen-

966 2622 999 2642 sa
1016 2610 1200 2640 diceretur.
1221 2608 1374 2647 Apitius:
1394 2608 1403 2623 ‘
1418 2606 1520 2637 ludet
1537 2606 1663 2644 impen-

967 2672 1035 2691 sam
1051 2658 1307 2701 praescriptam,v
1332 2659 1363 2688 id
1381 2662 1444 2695 est,
1462 2656 1660 2687 farcturam.

968 2711 1098 2742 Arnob.
1126 2710 1181 2741 lib.
1211 2718 1275 2740 vu.
1300 2709 1548 2747 ‘impensarum
1579 2706 1665 2735 vari-2
