1835 2906
347 161 410 191 DE
445 157 719 190 VERBORUM
752 155 1169 188 SIGNIFICATloNE
1206 158 1301 189 [ΑΒ.
1335 159 1452 190 X111.
1541 150 1625 192 531

225 256 491 301 Volusinaeh
523 255 678 310 gentis,
711 254 787 310 qui
823 254 990 308 primus
1026 253 1243 308 Magister
1265 268 1292 297 a
1313 256 1486 310 populo
1509 269 1627 299 crea-

225 334 293 371 tus
312 331 407 369 est:
439 328 710 380 postquam4
740 336 844 365 vero
879 320 1164 377 provocatioi
1197 325 1253 365 ab
1286 337 1338 365 eo
1368 327 1627 379 magistratu

222 398 278 440 ad
301 395 518 451 populum
541 393 644 435 data
665 397 749 442 est,
773 405 875 446 quae
904 395 1028 433 antea
1058 404 1148 434 non
1184 397 1305 434 erat:
1337 393 1527 436 desitum
1561 398 1630 435 est

226 465 353 516 dici,⁵
372 469 421 505 ut
441 464 613 518 optima
631 462 746 516 lege,
776 466 934 516 utpote
951 461 1182 503 imminuto
1202 461 1304 516 jure
1326 463 1516 517 priorum
1535 476 1628 505 ma—

226 535 360 589 gistra
366 538 487 574 tuum
495 564 505 574 .

170 603 308 658 Optio
323 600 339 624 k
360 602 438 657 qui
457 614 576 642 nunc
598 599 774 650 dicitur,
797 604 928 641 antea
950 600 1264 655 appellabatur
1286 613 1517 643 accensus.
1579 599 1626 641 Is

227 671 402 727 adjutor
441 670 627 712 dabatur
663 668 906 710 centurioni
948 682 976 710 a
1020 669 1192 711 tribuno
1227 670 1429 720 militum,
1461 670 1536 723 qui
1574 681 1631 710 ex

227 754 282 782 eo
315 744 528 794 tempore,
561 750 694 792 quem
726 736 876 787 velint,
912 738 1246 780 centurionibus
1271 739 1531 793 permissum
1563 741 1632 779 est

226 814 393 863 optare,
416 811 457 849 et
487 820 646 849 nomen
678 819 736 848 ex
755 806 880 848 facto
912 806 1091 848 sortitus
1123 811 1203 849 est.

1270 807 1449 848 Plautus
1470 807 1513 848 in
1529 805 1632 847 Asi-

226 874 391 919 nariaz¹
420 889 510 931 qua
539 889 624 926 me,
647 888 736 930 qua
769 887 971 925 uxorem,
1001 888 1093 929 qua
1126 879 1171 917 tu
1209 876 1423 918 Sauream
1454 887 1629 917 servum

226 952 372 1000 poteS,
392 944 685 995 circumduce,
709 943 842 993 aufer,
863 943 1076 997 promitto
1113 944 1208 995 tibi,
1244 959 1328 986 non
1360 944 1629 994 obfuturum,

226 1014 264 1056 si
281 1013 325 1056 id
349 1013 561 1063 effeceris,
582 1013 662 1054 tibi
685 1011 914 1067 optionem
936 1011 1097 1054 sumito
1122 1011 1381 1055 Leonidam.

778 1153 1019 1168 oeaeoeaeoeoeeo

213 1261 231 1289 4
258 1256 320 1288 Ed.
336 1256 427 1289 Scal.
449 1259 574 1297 propter
590 1258 756 1296 quam—5
782 1255 864 1286 Vet.
881 1253 944 1286 lib.
967 1255 1074 1295 adjici.

828 1408 971 1442 NOTAE

213 1498 228 1519 ¹¹
256 1498 297 1530 Ut
314 1498 383 1536 fuit
402 1497 507 1529 Martii
536 1497 669 1537 Valerii,
692 1498 743 1529 M.
767 1496 874 1537 Fabii,

176 1549 312 1590 Volusi]
336 1549 535 1590 Legendum
560 1558 603 1579 ex
630 1549 744 1580 Livio:
770 1548 875 1579 Marci

175 1601 295 1633 Valerii
320 1601 370 1633 M.
388 1600 470 1643 filii,
503 1600 605 1631 Volusi
633 1600 760 1640 nepotis.
805 1598 875 1630 Adi

171 1653 266 1683 illum
290 1652 348 1685 lib.
366 1661 408 1683 11.
427 1657 512 1683 sect.
527 1654 578 1682 18.
612 1651 663 1682 Ibi
680 1651 769 1682 enim
785 1650 875 1683 hunc

171 1704 317 1744 primum
346 1702 550 1734 dictatorem
582 1707 734 1734 creatum
767 1702 873 1734 fuisse

171 1760 291 1794 negat,
307 1753 367 1784 sed
383 1754 422 1785 T.
440 1753 605 1784 Lartium.
632 1753 733 1785 Idem.

216 1805 225 1825 i
245 1805 417 1845 Postquam
440 1815 511 1836 vero
535 1804 730 1846 provocatio]
752 1804 807 1836 Ab
835 1815 876 1837 eo

171 1856 377 1897 magistratu
405 1855 447 1887 ad
475 1856 638 1897 populum
666 1855 740 1887 dari
770 1857 879 1898 coepit

173 1907 374 1948 provocatio
399 1907 495 1938 Coss.
532 1907 572 1938 L.
600 1906 739 1938 Valerio
763 1911 798 1938 et
822 1908 875 1940 M.

174 1957 332 1997 Horatio,
344 1957 401 1999 qui
415 1958 489 1998 lege
501 1966 587 1989 nova
599 1967 766 1990 sanxere:
783 1959 793 1975 ‘
805 1959 876 1990 Ne-

174 2009 247 2049 quis
276 2009 378 2039 ullum
402 2009 640 2049 magistratum
666 2009 738 2040 sine
754 2019 878 2051 provo-

172 2059 307 2091 catione
324 2065 472 2100 crearet,
492 2060 549 2102 qui
562 2065 716 2092 creasset
731 2070 807 2092 eum
821 2062 878 2102 jus

174 2110 297 2152 fasque
321 2116 413 2143 esset
437 2112 562 2153 occidi,
583 2122 668 2144 neve
697 2122 737 2144 ea
763 2114 877 2144 caedes

173 2163 328 2204 capitalis
354 2174 453 2196 noxae
475 2164 683 2197 haberetnr.‘
719 2164 794 2196 Liv.
817 2164 877 2197 lib.

174 2223 232 2245 111.
250 2218 335 2246 sect.
347 2218 400 2246 55.
424 2216 522 2248 Idem.

217 2264 230 2284 k
257 2266 368 2307 Optio]
385 2267 532 2299 Ultimus
550 2276 667 2299 versus
679 2267 796 2300 Plauti
809 2278 876 2300 non

174 2324 215 2346 eo
232 2316 365 2356 ordine,
381 2327 447 2357 quo
467 2318 532 2358 hic,
548 2318 694 2350 habetur
710 2319 744 2350 in
760 2320 879 2360 vulga-

174 2367 219 2397 tis
237 2367 353 2398 Plauti
372 2368 562 2400 codicibus.
584 2370 654 2401 Jos.
671 2369 754 2401 Scal.

222 2419 334 2460 Optio]
358 2419 508 2460 Uragus,
524 2420 750 2461 tergiductor,
762 2421 803 2452 ab
820 2431 880 2462 op-

175 2469 292 2510 tando,
308 2470 371 2501 hoc
389 2475 454 2510 est,
482 2471 653 2512 eligendo,
680 2471 760 2512 quia
785 2472 879 2503 illum

176 2520 239 2551 sibi
258 2521 451 2552 assumebat
468 2521 645 2554 Centurio,
683 2523 728 2553 Et
746 2521 880 2554 videtur

175 2571 228 2603 bic
244 2571 359 2603 dicere
376 2572 500 2603 Festus
511 2573 684 2614 optionem
699 2576 798 2605 antea
810 2573 881 2606 dic-

177 2627 247 2653 tum
261 2632 539 2665 accensum,cum
552 2624 685 2656 scilicet
699 2634 718 2656 a
730 2625 880 2657 Tribuno

177 2672 317 2703 daretur
356 2674 571 2717 Centurioni,
608 2675 667 2707 sed
700 2680 881 2718 postquam

178 2723 344 2755 Centurio
357 2730 476 2766 optare
488 2736 563 2757 eum
575 2727 682 2768 coepit
699 2731 733 2759 et
744 2727 882 2768 eligere,

179 2778 259 2806 tunc
287 2775 460 2817 optionem
491 2777 594 2810 etiam
628 2777 695 2809 diei
731 2782 881 2820 coeptum

929 1507 1016 1530 esse.
1052 1500 1097 1531 Et
1120 1499 1167 1531 ita
1190 1499 1279 1532 hunc
1302 1500 1413 1531 locum
1429 1499 1634 1539 interpreta-

931 1554 985 1582 tus
1009 1555 1064 1583 est
1089 1552 1235 1593 Lipsius,
1261 1551 1317 1594 qui
1343 1551 1472 1592 optime
1503 1550 1634 1581 monuit

930 1611 993 1642 pro
1008 1612 1049 1632 ex
1065 1612 1098 1633 eo
1115 1606 1249 1643 tempore
1276 1602 1343 1643 legi
1369 1601 1497 1633 debere
1521 1610 1561 1632 ecc
1576 1610 1633 1640 quo

930 1658 1077 1695 tempore.
1114 1655 1181 1686 Sed
1199 1655 1279 1687 mihi
1292 1654 1489 1695 scrupulum
1507 1657 1635 1691 movet,

929 1705 1021 1746 quod
1053 1707 1095 1737 e'x
1122 1705 1276 1738 Varrone
1300 1704 1402 1736 didici
1429 1704 1585 1745 optiones
1616 1712 1635 1733 a

931 1756 1197 1789 centurionibus
1224 1756 1268 1789 ab
1295 1756 1393 1788 initio
1415 1755 1521 1787 fnisse
1544 1755 1634 1786 elec-

930 1810 995 1848 tos,
1012 1808 1070 1839 sed
1091 1813 1213 1850 postea
1229 1807 1401 1840 Tribunos
1417 1816 1536 1837 munus
1550 1806 1634 1837 illud

930 1858 1105 1899 invasisse,
1133 1864 1171 1891 ut
1192 1859 1260 1900 ipsi
1284 1859 1440 1900 optiones
1458 1858 1636 1898 eligerent.

931 1910 1017 1941 Mihi
1034 1911 1143 1942 nodus
1156 1910 1357 1942 insol-anilis,
1382 1909 1451 1942 Sed
1463 1909 1556 1940 illurn
1572 1909 1636 1939 sol-

930 1961 1019 1993 visse
1037 1962 1136 1993 video
1153 1961 1295 1994 doctiss.
1315 1962 1506 2003 Cupertum
1521 1960 1637 1992 obser-

931 2018 1001 2045 vat.
1019 2013 1077 2045 lib.
1096 2023 1147 2046 1v.
1164 2023 1240 2055 cap.
1259 2016 1290 2045 9.
1307 2014 1364 2055 qui
1388 2017 1568 2054 postquam
1593 2021 1635 2043 ex

930 2064 1085 2096 Varrone
1102 2069 1139 2096 et
1154 2064 1300 2106 Polybio
1316 2064 1463 2095 asseruit
1479 2063 1637 2104 optiones

931 2115 1089 2155 primitus
1113 2126 1131 2146 a
1156 2114 1421 2147 Centurionibus
1442 2114 1572 2144 electos
1587 2112 1637 2143 fn-

931 2166 1011 2206 isse,
1024 2167 1073 2198 ita
1090 2167 1229 2198 Festum
1244 2165 1417 2205 ingeniose
1429 2164 1637 2204 interpreta-

932 2221 999 2248 tur.
1024 2217 1121 2258 Optio
1133 2217 1187 2258 qui
1203 2227 1283 2248 nunc
1297 2216 1427 2251 dicitur,
1445 2217 1539 2246 antea
1550 2224 1638 2245 voca-

930 2272 981 2300 tus
996 2278 1152 2305 accensus,
1168 2270 1260 2300 datus
1276 2266 1460 2298 Centuriam·
1485 2276 1504 2296 α
1527 2265 1638 2297 Tribu-

930 2329 983 2358 πο,
1010 2324 1040 2351 et
1060 2320 1139 2351 illud
1164 2329 1274 2351 nomen
1289 2318 1422 2359 optionis
1446 2317 1576 2348 sortitus
1592 2319 1638 2347 est

932 2381 972 2402 ex
989 2382 1022 2402 eo
1046 2375 1191 2412 tempore,
1207 2381 1264 2411 quo
1283 2369 1488 2401 Centuriones
1506 2368 1568 2408 ipsi
1588 2377 1639 2399 eos

932 2421 1176 2462 eligebant,sz've
1188 2421 1349 2462 optabant.
1385 2420 1453 2452 Sed
1471 2420 1504 2451 in
1523 2419 1637 2451 verbis

933 2473 1029 2504 Festi
1047 2483 1107 2513 pro
1120 2473 1254 2504 dabatur
1267 2471 1519 2504 rescribendum
1532 2471 1638 2502 datur.

934 2525 1010 2556 Nisi
1027 2524 1121 2556 dicas
1137 2525 1190 2556 hic
1207 2535 1227 2556 a
1245 2525 1351 2556 Paulo
1365 2523 1478 2556 omnia
1500 2523 1640 2554 turbata

934 2580 971 2608 et
984 2582 1161 2618 corrupta,
1174 2577 1264 2619 quod
1285 2582 1320 2608 et
1336 2576 1440 2608 sentit
1453 2576 1638 2617 Cupertus.

934 2627 1017 2659 Dae.

984 2675 1121 2710 *Plana
1145 2678 1178 2709 in
1202 2677 1349 2719 Asinar.]
1372 2678 1454 2711 Act.
1484 2687 1508 2710 1.
1535 2687 1582 2708 sc.
1607 2680 1638 2708 l..

938 2728 998 2760 sed
1014 2729 1106 2761 locus
1130 2729 1230 2760 aliter
1252 2729 1353 2762 hodie
1375 2729 1556 2761 distinctus
1575 2732 1638 2763 est,

937 2789 1011 2812 enni
1033 2780 1100 2812 adi.
1125 2780 1223 2813 Idem.
