1835 2906
228 140 284 180 290

232 242 390 297 Argus,
416 244 609 285 oculeus.

288 313 401 365 gitur
421 312 562 352 oculis
583 311 761 364 plenus.

682 149 828 181 SEXTI
864 149 1064 179 POMPEII
1100 148 1234 180 FEST!

667 243 813 297 Argus
835 257 993 286 nomen
1014 249 1085 286 est
1104 243 1310 292 hominis,
1328 244 1403 298 qui
1425 245 1563 286 fuisse
1583 244 1664 285 fin-

231 378 443 431 Argutum
464 379 530 428 iri,
551 379 593 419 in
617 379 856 420 discrimen
876 379 1043 421 vocari.

233 445 415 487 Aridum
430 452 446 468 Χ
468 447 644 499 proprie
664 451 745 497 est,
764 446 883 500 quod
901 447 1144 488 naturalem
1164 447 1385 487 humorem
1409 447 1578 488 amisit:
1601 447 1667 487 di-

289 515 401 555 citur
416 520 563 555 autem
585 528 663 568 per
680 515 939 556 contrariam
959 514 1341 567 significationem,
1361 514 1478 567 quod
1498 514 1668 566 irrigari

290 581 495 623 desierit:
525 596 625 623 nam
649 581 807 623 Graece
829 581 1004 634 irrigare
1025 586 1094 623 est
1115 578 1248 636 ἄρδειν.

234 647 463 699 ΑτίΙειῖοτ,57
501 650 574 703 qui
614 650 743 690 etiam
781 648 934 690 cocio⁶
966 649 1224 703 appellatur,
1258 647 1404 688 dictus
1436 646 1606 688 videtur
1640 660 1668 688 a

289 729 400 757 voce
430 716 605 767 Graeca,
642 730 742 770 quae
774 721 840 758 est
874 715 967 771 αἶρε,
1000 717 1046 758 id
1082 721 1164 766 est,
1189 715 1291 756 tolle
1311 730 1319 754 :
1353 715 1456 768 quia
1477 715 1671 768 sequitur

290 797 476 832 merces,
498 798 556 825 ex
572 784 730 837 quibus
750 785 857 838 quid
879 786 1043 826 cadens
1059 784 1207 825 lucelli
1229 785 1374 836 possit
1402 783 1574 825 tollere:
1606 782 1673 823 lu-

289 852 447 893 cellum
470 852 773 893 diminutivum
794 856 862 893 est
884 866 911 893 a
928 852 1072 893 lucro.

237 918 484 960 Ariminum
499 924 513 939 Ζ
539 932 565 959 a
585 919 757 959 nomine
778 918 972 960 fluminis
992 918 1230 973 propinqui
1251 922 1316 959 est
1336 917 1517 959 dictum.

237 985 573 1039 Aristophorum
587 991 602 1007 ὃ
623 998 716 1033 vas,
733 986 777 1026 in
798 999 887 1040 quo
908 986 1138 1041 prandium
1159 985 1305 1035 fertur,
1324 989 1371 1026 ut
1392 985 1557 1025 discus.

238 1054 376 1095 Arma
393 1054 408 1076 b
430 1054 606 1108 proprie
626 1054 826 1096 dicuntur
859 1056 914 1096 ab
945 1055 1095 1104 armis,
1124 1053 1170 1094 id
1191 1058 1272 1103 est,
1293 1053 1496 1102 humeris,
1514 1051 1675 1106 depen-

841 1182 1074 1194 ueaeeaeaeneeooe

279 1267 300 1294 ὃ
323 1262 377 1294 Al.
402 1263 514 1293 coctio:
543 1266 577 1292 et
593 1271 668 1292 mox
684 1260 749 1301 ἅρε.

891 1358 1035 1391 No'rAE

240 1451 248 1461 ²
268 1445 370 1486 Argei
387 1445 471 1476 fiunt
487 1456 503 1476 e
523 1446 662 1487 scirpeis
685 1446 852 1486 virgultis.
886 1445 936 1476 Si-

240 1499 387 1528 mulacra
413 1503 490 1528 sunt
516 1498 683 1529 hominum
710 1498 866 1538 triginta:
897 1507 938 1528 ea

242 1548 421 1588 quotannis
446 1559 464 1579 a
490 1554 593 1589 ponte
616 1549 765 1579 Sublicio
785 1549 937 1579 aSacer-

241 1597 377 1629 dotibus
407 1599 539 1638 publice
557 1598 629 1638 jaci
651 1599 762 1629 solent
785 1598 817 1629 in
839 1598 937 1629 Tibe-

242 1648 324 1680 rim.'
347 1648 449 1680 ovid.
467 1649 525 1679 lib.
541 1658 575 1680 v.
598 1650 692 1679 Fast.
728 1648 737 1665 ‘
754 1649 839 1678 Tum
857 1657 937 1689 quo-

241 1708 306 1739 que
324 1699 509 1739 priscorum
526 1699 626 1737 vulgo
652 1698 830 1729 simulacra
851 1698 937 1728 viro-

242 1758 314 1779 rum
332 1749 424 1779 Mitti
442 1749 585 1780 roboreo
610 1749 743 1789 scirpea
768 1752 870 1788 ponte
886 1757 937 1778 so-

242 1798 340 1829 lent.’
365 1799 461 1830 Tum.-
479 1799 596 1829 Idibus
614 1800 711 1830 Maii.
737 1798 801 1829 Adi
818 1799 938 1830 locum.

244 1849 331 1879 Vide
347 1855 381 1879 et
399 1849 432 1879 in
447 1851 456 1865 ‘
474 1849 734 1888 sexagenarios?
763 1850 861 1881 Idem.

286 1903 302 1918 ¹
325 1899 477 1939 Aridum]
517 1899 672 1930 Ridicule
704 1899 831 1929 Paulus
863 1910 938 1930 cum

243 1958 303 1979 sua
318 1949 381 1979 hac
402 1949 608 1988 antiphrasi:
633 1948 642 1965 ‘
659 1947 791 1979 aridus’
817 1954 870 1979 est
894 1949 936 1980 ab

241 2000 251 2017 ‘
265 1999 370 2039 areo,’
385 2005 422 2030 ut
438 2003 446 2016 ‘
463 1998 615 2030 timidus'
634 2009 652 2030 a
668 1997 793 2030 timeo!
816 1999 914 2030 Idem.

289 2056 302 2077 Υ
325 2049 481 2089 Arilator]
505 2049 627 2079 Melius
652 2049 858 2080 scriberetur
873 2048 936 2079 Ar-

243 2101 366 2132 rilator.
394 2101 472 2131 Non
490 2099 577 2130 enim
592 2099 633 2130 ab
646 2108 714 2140 ara,
731 2099 789 2129 sed
806 2099 848 2130 ab
864 2109 937 2130 arra

246 2152 370 2183 dictus.
417 2151 477 2182 Est
492 2151 594 2189 enim,
610 2151 666 2191 qui
684 2150 866 2180 emturieus
883 2149 941 2180 da-

248 2207 285 2233 ta
302 2211 377 2232 arra
395 2201 543 2242 postulat
568 2200 632 2231 sibi
655 2200 761 2231 credi.
807 2199 906 2231 Unde
924 2210 944 2230 a

248 2259 256 2271 ‘
275 2253 485 2285 cunctaudo'
516 2254 647 2289 cunctio,
673 2263 731 2284 seu
754 2253 852 2284 cuctio
869 2253 943 2284 dic·

249 2309 315 2335 tus.
375 2304 462 2335 Nam
503 2310 636 2334 veteres
685 2306 816 2339 cuctum,
855 2303 944 2343 quod

249 2357 369 2394 postea
400 2357 553 2383 cunctum.
607 2353 682 2384 Hoc
713 2363 817 2393 genus
840 2352 944 2384 homi-

248 2413 328 2434 num
360 2403 600 2441 Bargnigneurs
640 2408 763 2434 vocant
787 2403 876 2434 Galli
904 2404 945 2434 ab

252 2453 391 2493 antiqua
418 2454 658 2491 appellatione,
683 2462 758 2494 quae
774 2453 814 2483 ad
832 2458 945 2494 poste-

251 2503 340 2533 riora
362 2502 463 2532 etiam
489 2503 684 2533 Latinitatis
711 2509 863 2543 tempora
886 2503 946 2533 du-

252 2552 353 2590 ravit,
364 2561 484 2592 nempe
503 2553 680 2591 Bargenna.
707 2554 756 2584 De
770 2564 834 2594 quo
849 2554 944 2585 alias.

253 2603 421 2635 Glossarii
448 2609 566 2634 auctor
595 2606 747 2645 sequitur
776 2607 946 2646 vulgarem

254 2654 454 2693 scripturam
470 2664 477 2683 ι
500 2654 509 2670 ‘
528 2653 693 2694 Arilat0r‚
710 2655 830 2695 ἑψέτης,
846 2659 948 2695 βωμο-

252 2702 359 2743 φόρος,
374 2703 631 2743 πραγματευτής.’
676 2705 791 2738 Idem:
815 2706 947 2739 ‘Arila-

992 1451 1056 1486 tor,
1073 1445 1261 1484 μεταβόλος,
1283 1444 1368 1485 ἆρχ.’
1397 1444 1459 1475 lioc
1485 1447 1549 1482 est,
1575 1442 1681 1483 ἀρχαϊ-

990 1499 1058 1528 κῶς.
1096 1497 1226 1528 Glossae
1244 1496 1388 1527 Isidori:
1414 1499 1422 1512 ‘
1440 1494 1601 1533 Amator,
1620 1495 1682 1526 Co-

990 1549 1056 1586 cio,
1076 1546 1290 1585 μεταβολεύς.’
1335 1545 1435 1586 Apud
1464 1546 1610 1576 Gellium
1635 1546 1683 1575 le-

990 1598 1080 1638 gitur
1095 1598 1258 1636 Armatur,
1280 1596 1322 1627 de
1338 1605 1402 1637 quo
1429 1596 1460 1625 in
1489 1605 1571 1626 voce
1594 1598 1602 1612 ‘
1621 1596 1684 1626 Co-

991 1648 1071 1679 ci0.'
1092 1650 1160 1679 JoS.
1177 1648 1259 1678 ScaI.

1032 1697 1342 1737 Arz'lator]Aril‹1tor
1360 1706 1420 1736 pro
1436 1696 1601 1726 arrilator:
1615 1695 1682 1726 Ve-

992 1753 1081 1779 teres
1106 1748 1194 1779 enim
1223 1757 1287 1778 non
1306 1745 1522 1786 geminabant
1549 1745 1686 1775 literas:

993 1805 1027 1830 et
1042 1801 1181 1830 armatur
1198 1808 1259 1839 pro
1275 1798 1417 1834 ornator,
1432 1801 1468 1826 ut
1484 1796 1493 1812 ‘
1507 1795 1670 1826 maximus
1681 1795 1688 1806 '

993 1856 1029 1881 et
1044 1853 1052 1867 ‘
1067 1848 1267 1886 maxumus,'
1283 1851 1346 1879 διο.
1370 1848 1454 1878 Dae.

1034 1905 1046 1920 z
1069 1898 1262 1938 Ariminum]
1279 1898 1369 1929 Urbs
1386 1903 1481 1928 vetus
1497 1897 1586 1927 intra
1601 1895 1686 1926 viam

992 1950 1205 1988 Flaminiam,
1231 1955 1265 1980 et
1290 1948 1467 1982 AEmiliam,
1486 1947 1687 1978 Umbrorum

991 2002 1154 2034 Colonia:
1183 2005 1315 2041 portum
1332 1998 1433 2029 habet
1451 1997 1637 2028 Ariminum
1654 2001 1690 2026 et

990 2051 1129 2083 fluvium
1153 2050 1398 2091 cognominem.
1443 2047 1557 2078 Strab.
1582 2047 1639 2077 lib.
1656 2055 1690 2078 v.

994 2102 1083 2132 Plin.
1108 2102 1116 2141 .‘
1134 2101 1319 2131 Ariminum
1338 2098 1476 2129 Colonia
1494 2107 1569 2128 cum
1586 2097 1689 2128 amni-

996 2152 1058 2183 bus
1075 2150 1228 2182 Arimino
1245 2155 1280 2180 et
1298 2147 1453 2188 Aprusa!
1480 2148 1580 2179 Idem.

1039 2207 1053 2223 ³
1070 2200 1321 2242 Aristophorum]
1335 2199 1478 2239 Ἄριστον
1495 2200 1581 2230 enim
1596 2200 1691 2232 Grae-

998 2254 1046 2284 cis
1063 2253 1253 2292 prandium.
1278 2253 1375 2282 Idem.

1040 2303 1054 2324 b
1078 2302 1191 2342 Arma]
1216 2302 1311 2333 Idem
1341 2301 1497 2331 Servius:
1525 2304 1532 2316 ¹
1552 2299 1693 2339 Proprie

1000 2364 1092 2385 arma
1109 2359 1186 2384 sunt
1204 2362 1278 2393 quae
1295 2361 1402 2382 armos
1417 2354 1548 2388 tegunt,
1558 2350 1619 2379 hoc
1632 2353 1695 2384 est,

1000 2410 1146 2443 scutum,
1163 2403 1250 2444 quod
1267 2402 1398 2433 Graecis
1413 2400 1487 2431 ὅλον
1501 2399 1598 2430 ὅπλον
1612 2399 1694 2429 dici-

1002 2461 1066 2490 tur,
1083 2464 1156 2485 cum
1174 2458 1289 2484 cetera
1304 2462 1361 2482 sua
1380 2452 1512 2482 nomina
1528 2448 1696 2479 habeant)

1001 2506 1044 2536 Et
1062 2504 1184 2534 Isidor.
1202 2503 1259 2533 lib.
1277 2503 1338 2533 ult.
1355 2505 1474 2541 cap.5.
1491 2500 1500 2516 ‘
1514 2508 1604 2530 arma
1621 2508 1696 2538 pro-

1002 2555 1074 2596 prie
1101 2554 1195 2584 dicta
1223 2558 1301 2583 sunt
1329 2561 1369 2582 eo
1394 2549 1480 2591 quod
1509 2558 1619 2580 armos
1648 2554 1697 2580 te-

1001 2604 1107 2646 gunt)
1125 2604 1146 2634 i.
1165 2604 1342 2634 Humerus.
1378 2602 1421 2632 Et
1438 2601 1486 2630 ita
1501 2599 1636 2640 proprie
1653 2599 1696 2630 de

1002 2659 1096 2686 scuto
1112 2655 1231 2694 Virgil.
1254 2653 1263 2669 ‘
1283 2652 1329 2683 At
1345 2651 1489 2682 Lausum
1514 2650 1596 2681 socii
1617 2660 1697 2681 exa-

1004 2707 1125 2738 nimem
1141 2713 1243 2745 super
1267 2712 1359 2734 arma
1374 2699 1553 2733 ferebant.’
1577 2700 1673 2731 Idem.
