<?xml version="1.0" encoding="UTF-8"?>
<!DOCTYPE html PUBLIC "-//W3C//DTD XHTML 1.0 Transitional//EN"
    "http://www.w3.org/TR/xhtml1/DTD/xhtml1-transitional.dtd">
<html xmlns="http://www.w3.org/1999/xhtml" xml:lang="en" lang="en">
 <head>
  <title>
</title>
<meta http-equiv="Content-Type" content="text/html;charset=utf-8" />
  <meta name='ocr-system' content='tesseract 3.04.00' />
  <meta name='ocr-capabilities' content='ocr_page ocr_carea ocr_par ocr_line ocrx_word'/>
</head>
<body>
  <div class='ocr_page' id='page_1' title='image "./mverriiflacciqua01verruoft/mverriiflacciqua01verruoft_0081.png"; bbox 0 0 1835 2906; ppageno 0'>
   <div class='ocr_carea' id='block_1_1' title="bbox 377 164 1373 197">
    <p class='ocr_par' dir='ltr' id='par_1_1' title="bbox 377 164 1373 197">
     <span class='ocr_line' id='line_1_1' title="bbox 377 164 1373 197; baseline 0 0"><span class='ocrx_word' id='word_1_1' title='bbox 377 168 440 197; x_wconf 91' lang='lat' dir='ltr'>DE</span> <span class='ocrx_word' id='word_1_2' title='bbox 473 166 741 197; x_wconf 87' lang='lat' dir='ltr'>VERBORUM</span> <span class='ocrx_word' id='word_1_3' title='bbox 775 164 1179 196; x_wconf 86' lang='lat' dir='ltr'>SlGNIFICATIONE</span> <span class='ocrx_word' id='word_1_4' title='bbox 1214 165 1309 195; x_wconf 68' lang='grc' dir='ltr'>[ΑΒ.</span> <span class='ocrx_word' id='word_1_5' title='bbox 1342 166 1373 197; x_wconf 88' lang='lat'>1.</span> 
     </span>
    </p>
   </div>
   <div class='ocr_carea' id='block_1_2' title="bbox 1534 157 1588 198">
    <p class='ocr_par' dir='ltr' id='par_1_2' title="bbox 1534 157 1588 198">
     <span class='ocr_line' id='line_1_2' title="bbox 1534 157 1588 198; baseline -0.019 0"><span class='ocrx_word' id='word_1_6' title='bbox 1534 157 1588 198; x_wconf 83' lang='lat'>71</span> 
     </span>
    </p>
   </div>
   <div class='ocr_carea' id='block_1_3' title="bbox 156 259 1592 850">
    <p class='ocr_par' dir='ltr' id='par_1_3' title="bbox 160 259 1558 314">
     <span class='ocr_line' id='line_1_3' title="bbox 160 259 1558 314; baseline -0.003 -11"><span class='ocrx_word' id='word_1_7' title='bbox 160 261 410 304; x_wconf 87' lang='lat' dir='ltr'>Amicinum</span> <span class='ocrx_word' id='word_1_8' title='bbox 430 267 461 294; x_wconf 87' lang='lat'>¹⁹</span> <span class='ocrx_word' id='word_1_9' title='bbox 478 267 494 284; x_wconf 87' lang='lat'>¹¹</span> <span class='ocrx_word' id='word_1_10' title='bbox 525 263 630 303; x_wconf 87' lang='lat' dir='ltr'>utris</span> <span class='ocrx_word' id='word_1_11' title='bbox 651 260 915 314; x_wconf 84' lang='lat' dir='ltr'>pediculum,</span> <span class='ocrx_word' id='word_1_12' title='bbox 935 273 992 301; x_wconf 88' lang='lat' dir='ltr'>ex</span> <span class='ocrx_word' id='word_1_13' title='bbox 1013 273 1101 313; x_wconf 93' lang='lat' dir='ltr'>quo</span> <span class='ocrx_word' id='word_1_14' title='bbox 1122 261 1272 301; x_wconf 90' lang='lat' dir='ltr'>vinum</span> <span class='ocrx_word' id='word_1_15' title='bbox 1293 259 1558 301; x_wconf 88' lang='lat' dir='ltr'>diffunditur.</span> 
     </span>
    </p>

    <p class='ocr_par' dir='ltr' id='par_1_4' title="bbox 159 327 1591 517">
     <span class='ocr_line' id='line_1_4' title="bbox 159 327 1590 381; baseline -0.002 -11"><span class='ocrx_word' id='word_1_16' title='bbox 159 329 406 370; x_wconf 85' lang='lat' dir='ltr'>Amicitiae0</span> <span class='ocrx_word' id='word_1_17' title='bbox 436 329 701 370; x_wconf 83' lang='lat' dir='ltr'>vocabulum</span> <span class='ocrx_word' id='word_1_18' title='bbox 721 329 776 368; x_wconf 84' lang='lat' dir='ltr'>ab</span> <span class='ocrx_word' id='word_1_19' title='bbox 798 341 944 368; x_wconf 84' lang='lat' dir='ltr'>amore</span> <span class='ocrx_word' id='word_1_20' title='bbox 967 327 1192 369; x_wconf 87' lang='lat' dir='ltr'>deducitur</span> <span class='ocrx_word' id='word_1_21' title='bbox 1211 341 1219 366; x_wconf 79' lang='grc' dir='ltr'>ε</span> <span class='ocrx_word' id='word_1_22' title='bbox 1243 328 1443 381; x_wconf 84' lang='lat' dir='ltr'>quamvis</span> <span class='ocrx_word' id='word_1_23' title='bbox 1462 327 1590 367; x_wconf 90' lang='lat' dir='ltr'>inter-</span> 
     </span>
     <span class='ocr_line' id='line_1_5' title="bbox 216 393 1591 450; baseline -0.002 -13"><span class='ocrx_word' id='word_1_24' title='bbox 216 398 320 437; x_wconf 91' lang='lat' dir='ltr'>dum</span> <span class='ocrx_word' id='word_1_25' title='bbox 341 397 656 450; x_wconf 83' lang='lat' dir='ltr'>vituperandus</span> <span class='ocrx_word' id='word_1_26' title='bbox 689 395 746 435; x_wconf 87' lang='lat' dir='ltr'>sit</span> <span class='ocrx_word' id='word_1_27' title='bbox 771 407 916 435; x_wconf 84' lang='lat' dir='ltr'>amor:</span> <span class='ocrx_word' id='word_1_28' title='bbox 947 395 1001 435; x_wconf 83' lang='lat' dir='ltr'>ab</span> <span class='ocrx_word' id='word_1_29' title='bbox 1022 393 1231 448; x_wconf 89' lang='lat' dir='ltr'>Antiquis</span> <span class='ocrx_word' id='word_1_30' title='bbox 1251 398 1393 435; x_wconf 86' lang='lat' dir='ltr'>autem</span> <span class='ocrx_word' id='word_1_31' title='bbox 1421 394 1559 434; x_wconf 83' lang='lat' dir='ltr'>ameci</span> <span class='ocrx_word' id='word_1_32' title='bbox 1575 399 1591 423; x_wconf 75' lang='grc' dir='ltr'><strong>Ρ</strong></span> 
     </span>
     <span class='ocr_line' id='line_1_6' title="bbox 213 461 1100 517; baseline -0.006 -12"><span class='ocrx_word' id='word_1_33' title='bbox 213 469 256 505; x_wconf 88' lang='lat' dir='ltr'>et</span> <span class='ocrx_word' id='word_1_34' title='bbox 277 477 440 505; x_wconf 87' lang='lat' dir='ltr'>amecae</span> <span class='ocrx_word' id='word_1_35' title='bbox 463 477 541 517; x_wconf 86' lang='lat' dir='ltr'>per</span> <span class='ocrx_word' id='word_1_36' title='bbox 565 475 590 503; x_wconf 87' lang='grc' dir='ltr'><strong><em>Ε</em></strong></span> <span class='ocrx_word' id='word_1_37' title='bbox 612 463 780 503; x_wconf 81' lang='lat' dir='ltr'>literam</span> <span class='ocrx_word' id='word_1_38' title='bbox 800 461 1100 502; x_wconf 83' lang='lat' dir='ltr'>efferebantur.</span> 
     </span>
    </p>

    <p class='ocr_par' dir='ltr' id='par_1_5' title="bbox 157 526 1505 583">
     <span class='ocr_line' id='line_1_7' title="bbox 157 526 1505 583; baseline -0.003 -12"><span class='ocrx_word' id='word_1_39' title='bbox 157 529 404 571; x_wconf 79' lang='lat' dir='ltr'>Amiculum</span> <span class='ocrx_word' id='word_1_40' title='bbox 419 537 435 560; x_wconf 75' lang='lat'>‘³</span> <span class='ocrx_word' id='word_1_41' title='bbox 465 543 600 583; x_wconf 86' lang='lat' dir='ltr'>genus</span> <span class='ocrx_word' id='word_1_42' title='bbox 621 534 686 570; x_wconf 87' lang='lat' dir='ltr'>est</span> <span class='ocrx_word' id='word_1_43' title='bbox 708 529 955 570; x_wconf 83' lang='lat' dir='ltr'>vestimenti</span> <span class='ocrx_word' id='word_1_44' title='bbox 972 541 999 568; x_wconf 80' lang='lat' dir='ltr'>a</span> <span class='ocrx_word' id='word_1_45' title='bbox 1020 527 1303 581; x_wconf 85' lang='lat' dir='ltr'>circumjectu</span> <span class='ocrx_word' id='word_1_46' title='bbox 1326 526 1505 568; x_wconf 89' lang='lat' dir='ltr'>dictum.</span> 
     </span>
    </p>

    <p class='ocr_par' dir='ltr' id='par_1_6' title="bbox 156 594 1311 651">
     <span class='ocr_line' id='line_1_8' title="bbox 156 594 1311 651; baseline -0.003 -13"><span class='ocrx_word' id='word_1_47' title='bbox 156 597 388 638; x_wconf 76' lang='lat' dir='ltr'>Aminula1·</span> <span class='ocrx_word' id='word_1_48' title='bbox 419 600 521 638; x_wconf 85' lang='lat' dir='ltr'>urbs</span> <span class='ocrx_word' id='word_1_49' title='bbox 538 610 768 651; x_wconf 80' lang='lat' dir='ltr'>parvarum</span> <span class='ocrx_word' id='word_1_50' title='bbox 790 609 921 650; x_wconf 89' lang='lat' dir='ltr'>opum</span> <span class='ocrx_word' id='word_1_51' title='bbox 936 596 1015 636; x_wconf 82' lang='lat' dir='ltr'>fuit</span> <span class='ocrx_word' id='word_1_52' title='bbox 1035 595 1080 634; x_wconf 89' lang='lat' dir='ltr'>in</span> <span class='ocrx_word' id='word_1_53' title='bbox 1100 594 1311 648; x_wconf 83' lang='lat' dir='ltr'>Appulia.</span> 
     </span>
    </p>

    <p class='ocr_par' dir='ltr' id='par_1_7' title="bbox 157 661 1592 850">
     <span class='ocr_line' id='line_1_9' title="bbox 157 661 1592 718; baseline -0.003 -13"><span class='ocrx_word' id='word_1_54' title='bbox 157 665 336 714; x_wconf 83' lang='lat' dir='ltr'>Amita,⁵</span> <span class='ocrx_word' id='word_1_55' title='bbox 366 665 501 718; x_wconf 82' lang='lat' dir='ltr'>patris</span> <span class='ocrx_word' id='word_1_56' title='bbox 528 665 614 705; x_wconf 89' lang='lat' dir='ltr'>mei</span> <span class='ocrx_word' id='word_1_57' title='bbox 643 678 777 714; x_wconf 89' lang='lat' dir='ltr'>soror,</span> <span class='ocrx_word' id='word_1_58' title='bbox 800 664 906 717; x_wconf 83' lang='lat' dir='ltr'>quia</span> <span class='ocrx_word' id='word_1_59' title='bbox 925 663 1125 703; x_wconf 91' lang='lat' dir='ltr'>similiter</span> <span class='ocrx_word' id='word_1_60' title='bbox 1146 662 1274 702; x_wconf 86' lang='lat' dir='ltr'>tertia</span> <span class='ocrx_word' id='word_1_61' title='bbox 1294 675 1321 702; x_wconf 83' lang='lat' dir='ltr'>a</span> <span class='ocrx_word' id='word_1_62' title='bbox 1340 674 1410 701; x_wconf 88' lang='lat' dir='ltr'>me</span> <span class='ocrx_word' id='word_1_63' title='bbox 1431 661 1502 710; x_wconf 85' lang='lat' dir='ltr'>sit,</span> <span class='ocrx_word' id='word_1_64' title='bbox 1527 666 1592 702; x_wconf 83' lang='lat' dir='ltr'>at-</span> 
     </span>
     <span class='ocr_line' id='line_1_10' title="bbox 210 729 1592 785; baseline -0.003 -13"><span class='ocrx_word' id='word_1_65' title='bbox 210 744 295 785; x_wconf 85' lang='lat' dir='ltr'>que</span> <span class='ocrx_word' id='word_1_66' title='bbox 319 733 434 782; x_wconf 83' lang='lat' dir='ltr'>avia,</span> <span class='ocrx_word' id='word_1_67' title='bbox 455 732 590 772; x_wconf 89' lang='lat' dir='ltr'>videri</span> <span class='ocrx_word' id='word_1_68' title='bbox 611 735 758 784; x_wconf 89' lang='lat' dir='ltr'>potest</span> <span class='ocrx_word' id='word_1_69' title='bbox 779 731 921 771; x_wconf 82' lang='lat' dir='ltr'>dicta:</span> <span class='ocrx_word' id='word_1_70' title='bbox 953 742 1008 770; x_wconf 79' lang='lat' dir='ltr'>ex</span> <span class='ocrx_word' id='word_1_71' title='bbox 1031 743 1097 778; x_wconf 90' lang='lat' dir='ltr'>e0,</span> <span class='ocrx_word' id='word_1_72' title='bbox 1119 730 1236 783; x_wconf 91' lang='lat' dir='ltr'>quod</span> <span class='ocrx_word' id='word_1_73' title='bbox 1259 729 1315 769; x_wconf 86' lang='lat' dir='ltr'>ab</span> <span class='ocrx_word' id='word_1_74' title='bbox 1337 729 1592 782; x_wconf 85' lang='lat' dir='ltr'>antiquiori-</span> 
     </span>
     <span class='ocr_line' id='line_1_11' title="bbox 210 796 1590 850; baseline -0.002 -11"><span class='ocrx_word' id='word_1_75' title='bbox 210 800 294 839; x_wconf 90' lang='lat' dir='ltr'>bus</span> <span class='ocrx_word' id='word_1_76' title='bbox 315 801 434 840; x_wconf 84' lang='lat' dir='ltr'>avita</span> <span class='ocrx_word' id='word_1_77' title='bbox 457 799 514 840; x_wconf 87' lang='lat' dir='ltr'>sit</span> <span class='ocrx_word' id='word_1_78' title='bbox 530 799 744 840; x_wconf 81' lang='lat' dir='ltr'>vocitata:</span> <span class='ocrx_word' id='word_1_79' title='bbox 776 799 869 838; x_wconf 90' lang='lat' dir='ltr'>sive</span> <span class='ocrx_word' id='word_1_80' title='bbox 892 798 1025 838; x_wconf 83' lang='lat' dir='ltr'>amita</span> <span class='ocrx_word' id='word_1_81' title='bbox 1047 797 1167 838; x_wconf 84' lang='lat' dir='ltr'>dicta</span> <span class='ocrx_word' id='word_1_82' title='bbox 1188 801 1268 846; x_wconf 81' lang='lat' dir='ltr'>est,</span> <span class='ocrx_word' id='word_1_83' title='bbox 1289 796 1395 850; x_wconf 86' lang='lat' dir='ltr'>quia</span> <span class='ocrx_word' id='word_1_84' title='bbox 1418 808 1445 836; x_wconf 85' lang='lat' dir='ltr'>a</span> <span class='ocrx_word' id='word_1_85' title='bbox 1464 801 1590 849; x_wconf 83' lang='lat' dir='ltr'>patre</span> 
     </span>
    </p>
   </div>
   <div class='ocr_carea' id='block_1_4' title="bbox 752 906 869 918">
    <p class='ocr_par' dir='ltr' id='par_1_8' title="bbox 752 906 869 918">
     <span class='ocr_line' id='line_1_12' title="bbox 752 906 869 918; baseline 0 0"><span class='ocrx_word' id='word_1_86' title='bbox 752 906 869 918; x_wconf 58' lang='grc' dir='ltr'>σσσσσσ</span> 
     </span>
    </p>
   </div>
   <div class='ocr_carea' id='block_1_5' title="bbox 873 905 990 918">
    <p class='ocr_par' dir='ltr' id='par_1_9' title="bbox 873 905 990 918">
     <span class='ocr_line' id='line_1_13' title="bbox 873 905 990 918; baseline 0.009 -1"><span class='ocrx_word' id='word_1_87' title='bbox 873 905 990 918; x_wconf 58' lang='lat'>000000</span> 
     </span>
    </p>
   </div>
   <div class='ocr_carea' id='block_1_6' title="bbox 198 970 1262 1012">
    <p class='ocr_par' dir='ltr' id='par_1_10' title="bbox 198 970 1262 1012">
     <span class='ocr_line' id='line_1_14' title="bbox 198 970 1262 1012; baseline -0.002 -9"><span class='ocrx_word' id='word_1_88' title='bbox 198 975 236 1003; x_wconf 84' lang='lat'>19</span> <span class='ocrx_word' id='word_1_89' title='bbox 260 971 315 1003; x_wconf 83' lang='lat' dir='ltr'>Al.</span> <span class='ocrx_word' id='word_1_90' title='bbox 339 972 608 1003; x_wconf 74' lang='lat' dir='ltr'>Anucinwn.-20</span> <span class='ocrx_word' id='word_1_91' title='bbox 632 972 776 1004; x_wconf 80' lang='lat' dir='ltr'>Quidam</span> <span class='ocrx_word' id='word_1_92' title='bbox 793 972 884 1012; x_wconf 81' lang='lat' dir='ltr'>libri,</span> <span class='ocrx_word' id='word_1_93' title='bbox 897 976 984 1003; x_wconf 83' lang='lat' dir='ltr'>teste</span> <span class='ocrx_word' id='word_1_94' title='bbox 1000 971 1089 1003; x_wconf 82' lang='lat' dir='ltr'>Scal.</span> <span class='ocrx_word' id='word_1_95' title='bbox 1106 970 1262 1002; x_wconf 82' lang='lat' dir='ltr'>Animula.</span> 
     </span>
    </p>
   </div>
   <div class='ocr_carea' id='block_1_7' title="bbox 797 1077 941 1109">
    <p class='ocr_par' dir='ltr' id='par_1_11' title="bbox 797 1077 941 1109">
     <span class='ocr_line' id='line_1_15' title="bbox 797 1077 941 1109; baseline -0.007 0"><span class='ocrx_word' id='word_1_96' title='bbox 797 1077 941 1109; x_wconf 83' lang='lat' dir='ltr'>NOTAE</span> 
     </span>
    </p>
   </div>
   <div class='ocr_carea' id='block_1_8' title="bbox 140 1152 843 2751">
    <p class='ocr_par' dir='ltr' id='par_1_12' title="bbox 150 1152 843 1336">
     <span class='ocr_line' id='line_1_16' title="bbox 151 1152 843 1185; baseline 0.004 -3"><span class='ocrx_word' id='word_1_97' title='bbox 151 1162 223 1183; x_wconf 87' lang='lat' dir='ltr'>esse</span> <span class='ocrx_word' id='word_1_98' title='bbox 255 1152 420 1184; x_wconf 83' lang='lat' dir='ltr'>dubitant.</span> <span class='ocrx_word' id='word_1_99' title='bbox 475 1153 626 1184; x_wconf 81' lang='lat' dir='ltr'>Eustath.</span> <span class='ocrx_word' id='word_1_100' title='bbox 658 1155 706 1185; x_wconf 88' lang='lat' dir='ltr'>ait</span> <span class='ocrx_word' id='word_1_101' title='bbox 731 1154 843 1185; x_wconf 78' lang='lat' dir='ltr'>amiam</span> 
     </span>
     <span class='ocr_line' id='line_1_17' title="bbox 152 1202 842 1245; baseline 0.003 -12"><span class='ocrx_word' id='word_1_102' title='bbox 152 1213 224 1233; x_wconf 83' lang='lat' dir='ltr'>esse</span> <span class='ocrx_word' id='word_1_103' title='bbox 242 1202 283 1233; x_wconf 85' lang='lat' dir='ltr'>ab</span> <span class='ocrx_word' id='word_1_104' title='bbox 303 1215 321 1233; x_wconf 85' lang='grc' dir='ltr'>α</span> <span class='ocrx_word' id='word_1_105' title='bbox 342 1204 508 1243; x_wconf 87' lang='lat' dir='ltr'>privativo</span> <span class='ocrx_word' id='word_1_106' title='bbox 525 1209 558 1234; x_wconf 82' lang='lat' dir='ltr'>et</span> <span class='ocrx_word' id='word_1_107' title='bbox 573 1203 637 1242; x_wconf 80' lang='grc' dir='ltr'><em>μία,</em></span> <span class='ocrx_word' id='word_1_108' title='bbox 655 1205 742 1245; x_wconf 90' lang='lat' dir='ltr'>quod</span> <span class='ocrx_word' id='word_1_109' title='bbox 760 1214 842 1235; x_wconf 87' lang='lat' dir='ltr'>nun-</span> 
     </span>
     <span class='ocr_line' id='line_1_18' title="bbox 152 1255 841 1296; baseline 0.004 -13"><span class='ocrx_word' id='word_1_110' title='bbox 152 1263 249 1294; x_wconf 89' lang='lat' dir='ltr'>quam</span> <span class='ocrx_word' id='word_1_111' title='bbox 276 1255 344 1284; x_wconf 87' lang='lat' dir='ltr'>sola</span> <span class='ocrx_word' id='word_1_112' title='bbox 373 1264 434 1294; x_wconf 84' lang='lat' dir='ltr'>per</span> <span class='ocrx_word' id='word_1_113' title='bbox 460 1265 596 1296; x_wconf 75' lang='lat' dir='ltr'>aequora</span> <span class='ocrx_word' id='word_1_114' title='bbox 625 1257 751 1295; x_wconf 74' lang='lat' dir='ltr'>currat,</span> <span class='ocrx_word' id='word_1_115' title='bbox 783 1255 841 1286; x_wconf 87' lang='lat' dir='ltr'>sed</span> 
     </span>
     <span class='ocr_line' id='line_1_19' title="bbox 150 1305 694 1336; baseline 0.004 -2"><span class='ocrx_word' id='word_1_116' title='bbox 150 1313 225 1335; x_wconf 88' lang='lat' dir='ltr'>cum</span> <span class='ocrx_word' id='word_1_117' title='bbox 242 1305 404 1335; x_wconf 86' lang='lat' dir='ltr'>sociarum</span> <span class='ocrx_word' id='word_1_118' title='bbox 422 1314 570 1336; x_wconf 88' lang='lat' dir='ltr'>numero.</span> <span class='ocrx_word' id='word_1_119' title='bbox 597 1306 694 1336; x_wconf 84' lang='lat' dir='ltr'>Idem.</span> 
     </span>
    </p>

    <p class='ocr_par' dir='ltr' id='par_1_13' title="bbox 146 1354 841 1840">
     <span class='ocr_line' id='line_1_20' title="bbox 191 1354 841 1394; baseline 0.003 -10"><span class='ocrx_word' id='word_1_120' title='bbox 191 1357 205 1373; x_wconf 91' lang='lat'>¹¹</span> <span class='ocrx_word' id='word_1_121' title='bbox 228 1354 417 1394; x_wconf 82' lang='lat' dir='ltr'>Amicinum]</span> <span class='ocrx_word' id='word_1_122' title='bbox 442 1355 672 1386; x_wconf 80' lang='lat' dir='ltr'>Glossarium:</span> <span class='ocrx_word' id='word_1_123' title='bbox 694 1358 703 1373; x_wconf 86' lang='lat'>‘</span> <span class='ocrx_word' id='word_1_124' title='bbox 718 1354 841 1386; x_wconf 86' lang='lat' dir='ltr'>Amici-</span> 
     </span>
     <span class='ocr_line' id='line_1_21' title="bbox 149 1405 841 1445; baseline -0.001 -9"><span class='ocrx_word' id='word_1_125' title='bbox 149 1415 223 1445; x_wconf 79' lang='lat' dir='ltr'>nuS,</span> <span class='ocrx_word' id='word_1_126' title='bbox 248 1406 345 1437; x_wconf 82' lang='grc' dir='ltr'>ἀσκοῦ</span> <span class='ocrx_word' id='word_1_127' title='bbox 370 1405 496 1444; x_wconf 84' lang='grc' dir='ltr'>στόμα.’</span> <span class='ocrx_word' id='word_1_128' title='bbox 540 1407 624 1436; x_wconf 86' lang='lat' dir='ltr'>Vult</span> <span class='ocrx_word' id='word_1_129' title='bbox 650 1405 841 1437; x_wconf 85' lang='lat' dir='ltr'>Amicinum</span> 
     </span>
     <span class='ocr_line' id='line_1_22' title="bbox 149 1457 840 1496; baseline -0.001 -10"><span class='ocrx_word' id='word_1_130' title='bbox 149 1465 221 1486; x_wconf 79' lang='lat' dir='ltr'>esse</span> <span class='ocrx_word' id='word_1_131' title='bbox 238 1467 286 1496; x_wconf 90' lang='lat' dir='ltr'>os,</span> <span class='ocrx_word' id='word_1_132' title='bbox 311 1457 380 1487; x_wconf 84' lang='lat' dir='ltr'>sive</span> <span class='ocrx_word' id='word_1_133' title='bbox 397 1458 502 1487; x_wconf 83' lang='lat' dir='ltr'>iuram</span> <span class='ocrx_word' id='word_1_134' title='bbox 519 1457 612 1492; x_wconf 90' lang='lat' dir='ltr'>utris,</span> <span class='ocrx_word' id='word_1_135' title='bbox 629 1466 703 1487; x_wconf 88' lang='lat' dir='ltr'>cum</span> <span class='ocrx_word' id='word_1_136' title='bbox 722 1457 840 1486; x_wconf 86' lang='lat' dir='ltr'>Festus</span> 
     </span>
     <span class='ocr_line' id='line_1_23' title="bbox 150 1505 840 1546; baseline 0.003 -11"><span class='ocrx_word' id='word_1_137' title='bbox 150 1506 230 1536; x_wconf 83' lang='lat' dir='ltr'>velit</span> <span class='ocrx_word' id='word_1_138' title='bbox 257 1516 333 1537; x_wconf 89' lang='lat' dir='ltr'>esse</span> <span class='ocrx_word' id='word_1_139' title='bbox 356 1507 412 1537; x_wconf 80' lang='grc' dir='ltr'>τὸν</span> <span class='ocrx_word' id='word_1_140' title='bbox 436 1506 606 1546; x_wconf 78' lang='grc' dir='ltr'>λεγόμενον</span> <span class='ocrx_word' id='word_1_141' title='bbox 629 1507 727 1538; x_wconf 84' lang='grc' dir='ltr'>ἀσκοῦ</span> <span class='ocrx_word' id='word_1_142' title='bbox 752 1505 840 1546; x_wconf 81' lang='grc' dir='ltr'>πόδα,</span> 
     </span>
     <span class='ocr_line' id='line_1_24' title="bbox 147 1556 840 1598; baseline 0.003 -13"><span class='ocrx_word' id='word_1_143' title='bbox 147 1556 214 1592; x_wconf 85' lang='grc' dir='ltr'>ἤτοι</span> <span class='ocrx_word' id='word_1_144' title='bbox 238 1558 385 1598; x_wconf 81' lang='grc' dir='ltr'>ποδεῶνα,</span> <span class='ocrx_word' id='word_1_145' title='bbox 409 1558 505 1597; x_wconf 84' lang='lat' dir='ltr'>cujus</span> <span class='ocrx_word' id='word_1_146' title='bbox 521 1557 559 1588; x_wconf 84' lang='lat' dir='ltr'>fit</span> <span class='ocrx_word' id='word_1_147' title='bbox 576 1557 702 1588; x_wconf 89' lang='lat' dir='ltr'>mentio</span> <span class='ocrx_word' id='word_1_148' title='bbox 717 1557 750 1587; x_wconf 90' lang='lat' dir='ltr'>in</span> <span class='ocrx_word' id='word_1_149' title='bbox 767 1566 840 1587; x_wconf 87' lang='lat' dir='ltr'>ora-</span> 
     </span>
     <span class='ocr_line' id='line_1_25' title="bbox 148 1607 841 1648; baseline 0.001 -11"><span class='ocrx_word' id='word_1_150' title='bbox 148 1608 235 1647; x_wconf 89' lang='lat' dir='ltr'>culo,</span> <span class='ocrx_word' id='word_1_151' title='bbox 267 1608 354 1648; x_wconf 88' lang='lat' dir='ltr'>quod</span> <span class='ocrx_word' id='word_1_152' title='bbox 388 1609 467 1639; x_wconf 85' lang='lat' dir='ltr'>Laio</span> <span class='ocrx_word' id='word_1_153' title='bbox 493 1609 726 1639; x_wconf 86' lang='lat' dir='ltr'>Thebanorum</span> <span class='ocrx_word' id='word_1_154' title='bbox 756 1607 841 1647; x_wconf 84' lang='lat' dir='ltr'>Regi</span> 
     </span>
     <span class='ocr_line' id='line_1_26' title="bbox 147 1655 840 1698; baseline 0.001 -12"><span class='ocrx_word' id='word_1_155' title='bbox 147 1655 262 1687; x_wconf 87' lang='lat' dir='ltr'>datum</span> <span class='ocrx_word' id='word_1_156' title='bbox 278 1656 353 1688; x_wconf 81' lang='lat' dir='ltr'>fuit.</span> <span class='ocrx_word' id='word_1_157' title='bbox 391 1658 457 1689; x_wconf 89' lang='lat' dir='ltr'>Sed</span> <span class='ocrx_word' id='word_1_158' title='bbox 476 1658 594 1688; x_wconf 89' lang='lat' dir='ltr'>mirum</span> <span class='ocrx_word' id='word_1_159' title='bbox 613 1658 700 1698; x_wconf 84' lang='lat' dir='ltr'>quod</span> <span class='ocrx_word' id='word_1_160' title='bbox 718 1657 750 1687; x_wconf 91' lang='lat' dir='ltr'>in</span> <span class='ocrx_word' id='word_1_161' title='bbox 768 1658 840 1688; x_wconf 87' lang='lat' dir='ltr'>aliis</span> 
     </span>
     <span class='ocr_line' id='line_1_27' title="bbox 148 1706 840 1748; baseline 0.001 -12"><span class='ocrx_word' id='word_1_162' title='bbox 148 1706 277 1737; x_wconf 86' lang='lat' dir='ltr'>Glossis</span> <span class='ocrx_word' id='word_1_163' title='bbox 293 1708 431 1748; x_wconf 83' lang='lat' dir='ltr'>legitur:</span> <span class='ocrx_word' id='word_1_164' title='bbox 451 1713 459 1726; x_wconf 83' lang='lat'><em>¹</em></span> <span class='ocrx_word' id='word_1_165' title='bbox 470 1708 649 1742; x_wconf 89' lang='lat' dir='ltr'>Arvianus,</span> <span class='ocrx_word' id='word_1_166' title='bbox 663 1708 757 1738; x_wconf 84' lang='grc' dir='ltr'>ἀσκοῦ</span> <span class='ocrx_word' id='word_1_167' title='bbox 768 1706 840 1738; x_wconf 84' lang='grc' dir='ltr'>στό-</span> 
     </span>
     <span class='ocr_line' id='line_1_28' title="bbox 146 1756 840 1798; baseline 0.001 -12"><span class='ocrx_word' id='word_1_168' title='bbox 146 1756 210 1793; x_wconf 85' lang='grc' dir='ltr'><em>μα.’</em></span> <span class='ocrx_word' id='word_1_169' title='bbox 253 1757 321 1788; x_wconf 90' lang='lat' dir='ltr'>Sed</span> <span class='ocrx_word' id='word_1_170' title='bbox 349 1758 504 1798; x_wconf 87' lang='lat' dir='ltr'>profecto</span> <span class='ocrx_word' id='word_1_171' title='bbox 528 1763 563 1788; x_wconf 88' lang='lat' dir='ltr'>et</span> <span class='ocrx_word' id='word_1_172' title='bbox 579 1758 612 1787; x_wconf 92' lang='lat' dir='ltr'>in</span> <span class='ocrx_word' id='word_1_173' title='bbox 628 1758 691 1788; x_wconf 88' lang='lat' dir='ltr'>illis</span> <span class='ocrx_word' id='word_1_174' title='bbox 708 1766 840 1798; x_wconf 89' lang='lat' dir='ltr'>quoque</span> 
     </span>
     <span class='ocr_line' id='line_1_29' title="bbox 147 1807 522 1840; baseline 0.005 -4"><span class='ocrx_word' id='word_1_175' title='bbox 147 1807 319 1837; x_wconf 77' lang='lat' dir='ltr'>Amicinus.</span> <span class='ocrx_word' id='word_1_176' title='bbox 342 1808 415 1840; x_wconf 81' lang='lat' dir='ltr'>Jos.</span> <span class='ocrx_word' id='word_1_177' title='bbox 432 1808 522 1838; x_wconf 83' lang='lat' dir='ltr'>Scal.</span> 
     </span>
    </p>

    <p class='ocr_par' dir='ltr' id='par_1_14' title="bbox 140 1856 841 2599">
     <span class='ocr_line' id='line_1_30' title="bbox 189 1856 839 1898; baseline 0.002 -12"><span class='ocrx_word' id='word_1_178' title='bbox 189 1857 381 1897; x_wconf 82' lang='lat' dir='ltr'>Amicinum]</span> <span class='ocrx_word' id='word_1_179' title='bbox 424 1857 514 1888; x_wconf 86' lang='lat' dir='ltr'>Male</span> <span class='ocrx_word' id='word_1_180' title='bbox 551 1856 703 1898; x_wconf 86' lang='lat' dir='ltr'>quaedam</span> <span class='ocrx_word' id='word_1_181' title='bbox 740 1856 839 1887; x_wconf 87' lang='lat' dir='ltr'>editt.</span> 
     </span>
     <span class='ocr_line' id='line_1_31' title="bbox 148 1906 841 1947; baseline 0 -11"><span class='ocrx_word' id='word_1_182' title='bbox 148 1907 333 1937; x_wconf 80' lang='lat' dir='ltr'>Anucz‘num.</span> <span class='ocrx_word' id='word_1_183' title='bbox 365 1907 540 1938; x_wconf 83' lang='lat' dir='ltr'>Amiciuus</span> <span class='ocrx_word' id='word_1_184' title='bbox 555 1912 606 1937; x_wconf 88' lang='lat' dir='ltr'>est</span> <span class='ocrx_word' id='word_1_185' title='bbox 620 1916 654 1937; x_wconf 84' lang='lat' dir='ltr'>os</span> <span class='ocrx_word' id='word_1_186' title='bbox 668 1906 762 1944; x_wconf 88' lang='lat' dir='ltr'>utris,</span> <span class='ocrx_word' id='word_1_187' title='bbox 775 1916 841 1947; x_wconf 86' lang='lat' dir='ltr'>qua</span> 
     </span>
     <span class='ocr_line' id='line_1_32' title="bbox 145 1957 839 1989; baseline 0.001 -3"><span class='ocrx_word' id='word_1_188' title='bbox 145 1957 255 1987; x_wconf 86' lang='lat' dir='ltr'>vinum</span> <span class='ocrx_word' id='word_1_189' title='bbox 267 1957 456 1988; x_wconf 89' lang='lat' dir='ltr'>infunditur</span> <span class='ocrx_word' id='word_1_190' title='bbox 466 1962 500 1989; x_wconf 82' lang='lat' dir='ltr'>et</span> <span class='ocrx_word' id='word_1_191' title='bbox 511 1957 724 1988; x_wconf 88' lang='lat' dir='ltr'>diffunditur.</span> <span class='ocrx_word' id='word_1_192' title='bbox 740 1957 839 1988; x_wconf 89' lang='lat' dir='ltr'>Glos-</span> 
     </span>
     <span class='ocr_line' id='line_1_33' title="bbox 145 2007 838 2046; baseline 0.001 -9"><span class='ocrx_word' id='word_1_193' title='bbox 145 2008 288 2038; x_wconf 83' lang='lat' dir='ltr'>sarium:</span> <span class='ocrx_word' id='word_1_194' title='bbox 314 2008 502 2046; x_wconf 88' lang='lat' dir='ltr'>‘amicinus‚</span> <span class='ocrx_word' id='word_1_195' title='bbox 525 2008 620 2039; x_wconf 84' lang='grc' dir='ltr'>ἀσκοῦ</span> <span class='ocrx_word' id='word_1_196' title='bbox 639 2007 761 2046; x_wconf 84' lang='grc' dir='ltr'><em>στόμα,’</em></span> <span class='ocrx_word' id='word_1_197' title='bbox 781 2009 838 2038; x_wconf 89' lang='lat' dir='ltr'>‘os</span> 
     </span>
     <span class='ocr_line' id='line_1_34' title="bbox 144 2057 837 2098; baseline 0.003 -11"><span class='ocrx_word' id='word_1_198' title='bbox 144 2057 251 2088; x_wconf 57' lang='lat' dir='ltr'>utris)</span> <span class='ocrx_word' id='word_1_199' title='bbox 297 2058 390 2089; x_wconf 90' lang='lat' dir='ltr'>Utris</span> <span class='ocrx_word' id='word_1_200' title='bbox 408 2058 526 2098; x_wconf 83' lang='lat' dir='ltr'>pedem</span> <span class='ocrx_word' id='word_1_201' title='bbox 549 2059 620 2088; x_wconf 89' lang='lat' dir='ltr'>sive</span> <span class='ocrx_word' id='word_1_202' title='bbox 644 2058 837 2098; x_wconf 89' lang='lat' dir='ltr'>pediculum</span> 
     </span>
     <span class='ocr_line' id='line_1_35' title="bbox 142 2107 837 2148; baseline -0.003 -9"><span class='ocrx_word' id='word_1_203' title='bbox 142 2108 316 2148; x_wconf 83' lang='lat' dir='ltr'>intelligit,</span> <span class='ocrx_word' id='word_1_204' title='bbox 339 2108 435 2139; x_wconf 83' lang='grc' dir='ltr'>ἀσκοῦ</span> <span class='ocrx_word' id='word_1_205' title='bbox 458 2107 537 2139; x_wconf 85' lang='grc' dir='ltr'>πόδα</span> <span class='ocrx_word' id='word_1_206' title='bbox 567 2108 680 2139; x_wconf 84' lang='lat' dir='ltr'>Graeci</span> <span class='ocrx_word' id='word_1_207' title='bbox 707 2111 837 2142; x_wconf 81' lang='lat' dir='ltr'>vocant,</span> 
     </span>
     <span class='ocr_line' id='line_1_36' title="bbox 144 2159 836 2199; baseline 0 -10"><span class='ocrx_word' id='word_1_208' title='bbox 144 2163 181 2189; x_wconf 86' lang='lat' dir='ltr'>ut</span> <span class='ocrx_word' id='word_1_209' title='bbox 208 2164 243 2189; x_wconf 89' lang='lat' dir='ltr'>et</span> <span class='ocrx_word' id='word_1_210' title='bbox 272 2166 412 2199; x_wconf 87' lang='lat' dir='ltr'>propter</span> <span class='ocrx_word' id='word_1_211' title='bbox 441 2159 704 2194; x_wconf 84' lang='lat' dir='ltr'>similitudinem,</span> <span class='ocrx_word' id='word_1_212' title='bbox 735 2169 836 2189; x_wconf 82' lang='lat' dir='ltr'>inem-</span> 
     </span>
     <span class='ocr_line' id='line_1_37' title="bbox 144 2208 838 2250; baseline 0.003 -12"><span class='ocrx_word' id='word_1_213' title='bbox 144 2208 238 2239; x_wconf 87' lang='lat' dir='ltr'>brum</span> <span class='ocrx_word' id='word_1_214' title='bbox 256 2209 337 2240; x_wconf 91' lang='lat' dir='ltr'>illud</span> <span class='ocrx_word' id='word_1_215' title='bbox 363 2220 427 2250; x_wconf 88' lang='lat' dir='ltr'>quo</span> <span class='ocrx_word' id='word_1_216' title='bbox 451 2210 513 2240; x_wconf 89' lang='lat' dir='ltr'>viri</span> <span class='ocrx_word' id='word_1_217' title='bbox 541 2220 664 2240; x_wconf 85' lang='lat' dir='ltr'>sumus.</span> <span class='ocrx_word' id='word_1_218' title='bbox 709 2211 838 2240; x_wconf 87' lang='lat' dir='ltr'>Oracu·</span> 
     </span>
     <span class='ocr_line' id='line_1_38' title="bbox 143 2259 837 2300; baseline 0.001 -11"><span class='ocrx_word' id='word_1_219' title='bbox 143 2259 209 2289; x_wconf 87' lang='lat' dir='ltr'>lum</span> <span class='ocrx_word' id='word_1_220' title='bbox 227 2260 315 2299; x_wconf 84' lang='lat' dir='ltr'>quod</span> <span class='ocrx_word' id='word_1_221' title='bbox 336 2260 416 2290; x_wconf 83' lang='lat' dir='ltr'>Laio</span> <span class='ocrx_word' id='word_1_222' title='bbox 439 2260 673 2291; x_wconf 84' lang='lat' dir='ltr'>Thebanorum</span> <span class='ocrx_word' id='word_1_223' title='bbox 690 2260 762 2300; x_wconf 82' lang='lat' dir='ltr'>regi</span> <span class='ocrx_word' id='word_1_224' title='bbox 781 2260 837 2290; x_wconf 85' lang='lat' dir='ltr'>da·</span> 
     </span>
     <span class='ocr_line' id='line_1_39' title="bbox 145 2307 838 2349; baseline 0.004 -12"><span class='ocrx_word' id='word_1_225' title='bbox 145 2314 212 2338; x_wconf 74' lang='lat' dir='ltr'>tum</span> <span class='ocrx_word' id='word_1_226' title='bbox 229 2307 294 2339; x_wconf 90' lang='lat' dir='ltr'>fuit</span> <span class='ocrx_word' id='word_1_227' title='bbox 317 2309 472 2349; x_wconf 85' lang='lat' dir='ltr'>Euripid.</span> <span class='ocrx_word' id='word_1_228' title='bbox 500 2311 533 2340; x_wconf 93' lang='lat' dir='ltr'>in</span> <span class='ocrx_word' id='word_1_229' title='bbox 559 2311 693 2341; x_wconf 81' lang='lat' dir='ltr'>Medea.</span> <span class='ocrx_word' id='word_1_230' title='bbox 725 2311 838 2340; x_wconf 80' lang='grc' dir='ltr'>Ἀσκοῦ</span> 
     </span>
     <span class='ocr_line' id='line_1_40' title="bbox 142 2358 838 2401; baseline 0.006 -14"><span class='ocrx_word' id='word_1_231' title='bbox 142 2369 198 2395; x_wconf 88' lang='grc' dir='ltr'>μεν</span> <span class='ocrx_word' id='word_1_232' title='bbox 219 2358 274 2388; x_wconf 84' lang='grc' dir='ltr'>τὸν</span> <span class='ocrx_word' id='word_1_233' title='bbox 294 2360 471 2398; x_wconf 81' lang='grc' dir='ltr'>προῦχοντα</span> <span class='ocrx_word' id='word_1_234' title='bbox 491 2360 533 2398; x_wconf 83' lang='grc' dir='ltr'>μὴ</span> <span class='ocrx_word' id='word_1_235' title='bbox 549 2361 642 2390; x_wconf 82' lang='grc' dir='ltr'>λῦσαι</span> <span class='ocrx_word' id='word_1_236' title='bbox 657 2360 748 2398; x_wconf 86' lang='grc' dir='ltr'>πόδα,</span> <span class='ocrx_word' id='word_1_237' title='bbox 764 2360 838 2401; x_wconf 78' lang='grc' dir='ltr'>Πρὶν</span> 
     </span>
     <span class='ocr_line' id='line_1_41' title="bbox 143 2408 837 2449; baseline 0.006 -12"><span class='ocrx_word' id='word_1_238' title='bbox 143 2408 180 2438; x_wconf 79' lang='grc' dir='ltr'>ἂν</span> <span class='ocrx_word' id='word_1_239' title='bbox 195 2408 339 2448; x_wconf 75' lang='grc' dir='ltr'>πατρῴαν</span> <span class='ocrx_word' id='word_1_240' title='bbox 354 2408 435 2440; x_wconf 75' lang='grc' dir='ltr'>αὖθις</span> <span class='ocrx_word' id='word_1_241' title='bbox 459 2409 565 2441; x_wconf 81' lang='grc' dir='ltr'>ἑστίαν</span> <span class='ocrx_word' id='word_1_242' title='bbox 589 2410 687 2449; x_wconf 86' lang='grc' dir='ltr'>μόλω.</span> <span class='ocrx_word' id='word_1_243' title='bbox 719 2416 727 2428; x_wconf 90' lang='lat'><em>‘</em></span> <span class='ocrx_word' id='word_1_244' title='bbox 742 2411 837 2442; x_wconf 80' lang='lat' dir='ltr'>Utris</span> 
     </span>
     <span class='ocr_line' id='line_1_42' title="bbox 141 2459 837 2500; baseline 0.004 -12"><span class='ocrx_word' id='word_1_245' title='bbox 141 2467 184 2488; x_wconf 91' lang='lat' dir='ltr'>ne</span> <span class='ocrx_word' id='word_1_246' title='bbox 212 2459 414 2489; x_wconf 76' lang='lat' dir='ltr'>eminentem</span> <span class='ocrx_word' id='word_1_247' title='bbox 440 2460 604 2490; x_wconf 84' lang='lat' dir='ltr'>solverem</span> <span class='ocrx_word' id='word_1_248' title='bbox 630 2460 837 2500; x_wconf 83' lang='lat' dir='ltr'>pediculum,</span> 
     </span>
     <span class='ocr_line' id='line_1_43' title="bbox 143 2508 837 2548; baseline 0.003 -10"><span class='ocrx_word' id='word_1_249' title='bbox 143 2508 343 2548; x_wconf 87' lang='lat' dir='ltr'>Priusquam</span> <span class='ocrx_word' id='word_1_250' title='bbox 358 2509 500 2548; x_wconf 87' lang='lat' dir='ltr'>patriam</span> <span class='ocrx_word' id='word_1_251' title='bbox 514 2508 634 2539; x_wconf 85' lang='lat' dir='ltr'>iterum</span> <span class='ocrx_word' id='word_1_252' title='bbox 649 2513 688 2540; x_wconf 86' lang='lat' dir='ltr'>ad</span> <span class='ocrx_word' id='word_1_253' title='bbox 702 2510 837 2540; x_wconf 88' lang='lat' dir='ltr'>domum</span> 
     </span>
     <span class='ocr_line' id='line_1_44' title="bbox 140 2559 479 2599; baseline -0.003 -10"><span class='ocrx_word' id='word_1_254' title='bbox 140 2559 376 2599; x_wconf 78' lang='lat' dir='ltr'>pervenirem-⁷</span> <span class='ocrx_word' id='word_1_255' title='bbox 398 2559 479 2589; x_wconf 77' lang='lat' dir='ltr'>Duc.</span> 
     </span>
    </p>

    <p class='ocr_par' dir='ltr' id='par_1_15' title="bbox 142 2608 836 2751">
     <span class='ocr_line' id='line_1_45' title="bbox 182 2608 835 2649; baseline 0 -9"><span class='ocrx_word' id='word_1_256' title='bbox 182 2614 196 2629; x_wconf 82' lang='lat'>⁰</span> <span class='ocrx_word' id='word_1_257' title='bbox 220 2609 392 2649; x_wconf 81' lang='lat' dir='ltr'>Amicilice]</span> <span class='ocrx_word' id='word_1_258' title='bbox 416 2608 476 2639; x_wconf 89' lang='lat' dir='ltr'>Ait</span> <span class='ocrx_word' id='word_1_259' title='bbox 502 2608 544 2638; x_wconf 89' lang='lat' dir='ltr'>ab</span> <span class='ocrx_word' id='word_1_260' title='bbox 570 2608 728 2649; x_wconf 86' lang='lat' dir='ltr'>Antiquis</span> <span class='ocrx_word' id='word_1_261' title='bbox 754 2619 835 2640; x_wconf 83' lang='lat' dir='ltr'>ame-</span> 
     </span>
     <span class='ocr_line' id='line_1_46' title="bbox 142 2658 835 2699; baseline 0.003 -11"><span class='ocrx_word' id='word_1_262' title='bbox 142 2668 223 2699; x_wconf 84' lang='lat' dir='ltr'>cum,</span> <span class='ocrx_word' id='word_1_263' title='bbox 234 2669 297 2690; x_wconf 86' lang='lat' dir='ltr'>non</span> <span class='ocrx_word' id='word_1_264' title='bbox 308 2659 437 2690; x_wconf 76' lang='lat' dir='ltr'>amicum</span> <span class='ocrx_word' id='word_1_265' title='bbox 448 2658 581 2689; x_wconf 85' lang='lat' dir='ltr'>solitum</span> <span class='ocrx_word' id='word_1_266' title='bbox 595 2659 671 2689; x_wconf 84' lang='lat' dir='ltr'>dici.</span> <span class='ocrx_word' id='word_1_267' title='bbox 700 2659 744 2689; x_wconf 84' lang='lat' dir='ltr'>Et</span> <span class='ocrx_word' id='word_1_268' title='bbox 756 2669 835 2690; x_wconf 86' lang='lat' dir='ltr'>sane</span> 
     </span>
     <span class='ocr_line' id='line_1_47' title="bbox 147 2709 836 2751; baseline 0.004 -13"><span class='ocrx_word' id='word_1_269' title='bbox 147 2710 272 2741; x_wconf 84' lang='lat' dir='ltr'>amicus</span> <span class='ocrx_word' id='word_1_270' title='bbox 309 2710 529 2751; x_wconf 76' lang='lat' dir='ltr'>compositum</span> <span class='ocrx_word' id='word_1_271' title='bbox 564 2715 628 2750; x_wconf 88' lang='lat' dir='ltr'>est,</span> <span class='ocrx_word' id='word_1_272' title='bbox 659 2709 836 2749; x_wconf 81' lang='lat' dir='ltr'>Amoequus,</span> 
     </span>
    </p>
   </div>
   <div class='ocr_carea' id='block_1_9' title="bbox 890 1148 1591 2742">
    <p class='ocr_par' dir='ltr' id='par_1_16' title="bbox 896 1148 1590 1438">
     <span class='ocr_line' id='line_1_48' title="bbox 897 1148 1590 1193; baseline -0.01 -8"><span class='ocrx_word' id='word_1_273' title='bbox 897 1154 962 1193; x_wconf 87' lang='lat' dir='ltr'>vel,</span> <span class='ocrx_word' id='word_1_274' title='bbox 989 1157 1025 1184; x_wconf 86' lang='lat' dir='ltr'>ut</span> <span class='ocrx_word' id='word_1_275' title='bbox 1049 1152 1112 1193; x_wconf 89' lang='lat' dir='ltr'>ipsi</span> <span class='ocrx_word' id='word_1_276' title='bbox 1138 1150 1343 1190; x_wconf 84' lang='lat' dir='ltr'>scribebant,</span> <span class='ocrx_word' id='word_1_277' title='bbox 1357 1148 1511 1179; x_wconf 81' lang='lat' dir='ltr'>Amecns:</span> <span class='ocrx_word' id='word_1_278' title='bbox 1535 1158 1590 1178; x_wconf 90' lang='lat' dir='ltr'>eo-</span> 
     </span>
     <span class='ocr_line' id='line_1_49' title="bbox 896 1200 1590 1242; baseline -0.01 -6"><span class='ocrx_word' id='word_1_279' title='bbox 896 1205 971 1236; x_wconf 87' lang='lat' dir='ltr'>dem</span> <span class='ocrx_word' id='word_1_280' title='bbox 985 1204 1082 1235; x_wconf 90' lang='lat' dir='ltr'>modo</span> <span class='ocrx_word' id='word_1_281' title='bbox 1099 1203 1238 1241; x_wconf 86' lang='lat' dir='ltr'>dietum,</span> <span class='ocrx_word' id='word_1_282' title='bbox 1254 1211 1319 1242; x_wconf 90' lang='lat' dir='ltr'>quo</span> <span class='ocrx_word' id='word_1_283' title='bbox 1335 1200 1512 1237; x_wconf 77' lang='lat' dir='ltr'>Animecus,</span> <span class='ocrx_word' id='word_1_284' title='bbox 1529 1208 1590 1239; x_wconf 91' lang='lat' dir='ltr'>pro</span> 
     </span>
     <span class='ocr_line' id='line_1_50' title="bbox 896 1249 1590 1294; baseline -0.012 -8"><span class='ocrx_word' id='word_1_285' title='bbox 896 1255 1105 1294; x_wconf 81' lang='lat' dir='ltr'>Animaequus.</span> <span class='ocrx_word' id='word_1_286' title='bbox 1158 1251 1390 1284; x_wconf 79' lang='lat' dir='ltr'>Glossarium:</span> <span class='ocrx_word' id='word_1_287' title='bbox 1422 1254 1430 1267; x_wconf 76' lang='lat'><em>⁴</em></span> <span class='ocrx_word' id='word_1_288' title='bbox 1453 1249 1590 1280; x_wconf 87' lang='lat' dir='ltr'>Anime-</span> 
     </span>
     <span class='ocr_line' id='line_1_51' title="bbox 896 1300 1590 1345; baseline -0.01 -9"><span class='ocrx_word' id='word_1_289' title='bbox 896 1316 985 1345; x_wconf 89' lang='lat' dir='ltr'>cum,</span> <span class='ocrx_word' id='word_1_290' title='bbox 1005 1303 1177 1345; x_wconf 81' lang='grc' dir='ltr'>ἰσόψυχον.’</span> <span class='ocrx_word' id='word_1_291' title='bbox 1222 1302 1372 1334; x_wconf 82' lang='lat' dir='ltr'>Isidorus</span> <span class='ocrx_word' id='word_1_292' title='bbox 1389 1301 1422 1332; x_wconf 94' lang='lat' dir='ltr'>in</span> <span class='ocrx_word' id='word_1_293' title='bbox 1439 1300 1590 1332; x_wconf 87' lang='lat' dir='ltr'>Glossis:</span> 
     </span>
     <span class='ocr_line' id='line_1_52' title="bbox 898 1350 1590 1397; baseline -0.012 -9"><span class='ocrx_word' id='word_1_294' title='bbox 898 1358 906 1374; x_wconf 92' lang='lat'>‘</span> <span class='ocrx_word' id='word_1_295' title='bbox 925 1356 1154 1397; x_wconf 80' lang='lat' dir='ltr'>Animaequus,</span> <span class='ocrx_word' id='word_1_296' title='bbox 1191 1353 1323 1395; x_wconf 87' lang='lat' dir='ltr'>patiens</span> <span class='ocrx_word' id='word_1_297' title='bbox 1351 1350 1484 1383; x_wconf 89' lang='lat' dir='ltr'>animo.&#39;</span> <span class='ocrx_word' id='word_1_298' title='bbox 1519 1351 1590 1381; x_wconf 82' lang='lat' dir='ltr'>Jos.</span> 
     </span>
     <span class='ocr_line' id='line_1_53' title="bbox 896 1406 978 1438; baseline 0.012 -1"><span class='ocrx_word' id='word_1_299' title='bbox 896 1406 978 1438; x_wconf 85' lang='lat' dir='ltr'>Scal.</span> 
     </span>
    </p>

    <p class='ocr_par' dir='ltr' id='par_1_17' title="bbox 895 1451 1591 1589">
     <span class='ocr_line' id='line_1_54' title="bbox 938 1451 1590 1495; baseline -0.009 -7"><span class='ocrx_word' id='word_1_300' title='bbox 938 1455 1111 1495; x_wconf 66' lang='lat' dir='ltr'>Amicitias]</span> <span class='ocrx_word' id='word_1_301' title='bbox 1145 1454 1242 1492; x_wconf 88' lang='lat' dir='ltr'>Amo,</span> <span class='ocrx_word' id='word_1_302' title='bbox 1266 1453 1406 1492; x_wconf 82' lang='lat' dir='ltr'>amicus,</span> <span class='ocrx_word' id='word_1_303' title='bbox 1431 1451 1590 1483; x_wconf 82' lang='lat' dir='ltr'>amicitia.</span> 
     </span>
     <span class='ocr_line' id='line_1_55' title="bbox 896 1503 1591 1548; baseline -0.01 -9"><span class='ocrx_word' id='word_1_304' title='bbox 896 1509 1017 1548; x_wconf 88' lang='lat' dir='ltr'>Neque</span> <span class='ocrx_word' id='word_1_305' title='bbox 1031 1507 1118 1538; x_wconf 90' lang='lat' dir='ltr'>enim</span> <span class='ocrx_word' id='word_1_306' title='bbox 1136 1506 1176 1537; x_wconf 89' lang='lat' dir='ltr'>ab</span> <span class='ocrx_word' id='word_1_307' title='bbox 1193 1514 1306 1537; x_wconf 87' lang='lat' dir='ltr'>amore</span> <span class='ocrx_word' id='word_1_308' title='bbox 1321 1503 1460 1536; x_wconf 84' lang='lat' dir='ltr'>amicitia</span> <span class='ocrx_word' id='word_1_309' title='bbox 1476 1503 1591 1534; x_wconf 89' lang='lat' dir='ltr'>imme·</span> 
     </span>
     <span class='ocr_line' id='line_1_56' title="bbox 895 1558 1105 1589; baseline -0.005 0"><span class='ocrx_word' id='word_1_310' title='bbox 895 1558 998 1589; x_wconf 90' lang='lat' dir='ltr'>diate.</span> <span class='ocrx_word' id='word_1_311' title='bbox 1023 1558 1105 1588; x_wconf 76' lang='lat' dir='ltr'>Dae.</span> 
     </span>
    </p>

    <p class='ocr_par' dir='ltr' id='par_1_18' title="bbox 894 1602 1591 1941">
     <span class='ocr_line' id='line_1_57' title="bbox 937 1602 1589 1649; baseline -0.014 -8"><span class='ocrx_word' id='word_1_312' title='bbox 937 1615 953 1635; x_wconf 75' lang='grc' dir='ltr'>Ρ</span> <span class='ocrx_word' id='word_1_313' title='bbox 976 1609 1098 1649; x_wconf 83' lang='lat' dir='ltr'>Amecz&#39;]</span> <span class='ocrx_word' id='word_1_314' title='bbox 1119 1606 1318 1639; x_wconf 87' lang='lat' dir='ltr'>Verosimile</span> <span class='ocrx_word' id='word_1_315' title='bbox 1340 1614 1406 1636; x_wconf 91' lang='lat' dir='ltr'>non</span> <span class='ocrx_word' id='word_1_316' title='bbox 1420 1609 1483 1642; x_wconf 87' lang='lat' dir='ltr'>est,</span> <span class='ocrx_word' id='word_1_317' title='bbox 1500 1602 1589 1643; x_wconf 88' lang='lat' dir='ltr'>quod</span> 
     </span>
     <span class='ocr_line' id='line_1_58' title="bbox 896 1659 1591 1698; baseline -0.014 -7"><span class='ocrx_word' id='word_1_318' title='bbox 896 1659 942 1691; x_wconf 88' lang='lat' dir='ltr'>ait</span> <span class='ocrx_word' id='word_1_319' title='bbox 950 1659 1256 1698; x_wconf 75' lang='lat' dir='ltr'>Scaliger,amecum</span> <span class='ocrx_word' id='word_1_320' title='bbox 1266 1665 1340 1686; x_wconf 88' lang='lat' dir='ltr'>esse</span> <span class='ocrx_word' id='word_1_321' title='bbox 1353 1663 1413 1695; x_wconf 89' lang='lat' dir='ltr'>pro</span> <span class='ocrx_word' id='word_1_322' title='bbox 1421 1662 1591 1693; x_wconf 75' lang='lat' dir='ltr'>amaequum</span> 
     </span>
     <span class='ocr_line' id='line_1_59' title="bbox 896 1703 1591 1746; baseline -0.01 -7"><span class='ocrx_word' id='word_1_323' title='bbox 896 1719 937 1739; x_wconf 86' lang='lat' dir='ltr'>ex</span> <span class='ocrx_word' id='word_1_324' title='bbox 952 1719 1002 1739; x_wconf 81' lang='lat' dir='ltr'>am</span> <span class='ocrx_word' id='word_1_325' title='bbox 1021 1714 1057 1738; x_wconf 85' lang='lat' dir='ltr'>et</span> <span class='ocrx_word' id='word_1_326' title='bbox 1080 1716 1213 1746; x_wconf 79' lang='lat' dir='ltr'>aequum,</span> <span class='ocrx_word' id='word_1_327' title='bbox 1239 1710 1277 1736; x_wconf 89' lang='lat' dir='ltr'>ut</span> <span class='ocrx_word' id='word_1_328' title='bbox 1302 1705 1368 1745; x_wconf 90' lang='lat' dir='ltr'>ipsi</span> <span class='ocrx_word' id='word_1_329' title='bbox 1394 1703 1591 1734; x_wconf 80' lang='lat' dir='ltr'>scribebant</span> 
     </span>
     <span class='ocr_line' id='line_1_60' title="bbox 895 1753 1590 1795; baseline -0.01 -6"><span class='ocrx_word' id='word_1_330' title='bbox 895 1768 1028 1790; x_wconf 80' lang='lat' dir='ltr'>amecum</span> <span class='ocrx_word' id='word_1_331' title='bbox 1055 1757 1172 1788; x_wconf 87' lang='lat' dir='ltr'>eodem</span> <span class='ocrx_word' id='word_1_332' title='bbox 1200 1755 1301 1787; x_wconf 89' lang='lat' dir='ltr'>modo</span> <span class='ocrx_word' id='word_1_333' title='bbox 1329 1763 1394 1795; x_wconf 89' lang='lat' dir='ltr'>quo</span> <span class='ocrx_word' id='word_1_334' title='bbox 1421 1753 1590 1784; x_wconf 79' lang='lat' dir='ltr'>animecum</span> 
     </span>
     <span class='ocr_line' id='line_1_61' title="bbox 896 1803 1589 1850; baseline -0.012 -10"><span class='ocrx_word' id='word_1_335' title='bbox 896 1820 956 1850; x_wconf 90' lang='lat' dir='ltr'>pro</span> <span class='ocrx_word' id='word_1_336' title='bbox 992 1809 1207 1847; x_wconf 76' lang='lat' dir='ltr'>animoeqnum.</span> <span class='ocrx_word' id='word_1_337' title='bbox 1274 1806 1362 1837; x_wconf 80' lang='lat' dir='ltr'>Nam</span> <span class='ocrx_word' id='word_1_338' title='bbox 1404 1803 1589 1843; x_wconf 86' lang='lat' dir='ltr'>simplicius</span> 
     </span>
     <span class='ocr_line' id='line_1_62' title="bbox 894 1854 1588 1896; baseline -0.012 -5"><span class='ocrx_word' id='word_1_339' title='bbox 894 1860 1001 1891; x_wconf 88' lang='lat' dir='ltr'>multo</span> <span class='ocrx_word' id='word_1_340' title='bbox 1018 1863 1054 1890; x_wconf 89' lang='lat' dir='ltr'>ut</span> <span class='ocrx_word' id='word_1_341' title='bbox 1068 1867 1188 1889; x_wconf 79' lang='lat' dir='ltr'>amecus</span> <span class='ocrx_word' id='word_1_342' title='bbox 1203 1857 1247 1888; x_wconf 80' lang='lat' dir='ltr'>sit</span> <span class='ocrx_word' id='word_1_343' title='bbox 1265 1865 1326 1896; x_wconf 88' lang='lat' dir='ltr'>pro</span> <span class='ocrx_word' id='word_1_344' title='bbox 1341 1855 1468 1890; x_wconf 79' lang='lat' dir='ltr'>amicus,</span> <span class='ocrx_word' id='word_1_345' title='bbox 1485 1854 1497 1884; x_wconf 84' lang='lat' dir='ltr'>i</span> <span class='ocrx_word' id='word_1_346' title='bbox 1518 1863 1588 1884; x_wconf 91' lang='lat' dir='ltr'>mu-</span> 
     </span>
     <span class='ocr_line' id='line_1_63' title="bbox 895 1905 1461 1941; baseline -0.011 0"><span class='ocrx_word' id='word_1_347' title='bbox 895 1916 968 1941; x_wconf 84' lang='lat' dir='ltr'>tato</span> <span class='ocrx_word' id='word_1_348' title='bbox 984 1910 1017 1940; x_wconf 88' lang='lat' dir='ltr'>in</span> <span class='ocrx_word' id='word_1_349' title='bbox 1032 1918 1067 1939; x_wconf 90' lang='lat' dir='ltr'>e:</span> <span class='ocrx_word' id='word_1_350' title='bbox 1092 1913 1127 1938; x_wconf 89' lang='lat' dir='ltr'>et</span> <span class='ocrx_word' id='word_1_351' title='bbox 1144 1907 1191 1938; x_wconf 87' lang='lat' dir='ltr'>ita</span> <span class='ocrx_word' id='word_1_352' title='bbox 1207 1907 1340 1937; x_wconf 88' lang='lat' dir='ltr'>Festus.</span> <span class='ocrx_word' id='word_1_353' title='bbox 1365 1905 1461 1936; x_wconf 84' lang='lat' dir='ltr'>Idem.</span> 
     </span>
    </p>

    <p class='ocr_par' dir='ltr' id='par_1_19' title="bbox 892 1953 1590 2049">
     <span class='ocr_line' id='line_1_64' title="bbox 945 1953 1590 1998; baseline -0.012 -7"><span class='ocrx_word' id='word_1_354' title='bbox 945 1965 959 1986; x_wconf 73' lang='lat'>‘¹</span> <span class='ocrx_word' id='word_1_355' title='bbox 983 1958 1175 1998; x_wconf 83' lang='lat' dir='ltr'>Amiculum]</span> <span class='ocrx_word' id='word_1_356' title='bbox 1214 1956 1448 1989; x_wconf 83' lang='lat' dir='ltr'>Glossarium:</span> <span class='ocrx_word' id='word_1_357' title='bbox 1473 1953 1590 1984; x_wconf 88' lang='lat' dir='ltr'>‘Ami-</span> 
     </span>
     <span class='ocr_line' id='line_1_65' title="bbox 892 2005 1429 2049; baseline -0.011 -7"><span class='ocrx_word' id='word_1_358' title='bbox 892 2011 1015 2049; x_wconf 87' lang='lat' dir='ltr'>culum,</span> <span class='ocrx_word' id='word_1_359' title='bbox 1028 2007 1237 2045; x_wconf 84' lang='grc' dir='ltr'>ἇναβόλαιον.’</span> <span class='ocrx_word' id='word_1_360' title='bbox 1260 2008 1328 2038; x_wconf 79' lang='lat' dir='ltr'>Jos.</span> <span class='ocrx_word' id='word_1_361' title='bbox 1346 2005 1429 2037; x_wconf 80' lang='lat' dir='ltr'>Scal.</span> 
     </span>
    </p>

    <p class='ocr_par' dir='ltr' id='par_1_20' title="bbox 892 2054 1589 2199">
     <span class='ocr_line' id='line_1_66' title="bbox 934 2054 1588 2099; baseline -0.011 -8"><span class='ocrx_word' id='word_1_362' title='bbox 934 2059 1125 2099; x_wconf 81' lang='lat' dir='ltr'>Amiculum]</span> <span class='ocrx_word' id='word_1_363' title='bbox 1149 2058 1204 2090; x_wconf 90' lang='lat' dir='ltr'>Ab</span> <span class='ocrx_word' id='word_1_364' title='bbox 1218 2058 1349 2098; x_wconf 85' lang='lat' dir='ltr'>amicio,</span> <span class='ocrx_word' id='word_1_365' title='bbox 1366 2055 1455 2097; x_wconf 91' lang='lat' dir='ltr'>quod</span> <span class='ocrx_word' id='word_1_366' title='bbox 1471 2054 1513 2086; x_wconf 89' lang='lat' dir='ltr'>ab</span> <span class='ocrx_word' id='word_1_367' title='bbox 1528 2064 1588 2088; x_wconf 79' lang='lat' dir='ltr'>am.</span> 
     </span>
     <span class='ocr_line' id='line_1_67' title="bbox 892 2105 1589 2150; baseline -0.011 -9"><span class='ocrx_word' id='word_1_368' title='bbox 892 2110 1031 2150; x_wconf 84' lang='lat' dir='ltr'>circum,</span> <span class='ocrx_word' id='word_1_369' title='bbox 1048 2115 1081 2140; x_wconf 85' lang='lat' dir='ltr'>et</span> <span class='ocrx_word' id='word_1_370' title='bbox 1096 2110 1168 2148; x_wconf 81' lang='lat' dir='ltr'>icio,</span> <span class='ocrx_word' id='word_1_371' title='bbox 1189 2108 1292 2149; x_wconf 87' lang='lat' dir='ltr'>jacio.</span> <span class='ocrx_word' id='word_1_372' title='bbox 1335 2108 1449 2139; x_wconf 79' lang='lat' dir='ltr'>Quare</span> <span class='ocrx_word' id='word_1_373' title='bbox 1461 2105 1589 2145; x_wconf 87' lang='lat' dir='ltr'>optime</span> 
     </span>
     <span class='ocr_line' id='line_1_68' title="bbox 894 2157 1406 2199; baseline -0.012 -7"><span class='ocrx_word' id='word_1_374' title='bbox 894 2162 1015 2192; x_wconf 86' lang='lat' dir='ltr'>Festus</span> <span class='ocrx_word' id='word_1_375' title='bbox 1033 2170 1052 2191; x_wconf 90' lang='lat' dir='ltr'>a</span> <span class='ocrx_word' id='word_1_376' title='bbox 1067 2159 1298 2199; x_wconf 85' lang='lat' dir='ltr'>circumjectu.</span> <span class='ocrx_word' id='word_1_377' title='bbox 1327 2157 1406 2187; x_wconf 75' lang='lat' dir='ltr'>Dae.</span> 
     </span>
    </p>

    <p class='ocr_par' dir='ltr' id='par_1_21' title="bbox 892 2204 1587 2293">
     <span class='ocr_line' id='line_1_69' title="bbox 934 2204 1587 2250; baseline -0.012 -8"><span class='ocrx_word' id='word_1_378' title='bbox 934 2215 946 2231; x_wconf 76' lang='lat'><em>¹</em></span> <span class='ocrx_word' id='word_1_379' title='bbox 968 2210 1131 2250; x_wconf 77' lang='lat' dir='ltr'>Aminula]</span> <span class='ocrx_word' id='word_1_380' title='bbox 1164 2209 1255 2240; x_wconf 86' lang='lat' dir='ltr'>Male</span> <span class='ocrx_word' id='word_1_381' title='bbox 1283 2207 1315 2237; x_wconf 90' lang='lat' dir='ltr'>in</span> <span class='ocrx_word' id='word_1_382' title='bbox 1342 2215 1402 2237; x_wconf 84' lang='lat' dir='ltr'>ora</span> <span class='ocrx_word' id='word_1_383' title='bbox 1425 2204 1587 2244; x_wconf 85' lang='lat' dir='ltr'>scriptum</span> 
     </span>
     <span class='ocr_line' id='line_1_70' title="bbox 892 2259 1296 2293; baseline -0.012 0"><span class='ocrx_word' id='word_1_384' title='bbox 892 2262 1004 2293; x_wconf 83' lang='lat' dir='ltr'>fuerat</span> <span class='ocrx_word' id='word_1_385' title='bbox 1019 2261 1166 2291; x_wconf 77' lang='lat' dir='ltr'>animula.</span> <span class='ocrx_word' id='word_1_386' title='bbox 1190 2259 1296 2290; x_wconf 87' lang='lat' dir='ltr'>Idem.</span> 
     </span>
    </p>

    <p class='ocr_par' dir='ltr' id='par_1_22' title="bbox 890 2304 1589 2651">
     <span class='ocr_line' id='line_1_71' title="bbox 934 2304 1588 2350; baseline -0.014 -7"><span class='ocrx_word' id='word_1_387' title='bbox 934 2317 944 2332; x_wconf 62' lang='grc' dir='ltr'>ὃ</span> <span class='ocrx_word' id='word_1_388' title='bbox 971 2311 1095 2350; x_wconf 72' lang='lat' dir='ltr'>Anzita]</span> <span class='ocrx_word' id='word_1_389' title='bbox 1128 2310 1162 2340; x_wconf 89' lang='lat' dir='ltr'>Si</span> <span class='ocrx_word' id='word_1_390' title='bbox 1189 2317 1305 2339; x_wconf 89' lang='lat' dir='ltr'>verum</span> <span class='ocrx_word' id='word_1_391' title='bbox 1332 2309 1395 2341; x_wconf 87' lang='lat' dir='ltr'>est,</span> <span class='ocrx_word' id='word_1_392' title='bbox 1422 2304 1511 2346; x_wconf 86' lang='lat' dir='ltr'>quod</span> <span class='ocrx_word' id='word_1_393' title='bbox 1539 2304 1588 2335; x_wconf 88' lang='lat' dir='ltr'>ait</span> 
     </span>
     <span class='ocr_line' id='line_1_72' title="bbox 892 2356 1589 2400; baseline -0.013 -6"><span class='ocrx_word' id='word_1_394' title='bbox 892 2363 1027 2400; x_wconf 80' lang='lat' dir='ltr'>Festus,</span> <span class='ocrx_word' id='word_1_395' title='bbox 1053 2360 1214 2397; x_wconf 68' lang='lat' dir='ltr'>Amstam,</span> <span class='ocrx_word' id='word_1_396' title='bbox 1240 2357 1334 2397; x_wconf 85' lang='lat' dir='ltr'>quasi</span> <span class='ocrx_word' id='word_1_397' title='bbox 1365 2356 1501 2395; x_wconf 80' lang='lat' dir='ltr'>avitam,</span> <span class='ocrx_word' id='word_1_398' title='bbox 1529 2361 1589 2386; x_wconf 88' lang='lat' dir='ltr'>aut</span> 
     </span>
     <span class='ocr_line' id='line_1_73' title="bbox 893 2404 1587 2452; baseline -0.01 -9"><span class='ocrx_word' id='word_1_399' title='bbox 893 2412 986 2452; x_wconf 89' lang='lat' dir='ltr'>quasi</span> <span class='ocrx_word' id='word_1_400' title='bbox 1009 2415 1153 2441; x_wconf 83' lang='lat' dir='ltr'>amatam</span> <span class='ocrx_word' id='word_1_401' title='bbox 1170 2407 1319 2438; x_wconf 87' lang='lat' dir='ltr'>dictam:</span> <span class='ocrx_word' id='word_1_402' title='bbox 1346 2405 1480 2436; x_wconf 81' lang='lat' dir='ltr'>videtur</span> <span class='ocrx_word' id='word_1_403' title='bbox 1496 2404 1587 2445; x_wconf 83' lang='lat' dir='ltr'>apud</span> 
     </span>
     <span class='ocr_line' id='line_1_74' title="bbox 891 2454 1587 2496; baseline -0.007 -7"><span class='ocrx_word' id='word_1_404' title='bbox 891 2462 1035 2491; x_wconf 87' lang='lat' dir='ltr'>Veteres</span> <span class='ocrx_word' id='word_1_405' title='bbox 1049 2457 1191 2489; x_wconf 87' lang='lat' dir='ltr'>mediam</span> <span class='ocrx_word' id='word_1_406' title='bbox 1205 2455 1368 2496; x_wconf 86' lang='lat' dir='ltr'>syllabam</span> <span class='ocrx_word' id='word_1_407' title='bbox 1386 2454 1587 2494; x_wconf 82' lang='lat' dir='ltr'>productam</span> 
     </span>
     <span class='ocr_line' id='line_1_75' title="bbox 890 2506 1588 2545; baseline -0.007 -4"><span class='ocrx_word' id='word_1_408' title='bbox 890 2510 1058 2543; x_wconf 85' lang='lat' dir='ltr'>habuisse,</span> <span class='ocrx_word' id='word_1_409' title='bbox 1096 2517 1171 2538; x_wconf 87' lang='lat' dir='ltr'>cum</span> <span class='ocrx_word' id='word_1_410' title='bbox 1206 2506 1343 2537; x_wconf 88' lang='lat' dir='ltr'>Persius</span> <span class='ocrx_word' id='word_1_411' title='bbox 1372 2506 1588 2545; x_wconf 88' lang='lat' dir='ltr'>corripuerit.</span> 
     </span>
     <span class='ocr_line' id='line_1_76' title="bbox 890 2555 1588 2597; baseline -0.011 -5"><span class='ocrx_word' id='word_1_412' title='bbox 890 2563 899 2580; x_wconf 86' lang='lat'>‘</span> <span class='ocrx_word' id='word_1_413' title='bbox 914 2562 939 2592; x_wconf 87' lang='lat' dir='ltr'>si</span> <span class='ocrx_word' id='word_1_414' title='bbox 957 2560 1036 2591; x_wconf 81' lang='lat' dir='ltr'>milii</span> <span class='ocrx_word' id='word_1_415' title='bbox 1058 2559 1149 2589; x_wconf 88' lang='lat' dir='ltr'>nulla</span> <span class='ocrx_word' id='word_1_416' title='bbox 1164 2558 1241 2590; x_wconf 88' lang='lat' dir='ltr'>Jam</span> <span class='ocrx_word' id='word_1_417' title='bbox 1259 2557 1387 2597; x_wconf 84' lang='lat' dir='ltr'>reliqna</span> <span class='ocrx_word' id='word_1_418' title='bbox 1404 2565 1446 2586; x_wconf 87' lang='lat' dir='ltr'>ex</span> <span class='ocrx_word' id='word_1_419' title='bbox 1464 2555 1588 2593; x_wconf 84' lang='lat' dir='ltr'>amitis,</span> 
     </span>
     <span class='ocr_line' id='line_1_77' title="bbox 890 2605 1585 2651; baseline -0.01 -10"><span class='ocrx_word' id='word_1_420' title='bbox 890 2610 1053 2651; x_wconf 88' lang='lat' dir='ltr'>patruelis</span> <span class='ocrx_word' id='word_1_421' title='bbox 1068 2609 1170 2647; x_wconf 87' lang='lat' dir='ltr'>nulla,</span> <span class='ocrx_word' id='word_1_422' title='bbox 1187 2605 1388 2648; x_wconf 77' lang='lat' dir='ltr'>proneptis.&#39;</span> <span class='ocrx_word' id='word_1_423' title='bbox 1414 2606 1484 2636; x_wconf 82' lang='lat' dir='ltr'>Jos.</span> <span class='ocrx_word' id='word_1_424' title='bbox 1500 2605 1585 2635; x_wconf 81' lang='lat' dir='ltr'>Scal.</span> 
     </span>
    </p>

    <p class='ocr_par' dir='ltr' id='par_1_23' title="bbox 891 2656 1585 2742">
     <span class='ocr_line' id='line_1_78' title="bbox 922 2656 1585 2699; baseline -0.009 -8"><span class='ocrx_word' id='word_1_425' title='bbox 922 2659 1045 2699; x_wconf 76' lang='lat' dir='ltr'>Amica]</span> <span class='ocrx_word' id='word_1_426' title='bbox 1061 2658 1165 2691; x_wconf 82' lang='lat' dir='ltr'>Quasi</span> <span class='ocrx_word' id='word_1_427' title='bbox 1176 2658 1272 2692; x_wconf 80' lang='lat' dir='ltr'>avita,</span> <span class='ocrx_word' id='word_1_428' title='bbox 1283 2667 1359 2688; x_wconf 87' lang='lat' dir='ltr'>nam</span> <span class='ocrx_word' id='word_1_429' title='bbox 1372 2656 1502 2697; x_wconf 87' lang='lat' dir='ltr'>reliqua</span> <span class='ocrx_word' id='word_1_430' title='bbox 1512 2659 1585 2694; x_wconf 90' lang='lat' dir='ltr'>ety-</span> 
     </span>
     <span class='ocr_line' id='line_1_79' title="bbox 891 2708 1309 2742; baseline -0.01 0"><span class='ocrx_word' id='word_1_431' title='bbox 891 2721 945 2742; x_wconf 86' lang='lat' dir='ltr'>ma</span> <span class='ocrx_word' id='word_1_432' title='bbox 961 2710 1098 2742; x_wconf 83' lang='lat' dir='ltr'>duriora</span> <span class='ocrx_word' id='word_1_433' title='bbox 1112 2713 1202 2740; x_wconf 84' lang='lat' dir='ltr'>sunt.</span> <span class='ocrx_word' id='word_1_434' title='bbox 1228 2708 1309 2739; x_wconf 81' lang='lat' dir='ltr'>Duc.</span> 
     </span>
    </p>
   </div>
  </div>
 </body>
</html>
