1835 2906
194 107 278 150 382

633 113 780 144 SEXTt
818 109 1018 142 POMPEH
1054 108 1190 139 FESTI

196 213 391 255 Manalis
410 211 507 252 fons
522 209 538 234 ⁶
552 215 568 239 5
592 209 840 263 appellatur
861 208 915 248 ab
939 204 1175 257 auguribus
1215 206 1376 257 puteus
1397 202 1605 256 perennis
1626 215 1633 238 :

252 294 396 334 neque
417 284 559 321 tamen
583 277 865 333 spiciendus7
891 274 1080 321 videtur,
1104 272 1210 325 quia
1230 271 1386 312 fiumen
1409 269 1455 310 id
1478 269 1640 322 spicia-

254 353 339 397 tur,
357 348 474 401 quod
492 361 577 388 sua
597 349 749 400 sponte
764 345 807 384 in
830 355 996 384 amnem
1021 340 1189 380 influat.

1474 336 1639 385 [FEsT.

197 415 423 457 Manalem
457 415 681 469 lapidemz
706 411 920 465 putabant
951 420 1051 449 esse
1085 407 1249 447 ostium
1286 404 1407 454 Orci,
1456 403 1637 456 [PAUL.

804 508 822 519 ο
827 506 1043 518 ‘N‘eeeeeeo

241 584 262 612 6
283 579 373 612 Vide
390 579 574 611 Notas.-7
598 576 660 608 Ed.
677 574 767 606 Scal.
782 571 978 613 spiciendius.

846 668 989 702 NOTAE

243 747 257 769 5
280 742 419 772 Manalis
431 740 524 780 fons]
549 740 658 771 Locus
681 734 894 775 corruptissi-

201 801 295 822 mus:
319 791 388 832 qui,
415 791 479 822 nisi
505 790 616 829 fallor,
642 788 690 818 ita
714 787 896 817 restituen-

202 843 283 875 dus:
310 842 450 874 Manalis
463 841 538 880 fons
558 840 731 881 appellatur
746 838 784 868 ab
799 845 896 874 augu-

199 894 287 924 ribus
299 897 409 933 puteus
421 892 581 933 perennis:
599 899 694 930 neque
710 893 810 918 tamen
828 895 896 926 spe-

200 954 251 984 cu,
266 944 418 975 inciliisve
432 944 531 974 cietur
541 953 551 973 .-
575 941 648 982 quia
662 941 780 980 flumen
795 938 828 968 id
841 946 897 967 au·

200 995 350 1035 spicatur,
365 995 443 1034 quod
458 1003 513 1024 sua
535 996 643 1033 sponte
663 991 694 1020 in
715 998 833 1019 ‹inmem
848 987 897 1018 in-

195 1045 285 1085 fluit.
330 1044 384 1075 Ad
413 1041 668 1084 auspicandum,
693 1039 811 1080 inquit,
835 1036 896 1067 flu-

202 1095 292 1126 mina
308 1104 373 1125 non
392 1097 546 1134 prosunt,
562 1101 636 1133 quae
653 1100 718 1131 ope
743 1090 897 1127 humana,

202 1151 287 1187 puta
308 1155 427 1186 specu,
448 1144 570 1177 inciliis
589 1144 692 1173 <lucta
713 1146 811 1172 sunt:
840 1139 897 1170 sed

204 1206 281 1237 quae
306 1200 426 1236 sponte
451 1205 513 1226 sua
536 1194 568 1224 in
591 1202 720 1223 amnem
746 1189 899 1221 influunt.

207 1246 286 1277 Non
310 1250 361 1276 est
387 1250 498 1276 antem
526 1244 675 1278 dubium,
691 1241 769 1282 quin
786 1241 900 1281 loqua-

205 1301 261 1328 tur
286 1297 327 1327 de
356 1296 513 1327 Perernni
541 1293 710 1333 auspicio:
734 1291 822 1333 qnod
851 1290 900 1321 di-

206 1346 361 1386 cebatnr,
396 1346 528 1387 quoties
559 1345 632 1385 quis
666 1352 811 1380 amnem,
843 1346 901 1373 aut

207 1406 340 1438 aquam,
365 1406 439 1437 qnae
467 1405 507 1426 ex
527 1404 623 1425 sacro
647 1394 764 1432 oritur,
789 1392 901 1432 auspi-

208 1451 284 1477 cato
306 1446 440 1477 transit.
486 1446 537 1476 Ex
557 1454 665 1482 sacro,
685 1444 746 1473 lioc
770 1448 835 1481 est,
859 1451 901 1472 ex

209 1496 323 1536 capite
345 1495 458 1526 fontis.
508 1495 593 1526 Nam
620 1493 730 1532 capita
755 1492 902 1523 oninium

207 1546 348 1577 fontium
374 1556 480 1577 sacra.
528 1546 653 1575 eontra
676 1554 750 1584 qua*¹
771 1552 812 1572 ex
831 1552 903 1573 cas-

210 1597 299 1627 tellis
322 1602 380 1628 ant
404 1595 598 1626 dividiculis
622 1595 808 1628 derivatur,
838 1602 904 1623 non

209 1654 263 1680 est
280 1658 387 1680 sacra.
420 1647 509 1678 Vide
527 1647 560 1677 in
579 1648 588 1664 ⁴
604 1644 791 1677 Petronia.'
828 1644 904 1675 Non

208 1698 427 1730 mediocriter
443 1697 611 1729 studiosos
632 1697 833 1737 jnrverinrus,
850 1695 907 1736 qui

211 1755 280 1781 tam
304 1750 421 1780 utilem
449 1750 570 1786 locum,
593 1757 667 1778 cum
686 1747 857 1777 contineat
874 1746 906 1776 in

211 1810 247 1831 se
261 1801 428 1840 egregiam
444 1799 654 1839 antiquitatis
668 1797 909 1836 coguitionem,

211 1850 475 1890 emendavimus,
510 1854 611 1890 atque
654 1847 908 1878 illustravimus.

210 1901 281 1932 JoS.
297 1900 380 1932 Scal.

255 1950 492 1991 Illanalissons]
506 1951 613 1981 Locus
629 1947 912 1989 corruptissimus,

214 2001 270 2043 qui
298 2010 339 2032 ex
363 2001 576 2032 restitutione
602 1999 763 2039 Scaligeri
790 1998 837 2029 ita
863 1999 909 2028 le-

215 2051 364 2092 gendus:
400 2051 540 2082 Manalis
567 2050 644 2087 sons
673 2050 844 2089 appellatur
874 2049 910 2079 ab

216 2102 395 2142 Auguribus
409 2104 518 2141 puteus
530 2102 684 2140 perenni&
701 2109 794 2139 neque
809 2103 911 2130 tamen

215 2163 305 2193 specu
320 2153 472 2183 inciliisve
497 2151 608 2191 cietur,
636 2151 707 2190 quia
728 2150 851 2190 flumen
879 2150 912 2180 id

217 2204 407 2244 auspicatur,
431 2203 508 2243 quod
530 2212 586 2232 sua
610 2204 716 2241 sponte
738 2201 769 2230 z'n
794 2210 913 2231 amnem

215 2255 330 2295 influit.
376 2253 429 2284 Ad
447 2251 700 2292 auspicandum,
717 2251 837 2290 inquit,
852 2249 911 2280 fln-

218 2306 309 2335 mina
327 2313 389 2334 nou
408 2307 560 2344 prosunt,
576 2311 650 2343 qnae
668 2310 733 2341 ope
756 2300 912 2339 humana,

221 2359 302 2394 puta
319 2364 436 2395 specu,
460 2353 581 2384 inciliis
608 2352 713 2383 ducta
739 2355 829 2388 sunt,
855 2350 912 2381 sed

222 2413 296 2444 quae
315 2410 436 2444 sponte
454 2413 512 2434 sua
536 2403 568 2433 in
597 2411 739 2437 amnem,
767 2402 829 2431 ltoc
851 2406 915 2437 est,

222 2452 381 2493 Tyberim
413 2452 576 2490 iuflunnt;
612 2462 677 2482 non
709 2456 762 2482 est
802 2455 915 2481 antem

224 2502 372 2538 dubium,
399 2503 476 2543 quin
506 2504 662 2543 loquatur
688 2501 730 2533 de
759 2501 917 2532 Peremni

225 2553 387 2593 auspicio,
399 2553 486 2593 quod
505 2553 683 2583 dicebatur
698 2552 831 2593 quoties
845 2552 918 2592 quis

226 2610 371 2642 amnem,
397 2607 454 2632 aut
485 2611 616 2642 aquam,
646 2612 722 2644 quae
749 2611 791 2632 ex
822 2611 919 2633 sacro

949 739 1069 778 oritur,
1092 738 1267 779 auspicato
1289 735 1469 768 transibat.
1515 735 1566 765 Ex
1594 742 1644 764 sa-

951 799 1021 828 cro,
1047 788 1080 819 id
1109 793 1172 823 est,
1199 798 1240 819 ex
1264 787 1376 827 capite
1398 785 1511 816 fontis.
1560 784 1644 814 Nam

951 840 1063 880 capita
1077 839 1221 870 omnium
1233 837 1375 868 fontium
1388 846 1494 867 sacra.
1519 835 1529 851 ‘
1543 835 1646 865 Nunc

950 890 992 921 ad
1011 900 1105 931 aquae
1126 891 1203 920 lene
1227 893 1333 929 caput
1352 886 1481 918 sacrae.'
1527 885 1648 916 Horat.

952 941 1092 979 Contra,
1109 950 1183 981 quae
1200 949 1243 970 ex
1266 937 1415 969 castellis
1444 940 1503 967 aut
1526 934 1647 966 dividi-

951 992 1033 1023 culis
1050 991 1234 1025 derivatur,
1258 999 1324 1020 non
1341 993 1393 1020 est
1409 997 1516 1019 sacra.
1559 985 1649 1017 Vide

952 1043 961 1058 ⁴
981 1041 1168 1073 Petronia?
1192 1041 1274 1072 Dae.

995 1098 1007 1113 ²
1032 1092 1190 1123 Munalem
1205 1089 1352 1131 lapidem]
1377 1089 1533 1128 Fulgent.
1570 1087 1648 1118 Pla-

953 1142 1067 1174 ciades
1098 1142 1141 1173 de
1169 1143 1250 1173 locis
1278 1140 1454 1172 obscuris:
1486 1140 1494 1156 ‘
1513 1138 1650 1176 Labeo‚'

954 1194 1076 1233 inquit,
1098 1194 1107 1209 ‘
1126 1192 1181 1233 qui
1199 1192 1394 1231 disciplinas
1413 1190 1572 1220 Etruscas
1588 1189 1650 1219 Ta—

955 1245 1040 1283 getis
1066 1248 1101 1274 et
1124 1242 1344 1274 Bacrlietidis
1367 1244 1418 1272 15.
1452 1240 1648 1270 voluminib.

956 1294 1164 1334 explanavit,
1193 1294 1239 1323 ita
1267 1293 1335 1323 ait:
1358 1292 1367 1308 ‘
1392 1291 1502 1321 Fibrae
1521 1290 1651 1329 jecoris

956 1344 1154 1375 sandaracei
1180 1343 1302 1374 coloris
1328 1341 1405 1372 (lum
1427 1341 1522 1376 fiant,
1541 1350 1651 1371 mana-

956 1396 1005 1426 les
1031 1401 1111 1426 tunc
1135 1395 1242 1426 vereri
1272 1402 1355 1434 opus
1378 1397 1430 1423 est
1457 1390 1594 1432 petras‚'
1619 1391 1651 1421 id

957 1453 1020 1481 est,
1053 1455 1133 1486 quas
1172 1444 1301 1485 antiqui
1334 1443 1488 1473 solebant
1520 1442 1552 1471 in
1584 1451 1653 1471 mo-

957 1497 1035 1528 dum
1053 1495 1281 1536 cylindrorum
1305 1503 1363 1534 per
1380 1493 1501 1523 limites
1518 1490 1653 1522 trahere

959 1557 1019 1588 pro
1038 1547 1160 1587 pluviae
1178 1543 1414 1576 commutanda
1430 1540 1655 1582 iuopia.’Ant.

959 1597 1047 1634 Aug.

1003 1647 1161 1677 Manalem
1189 1643 1336 1685 lapidem]
1371 1644 1498 1675 Immo:
1529 1642 1659 1672 Monate

955 1698 1107 1738 putabant
1133 1706 1197 1728 esse
1220 1696 1333 1726 ostium
1359 1695 1432 1725 orci.
1484 1693 1541 1724 Ita
1566 1693 1655 1723 enirn

960 1748 1051 1778 nulla
1068 1747 1298 1778 controversia
1315 1745 1504 1784 legendum.
1537 1744 1659 1783 Manat,

960 1808 1017 1829 sen
1035 1799 1158 1829 Manale
1172 1798 1346 1837 eleganter
1363 1796 1484 1827 ostium
1499 1795 1657 1826 manium.

961 1849 1047 1880 Inde
1080 1849 1210 1879 manale
1241 1857 1371 1879 sacrum
1411 1851 1487 1878 erat
1528 1855 1657 1876 sacrum

964 1900 1112 1931 Deorum
1131 1898 1289 1929 manium.
1335 1897 1442 1927 Varro
1457 1895 1498 1926 de
1515 1895 1585 1926 vita
1601 1903 1658 1934 po-

964 1950 1035 1990 puli
1066 1948 1207 1980 Romani
1240 1948 1326 1979 libro
1356 1955 1398 1977 1¹.
1434 1948 1443 1963 ‘
1468 1945 1661 1983 Urceohnn,

966 2010 1062 2040 aquae
1082 1999 1213 2030 manate
1232 2007 1401 2037 vocamus,
1414 1996 1501 2037 quod
1520 2005 1559 2026 eo
1575 2004 1659 2035 aqua

966 2051 999 2080 in
1017 2050 1173 2080 vrnlleum
1198 2047 1410 2079 effundatur:
1436 2046 1523 2077 unde
1539 2045 1659 2076 Mana-

966 2100 1005 2131 lis
1029 2099 1113 2140 lapis
1142 2099 1334 2138 appellatur
1355 2098 1387 2127 in
1412 2095 1660 2135 pontificalibus

966 2150 1081 2190 sacris,
1096 2149 1152 2189 qui
1170 2153 1251 2179 tunc
1266 2152 1431 2186 movetur,
1444 2156 1519 2177 cnm
1537 2145 1659 2186 pluviae

967 2204 1183 2240 exoptantnr.
1225 2197 1282 2228 Ita
1301 2196 1388 2238 apud
1413 2196 1662 2237 antiquissimos

968 2249 1112 2288 manale,
1135 2257 1265 2278 sacrum
1292 2247 1404 2278 vocari
1431 2247 1504 2287 quis
1522 2256 1587 2276 non
1604 2255 1662 2276 no-

968 2299 1069 2337 verit,
1110 2298 1198 2328 unde
1240 2306 1361 2328 nomen
1400 2295 1518 2327 illius?'
1578 2295 1662 2326 ΗΜ)

968 2350 1096 2380 Varro:
1115 2358 1157 2379 ex
1176 2347 1271 2387 cnjus
1288 2346 1399 2377 verbis
1412 2345 1663 2377 novitnus‘ma-

969 2400 1045 2430 nale
1060 2399 1067 2412 '
1090 2408 1221 2429 sacrum
1245 2397 1345 2428 etiam
1372 2395 1573 2437 significare,
1589 2403 1663 2425 cnm

970 2449 1023 2480 hic
1050 2449 1150 2480 etiam
1177 2447 1300 2479 ostium
1318 2446 1499 2478 inferorum
1516 2454 1662 2485 expona-

972 2504 1026 2531 tur
1042 2509 1061 2530 a
1076 2499 1191 2530 Festo.
1236 2497 1302 2529 Sed
1326 2497 1368 2528 de
1392 2495 1508 2527 eodem
1536 2499 1663 2525 utrum-

974 2559 1040 2591 que
1056 2549 1247 2590 intelligere
1271 2556 1338 2578 non
1361 2546 1491 2584 dubito,
1514 2544 1665 2585 quamvis

974 2600 1107 2632 diverse
1134 2599 1177 2630 ab
1200 2604 1342 2639 utroque
1359 2599 1555 2637 exponatur.
1602 2595 1668 2626 Lo«
