<?xml version="1.0" encoding="UTF-8"?>
<!DOCTYPE html PUBLIC "-//W3C//DTD XHTML 1.0 Transitional//EN"
    "http://www.w3.org/TR/xhtml1/DTD/xhtml1-transitional.dtd">
<html xmlns="http://www.w3.org/1999/xhtml" xml:lang="en" lang="en">
 <head>
  <title>
</title>
<meta http-equiv="Content-Type" content="text/html;charset=utf-8" />
  <meta name='ocr-system' content='tesseract 3.04.00' />
  <meta name='ocr-capabilities' content='ocr_page ocr_carea ocr_par ocr_line ocrx_word'/>
</head>
<body>
  <div class='ocr_page' id='page_1' title='image "./mverriiflacciqua01verruoft/mverriiflacciqua01verruoft_0273.png"; bbox 0 0 1835 2906; ppageno 0'>
   <div class='ocr_carea' id='block_1_1' title="bbox 379 162 1409 199">
    <p class='ocr_par' dir='ltr' id='par_1_1' title="bbox 379 162 1409 199">
     <span class='ocr_line' id='line_1_1' title="bbox 379 162 1409 199; baseline -0.008 0"><span class='ocrx_word' id='word_1_1' title='bbox 379 170 440 199; x_wconf 90' lang='lat' dir='ltr'>DE</span> <span class='ocrx_word' id='word_1_2' title='bbox 474 166 746 198; x_wconf 82' lang='lat' dir='ltr'><strong>VERBORUM</strong></span> <span class='ocrx_word' id='word_1_3' title='bbox 780 162 1186 195; x_wconf 75' lang='lat' dir='ltr'>SIGNlFlCA&#39;I&#39;IONE</span> <span class='ocrx_word' id='word_1_4' title='bbox 1220 163 1312 193; x_wconf 81' lang='lat' dir='ltr'>LlB.</span> <span class='ocrx_word' id='word_1_5' title='bbox 1345 162 1409 191; x_wconf 80' lang='lat' dir='ltr'>Vl.</span> 
     </span>
    </p>
   </div>
   <div class='ocr_carea' id='block_1_2' title="bbox 1531 149 1615 192">
    <p class='ocr_par' dir='ltr' id='par_1_2' title="bbox 1531 149 1615 192">
     <span class='ocr_line' id='line_1_2' title="bbox 1531 149 1615 192; baseline -0.024 0"><span class='ocrx_word' id='word_1_6' title='bbox 1531 149 1615 192; x_wconf 76' lang='lat'>263</span> 
     </span>
    </p>
   </div>
   <div class='ocr_carea' id='block_1_3' title="bbox 223 255 1618 589">
    <p class='ocr_par' dir='ltr' id='par_1_3' title="bbox 223 255 1618 589">
     <span class='ocr_line' id='line_1_3' title="bbox 227 255 1614 307; baseline -0.009 -1"><span class='ocrx_word' id='word_1_7' title='bbox 227 270 271 306; x_wconf 85' lang='lat' dir='ltr'>et</span> <span class='ocrx_word' id='word_1_8' title='bbox 291 277 560 306; x_wconf 88' lang='lat' dir='ltr'>nummorum</span> <span class='ocrx_word' id='word_1_9' title='bbox 591 262 704 302; x_wconf 78' lang='lat' dir='ltr'>fetus</span> <span class='ocrx_word' id='word_1_10' title='bbox 732 261 858 301; x_wconf 83' lang='lat' dir='ltr'>fenus</span> <span class='ocrx_word' id='word_1_11' title='bbox 881 262 947 299; x_wconf 85' lang='lat' dir='ltr'>est</span> <span class='ocrx_word' id='word_1_12' title='bbox 968 260 1187 305; x_wconf 77' lang='lat' dir='ltr'>vocatum,</span> <span class='ocrx_word' id='word_1_13' title='bbox 1216 261 1258 298; x_wconf 84' lang='lat' dir='ltr'>et</span> <span class='ocrx_word' id='word_1_14' title='bbox 1278 257 1331 297; x_wconf 91' lang='lat' dir='ltr'>de</span> <span class='ocrx_word' id='word_1_15' title='bbox 1355 269 1409 297; x_wconf 83' lang='lat' dir='ltr'>ea</span> <span class='ocrx_word' id='word_1_16' title='bbox 1430 268 1474 297; x_wconf 88' lang='lat' dir='ltr'>re</span> <span class='ocrx_word' id='word_1_17' title='bbox 1494 255 1614 307; x_wconf 86' lang='lat' dir='ltr'>leges</span> 
     </span>
     <span class='ocr_line' id='line_1_4' title="bbox 228 323 1615 379; baseline -0.009 -5"><span class='ocrx_word' id='word_1_18' title='bbox 228 334 444 374; x_wconf 76' lang='lat' dir='ltr'><strong>fenebres.</strong></span> <span class='ocrx_word' id='word_1_19' title='bbox 477 332 642 379; x_wconf 83' lang='lat' dir='ltr'>Fenus,</span> <span class='ocrx_word' id='word_1_20' title='bbox 657 334 700 370; x_wconf 82' lang='lat' dir='ltr'>et</span> <span class='ocrx_word' id='word_1_21' title='bbox 713 330 990 376; x_wconf 75' lang='lat' dir='ltr'>feneratoreS,</span> <span class='ocrx_word' id='word_1_22' title='bbox 1009 330 1053 367; x_wconf 87' lang='lat' dir='ltr'>et</span> <span class='ocrx_word' id='word_1_23' title='bbox 1068 327 1141 366; x_wconf 83' lang='lat' dir='ltr'>lex</span> <span class='ocrx_word' id='word_1_24' title='bbox 1160 325 1214 365; x_wconf 91' lang='lat' dir='ltr'>de</span> <span class='ocrx_word' id='word_1_25' title='bbox 1231 325 1395 366; x_wconf 84' lang='lat' dir='ltr'>eredita</span> <span class='ocrx_word' id='word_1_26' title='bbox 1412 323 1615 377; x_wconf 82' lang='lat' dir='ltr'>pecunia,</span> 
     </span>
     <span class='ocr_line' id='line_1_5' title="bbox 226 391 1617 448; baseline -0.009 -7"><span class='ocrx_word' id='word_1_27' title='bbox 226 401 444 448; x_wconf 81' lang='lat' dir='ltr'>Fenebris,</span> <span class='ocrx_word' id='word_1_28' title='bbox 468 413 494 439; x_wconf 76' lang='lat' dir='ltr'>a</span> <span class='ocrx_word' id='word_1_29' title='bbox 515 400 604 439; x_wconf 87' lang='lat' dir='ltr'>fetu</span> <span class='ocrx_word' id='word_1_30' title='bbox 633 398 765 445; x_wconf 83' lang='lat' dir='ltr'>dicta,</span> <span class='ocrx_word' id='word_1_31' title='bbox 797 394 914 448; x_wconf 85' lang='lat' dir='ltr'>quod</span> <span class='ocrx_word' id='word_1_32' title='bbox 941 393 1089 434; x_wconf 79' lang='lat' dir='ltr'>crediti</span> <span class='ocrx_word' id='word_1_33' title='bbox 1110 393 1275 433; x_wconf 86' lang='lat' dir='ltr'>nummi</span> <span class='ocrx_word' id='word_1_34' title='bbox 1298 393 1409 432; x_wconf 82' lang='lat' dir='ltr'>alios</span> <span class='ocrx_word' id='word_1_35' title='bbox 1431 391 1617 445; x_wconf 82' lang='lat' dir='ltr'>pariant,</span> 
     </span>
     <span class='ocr_line' id='line_1_6' title="bbox 223 459 1616 521; baseline -0.009 -12"><span class='ocrx_word' id='word_1_36' title='bbox 223 475 273 509; x_wconf 85' lang='lat' dir='ltr'>ut</span> <span class='ocrx_word' id='word_1_37' title='bbox 295 468 415 521; x_wconf 83' lang='lat' dir='ltr'>apud</span> <span class='ocrx_word' id='word_1_38' title='bbox 448 467 632 508; x_wconf 79' lang='lat' dir='ltr'>Graecos</span> <span class='ocrx_word' id='word_1_39' title='bbox 653 465 804 505; x_wconf 77' lang='lat' dir='ltr'>eadem</span> <span class='ocrx_word' id='word_1_40' title='bbox 827 475 897 502; x_wconf 88' lang='lat' dir='ltr'>res</span> <span class='ocrx_word' id='word_1_41' title='bbox 916 461 1021 508; x_wconf 80' lang='grc' dir='ltr'><em>τόκος</em></span> <span class='ocrx_word' id='word_1_42' title='bbox 1044 461 1231 501; x_wconf 83' lang='lat' dir='ltr'>dieitur:</span> <span class='ocrx_word' id='word_1_43' title='bbox 1268 459 1414 499; x_wconf 87' lang='lat' dir='ltr'>fenum</span> <span class='ocrx_word' id='word_1_44' title='bbox 1437 470 1616 512; x_wconf 89' lang='lat' dir='ltr'>quoque</span> 
     </span>
     <span class='ocr_line' id='line_1_7' title="bbox 228 526 1618 589; baseline -0.009 -13"><span class='ocrx_word' id='word_1_45' title='bbox 228 540 449 589; x_wconf 80' lang='lat' dir='ltr'>pratorum</span> <span class='ocrx_word' id='word_1_46' title='bbox 474 536 529 575; x_wconf 80' lang='lat' dir='ltr'>ab</span> <span class='ocrx_word' id='word_1_47' title='bbox 553 535 633 574; x_wconf 80' lang='lat' dir='ltr'>hac</span> <span class='ocrx_word' id='word_1_48' title='bbox 655 545 789 574; x_wconf 84' lang='lat' dir='ltr'>causa</span> <span class='ocrx_word' id='word_1_49' title='bbox 810 536 878 570; x_wconf 81' lang='lat' dir='ltr'>est</span> <span class='ocrx_word' id='word_1_50' title='bbox 899 530 1185 583; x_wconf 84' lang='lat' dir='ltr'>appellatum,</span> <span class='ocrx_word' id='word_1_51' title='bbox 1217 526 1393 581; x_wconf 82' lang='lat' dir='ltr'>quando</span> <span class='ocrx_word' id='word_1_52' title='bbox 1424 526 1618 578; x_wconf 88' lang='lat' dir='ltr'>idipsum</span> 
     </span>
    </p>
   </div>
   <div class='ocr_carea' id='block_1_4' title="bbox 227 599 1047 656">
    <p class='ocr_par' dir='ltr' id='par_1_4' title="bbox 227 599 1047 656">
     <span class='ocr_line' id='line_1_8' title="bbox 227 599 1047 656; baseline -0.005 -13"><span class='ocrx_word' id='word_1_53' title='bbox 227 616 407 643; x_wconf 82' lang='lat' dir='ltr'>manens</span> <span class='ocrx_word' id='word_1_54' title='bbox 449 602 684 656; x_wconf 75' lang='lat' dir='ltr'>quotannis</span> <span class='ocrx_word' id='word_1_55' title='bbox 717 612 877 640; x_wconf 83' lang='lat' dir='ltr'>novum</span> <span class='ocrx_word' id='word_1_56' title='bbox 917 599 1047 651; x_wconf 79' lang='lat' dir='ltr'>parit.</span> 
     </span>
    </p>
   </div>
   <div class='ocr_carea' id='block_1_5' title="bbox 230 674 493 711">
    <p class='ocr_par' dir='ltr' id='par_1_5' title="bbox 230 674 493 711">
     <span class='ocr_line' id='line_1_9' title="bbox 230 674 493 711; baseline -0.004 -1"><span class='ocrx_word' id='word_1_57' title='bbox 230 675 390 711; x_wconf 79' lang='lat' dir='ltr'>vocata</span> <span class='ocrx_word' id='word_1_58' title='bbox 412 674 493 710; x_wconf 73' lang='lat' dir='ltr'>est.</span> 
     </span>
    </p>
   </div>
   <div class='ocr_carea' id='block_1_6' title="bbox 1109 593 1620 637">
    <p class='ocr_par' dir='ltr' id='par_1_6' title="bbox 1109 593 1620 637">
     <span class='ocr_line' id='line_1_10' title="bbox 1109 593 1620 637; baseline -0.01 0"><span class='ocrx_word' id='word_1_59' title='bbox 1109 596 1240 637; x_wconf 86' lang='lat' dir='ltr'>Unde</span> <span class='ocrx_word' id='word_1_60' title='bbox 1279 595 1411 636; x_wconf 78' lang='lat' dir='ltr'>etiam</span> <span class='ocrx_word' id='word_1_61' title='bbox 1446 593 1620 633; x_wconf 81' lang='lat' dir='ltr'><strong>festuca</strong></span> 
     </span>
    </p>
   </div>
   <div class='ocr_carea' id='block_1_7' title="bbox 173 727 1624 1196">
    <p class='ocr_par' dir='ltr' id='par_1_7' title="bbox 173 727 1622 856">
     <span class='ocr_line' id='line_1_11' title="bbox 173 727 1622 786; baseline -0.008 -8"><span class='ocrx_word' id='word_1_62' title='bbox 173 737 385 786; x_wconf 78' lang='lat' dir='ltr'>Feralia,⁰</span> <span class='ocrx_word' id='word_1_63' title='bbox 410 738 506 777; x_wconf 75' lang='lat' dir='ltr'>Diis</span> <span class='ocrx_word' id='word_1_64' title='bbox 527 735 728 775; x_wconf 73' lang='lat' dir='ltr'>manibus</span> <span class='ocrx_word' id='word_1_65' title='bbox 751 736 924 774; x_wconf 76' lang='lat' dir='ltr'>sacrata</span> <span class='ocrx_word' id='word_1_66' title='bbox 944 732 1068 781; x_wconf 81' lang='lat' dir='ltr'>festa,</span> <span class='ocrx_word' id='word_1_67' title='bbox 1099 744 1125 771; x_wconf 82' lang='lat' dir='ltr'><strong>a</strong></span> <span class='ocrx_word' id='word_1_68' title='bbox 1149 728 1342 771; x_wconf 83' lang='lat' dir='ltr'>ferendis</span> <span class='ocrx_word' id='word_1_69' title='bbox 1364 727 1526 782; x_wconf 86' lang='lat' dir='ltr'>epulis,</span> <span class='ocrx_word' id='word_1_70' title='bbox 1549 727 1622 767; x_wconf 91' lang='lat' dir='ltr'>vel</span> 
     </span>
     <span class='ocr_line' id='line_1_12' title="bbox 230 801 995 856; baseline -0.005 -12"><span class='ocrx_word' id='word_1_71' title='bbox 230 818 256 844; x_wconf 87' lang='lat' dir='ltr'>a</span> <span class='ocrx_word' id='word_1_72' title='bbox 277 804 476 844; x_wconf 79' lang='lat' dir='ltr'>feriendis</span> <span class='ocrx_word' id='word_1_73' title='bbox 498 802 744 856; x_wconf 80' lang='lat' dir='ltr'><strong>pecudibus</strong></span> <span class='ocrx_word' id='word_1_74' title='bbox 762 801 995 855; x_wconf 80' lang='lat' dir='ltr'>appellata.</span> 
     </span>
    </p>

    <p class='ocr_par' dir='ltr' id='par_1_8' title="bbox 175 862 1622 1058">
     <span class='ocr_line' id='line_1_13' title="bbox 175 862 1622 924; baseline -0.008 -11"><span class='ocrx_word' id='word_1_75' title='bbox 175 871 382 913; x_wconf 85' lang='lat' dir='ltr'>Ferctum</span> <span class='ocrx_word' id='word_1_76' title='bbox 400 878 415 893; x_wconf 62' lang='grc' dir='ltr'><strong>Χ</strong></span> <span class='ocrx_word' id='word_1_77' title='bbox 447 884 582 924; x_wconf 83' lang='lat' dir='ltr'>genus</span> <span class='ocrx_word' id='word_1_78' title='bbox 603 871 684 911; x_wconf 87' lang='lat' dir='ltr'>libi</span> <span class='ocrx_word' id='word_1_79' title='bbox 713 870 895 918; x_wconf 82' lang='lat' dir='ltr'>dictum,</span> <span class='ocrx_word' id='word_1_80' title='bbox 924 867 1042 921; x_wconf 87' lang='lat' dir='ltr'>quod</span> <span class='ocrx_word' id='word_1_81' title='bbox 1074 866 1265 907; x_wconf 81' lang='lat' dir='ltr'>crebrius</span> <span class='ocrx_word' id='word_1_82' title='bbox 1287 864 1342 905; x_wconf 82' lang='lat' dir='ltr'>ad</span> <span class='ocrx_word' id='word_1_83' title='bbox 1365 875 1495 904; x_wconf 81' lang='lat' dir='ltr'>sacra</span> <span class='ocrx_word' id='word_1_84' title='bbox 1514 862 1622 902; x_wconf 82' lang='lat' dir='ltr'>fere-</span> 
     </span>
     <span class='ocr_line' id='line_1_14' title="bbox 231 929 1622 991; baseline -0.008 -11"><span class='ocrx_word' id='word_1_85' title='bbox 231 941 384 991; x_wconf 80' lang='lat' dir='ltr'>batur3</span> <span class='ocrx_word' id='word_1_86' title='bbox 417 953 498 981; x_wconf 86' lang='lat' dir='ltr'>nec</span> <span class='ocrx_word' id='word_1_87' title='bbox 528 940 622 979; x_wconf 83' lang='lat' dir='ltr'>sine</span> <span class='ocrx_word' id='word_1_88' title='bbox 652 943 788 987; x_wconf 80' lang='lat' dir='ltr'>strue,</span> <span class='ocrx_word' id='word_1_89' title='bbox 811 937 949 976; x_wconf 83' lang='lat' dir='ltr'>altero</span> <span class='ocrx_word' id='word_1_90' title='bbox 972 947 1128 987; x_wconf 79' lang='lat' dir='ltr'>genere</span> <span class='ocrx_word' id='word_1_91' title='bbox 1150 934 1253 974; x_wconf 87' lang='lat' dir='ltr'>libi:</span> <span class='ocrx_word' id='word_1_92' title='bbox 1284 944 1384 986; x_wconf 85' lang='lat' dir='ltr'>quae</span> <span class='ocrx_word' id='word_1_93' title='bbox 1403 931 1480 984; x_wconf 92' lang='lat' dir='ltr'>qui</span> <span class='ocrx_word' id='word_1_94' title='bbox 1501 929 1622 970; x_wconf 83' lang='lat' dir='ltr'>adfe-</span> 
     </span>
     <span class='ocr_line' id='line_1_15' title="bbox 230 1004 1076 1058; baseline -0.007 -10"><span class='ocrx_word' id='word_1_95' title='bbox 230 1008 398 1057; x_wconf 72' lang='lat' dir='ltr'>rebam,</span> <span class='ocrx_word' id='word_1_96' title='bbox 417 1006 702 1048; x_wconf 70' lang='lat' dir='ltr'>struferetarii</span> <span class='ocrx_word' id='word_1_97' title='bbox 722 1004 1076 1058; x_wconf 63' lang='lat' dir='ltr'>appellabantur.</span> 
     </span>
    </p>

    <p class='ocr_par' dir='ltr' id='par_1_9' title="bbox 177 1064 1624 1196">
     <span class='ocr_line' id='line_1_16' title="bbox 177 1064 1622 1119; baseline -0.008 -4"><span class='ocrx_word' id='word_1_98' title='bbox 177 1075 450 1115; x_wconf 77' lang='lat' dir='ltr'>Ferentariiy</span> <span class='ocrx_word' id='word_1_99' title='bbox 482 1074 717 1114; x_wconf 76' lang='lat' dir='ltr'>auxiliares</span> <span class='ocrx_word' id='word_1_100' title='bbox 736 1078 764 1100; x_wconf 78' lang='lat'>¹³</span> <span class='ocrx_word' id='word_1_101' title='bbox 797 1073 841 1111; x_wconf 90' lang='lat' dir='ltr'>in</span> <span class='ocrx_word' id='word_1_102' title='bbox 878 1071 1011 1119; x_wconf 88' lang='lat' dir='ltr'>bello,</span> <span class='ocrx_word' id='word_1_103' title='bbox 1044 1082 1070 1110; x_wconf 81' lang='lat' dir='ltr'>a</span> <span class='ocrx_word' id='word_1_104' title='bbox 1090 1067 1265 1109; x_wconf 86' lang='lat' dir='ltr'>ferendo</span> <span class='ocrx_word' id='word_1_105' title='bbox 1284 1065 1453 1107; x_wconf 82' lang='lat' dir='ltr'>auxilio</span> <span class='ocrx_word' id='word_1_106' title='bbox 1489 1064 1622 1115; x_wconf 59' lang='lat' dir='ltr'>dicti:</span> 
     </span>
     <span class='ocr_line' id='line_1_17' title="bbox 232 1132 1624 1196; baseline -0.009 -13"><span class='ocrx_word' id='word_1_107' title='bbox 232 1143 302 1183; x_wconf 81' lang='lat' dir='ltr'>vel</span> <span class='ocrx_word' id='word_1_108' title='bbox 324 1143 430 1196; x_wconf 81' lang='lat' dir='ltr'>quia</span> <span class='ocrx_word' id='word_1_109' title='bbox 460 1142 610 1182; x_wconf 86' lang='lat' dir='ltr'>fundis</span> <span class='ocrx_word' id='word_1_110' title='bbox 633 1145 676 1182; x_wconf 88' lang='lat' dir='ltr'>et</span> <span class='ocrx_word' id='word_1_111' title='bbox 696 1139 921 1194; x_wconf 78' lang='lat' dir='ltr'>lapidibus</span> <span class='ocrx_word' id='word_1_112' title='bbox 952 1137 1217 1191; x_wconf 81' lang='lat' dir='ltr'><strong>pugnabant,</strong></span> <span class='ocrx_word' id='word_1_113' title='bbox 1249 1147 1350 1188; x_wconf 87' lang='lat' dir='ltr'>quae</span> <span class='ocrx_word' id='word_1_114' title='bbox 1372 1132 1465 1174; x_wconf 81' lang='lat' dir='ltr'>tela</span> <span class='ocrx_word' id='word_1_115' title='bbox 1485 1132 1624 1172; x_wconf 86' lang='lat' dir='ltr'>ferun·</span> 
     </span>
    </p>
   </div>
   <div class='ocr_carea' id='block_1_8' title="bbox 790 1268 908 1281">
    <p class='ocr_par' dir='ltr' id='par_1_10' title="bbox 790 1268 908 1281">
     <span class='ocr_line' id='line_1_18' title="bbox 790 1268 908 1281; baseline 0.008 -1"><span class='ocrx_word' id='word_1_116' title='bbox 790 1268 908 1281; x_wconf 59' lang='lat' dir='ltr'>eeeee</span> 
     </span>
    </p>
   </div>
   <div class='ocr_carea' id='block_1_9' title="bbox 220 1350 770 1383">
    <p class='ocr_par' dir='ltr' id='par_1_11' title="bbox 220 1350 770 1383">
     <span class='ocr_line' id='line_1_19' title="bbox 220 1350 770 1383; baseline -0.005 0"><span class='ocrx_word' id='word_1_117' title='bbox 220 1355 257 1383; x_wconf 79' lang='lat'>13</span> <span class='ocrx_word' id='word_1_118' title='bbox 284 1350 429 1383; x_wconf 79' lang='lat' dir='ltr'><strong>Quidam</strong></span> <span class='ocrx_word' id='word_1_119' title='bbox 454 1350 530 1381; x_wconf 85' lang='lat' dir='ltr'>libri</span> <span class='ocrx_word' id='word_1_120' title='bbox 552 1350 770 1380; x_wconf 69' lang='lat' dir='ltr'>auxiliatores.</span> 
     </span>
    </p>
   </div>
   <div class='ocr_carea' id='block_1_10' title="bbox 911 1268 1028 1281">
    <p class='ocr_par' dir='ltr' id='par_1_12' title="bbox 911 1268 1028 1281">
     <span class='ocr_line' id='line_1_20' title="bbox 911 1268 1028 1281; baseline -0.009 0"><span class='ocrx_word' id='word_1_121' title='bbox 911 1268 1028 1281; x_wconf 66' lang='lat' dir='ltr'>eeeeee</span> 
     </span>
    </p>
   </div>
   <div class='ocr_carea' id='block_1_11' title="bbox 829 1458 974 1490">
    <p class='ocr_par' dir='ltr' id='par_1_13' title="bbox 829 1458 974 1490">
     <span class='ocr_line' id='line_1_21' title="bbox 829 1458 974 1490; baseline -0.007 0"><span class='ocrx_word' id='word_1_122' title='bbox 829 1458 974 1490; x_wconf 77' lang='lat' dir='ltr'><strong>NOTAE</strong></span> 
     </span>
    </p>
   </div>
   <div class='ocr_carea' id='block_1_12' title="bbox 174 1547 884 2750">
    <p class='ocr_par' dir='ltr' id='par_1_14' title="bbox 174 1547 877 2135">
     <span class='ocr_line' id='line_1_22' title="bbox 174 1547 874 1586; baseline -0.01 -4"><span class='ocrx_word' id='word_1_123' title='bbox 174 1551 299 1586; x_wconf 78' lang='lat' dir='ltr'>fetura,</span> <span class='ocrx_word' id='word_1_124' title='bbox 323 1561 398 1582; x_wconf 82' lang='lat' dir='ltr'>nam</span> <span class='ocrx_word' id='word_1_125' title='bbox 427 1556 461 1582; x_wconf 84' lang='lat' dir='ltr'>et</span> <span class='ocrx_word' id='word_1_126' title='bbox 485 1551 610 1582; x_wconf 67' lang='lat' dir='ltr'>Graece</span> <span class='ocrx_word' id='word_1_127' title='bbox 635 1548 727 1580; x_wconf 78' lang='grc' dir='ltr'>τόκος</span> <span class='ocrx_word' id='word_1_128' title='bbox 750 1547 874 1578; x_wconf 75' lang='lat' dir='ltr'>dicitur</span> 
     </span>
     <span class='ocr_line' id='line_1_23' title="bbox 177 1596 877 1639; baseline -0.011 -6"><span class='ocrx_word' id='word_1_129' title='bbox 177 1601 307 1633; x_wconf 81' lang='grc' dir='ltr'>ἀπὸτοῦ</span> <span class='ocrx_word' id='word_1_130' title='bbox 322 1601 460 1633; x_wconf 60' lang='lat' dir='ltr'>riman:</span> <span class='ocrx_word' id='word_1_131' title='bbox 509 1601 628 1639; x_wconf 81' lang='lat' dir='ltr'>Neque</span> <span class='ocrx_word' id='word_1_132' title='bbox 652 1604 764 1629; x_wconf 77' lang='lat' dir='ltr'>tamen</span> <span class='ocrx_word' id='word_1_133' title='bbox 780 1596 877 1634; x_wconf 74' lang='lat' dir='ltr'>senus</span> 
     </span>
     <span class='ocr_line' id='line_1_24' title="bbox 177 1646 876 1690; baseline -0.01 -8"><span class='ocrx_word' id='word_1_134' title='bbox 177 1653 276 1690; x_wconf 74' lang='lat' dir='ltr'>asem</span> <span class='ocrx_word' id='word_1_135' title='bbox 300 1653 358 1683; x_wconf 80' lang='lat' dir='ltr'>sed</span> <span class='ocrx_word' id='word_1_136' title='bbox 381 1653 422 1682; x_wconf 82' lang='lat' dir='ltr'>ab</span> <span class='ocrx_word' id='word_1_137' title='bbox 446 1651 601 1681; x_wconf 84' lang='lat' dir='ltr'>obsoleto</span> <span class='ocrx_word' id='word_1_138' title='bbox 616 1650 682 1687; x_wconf 81' lang='lat' dir='ltr'>seo,</span> <span class='ocrx_word' id='word_1_139' title='bbox 697 1648 785 1678; x_wconf 87' lang='lat' dir='ltr'>unde</span> <span class='ocrx_word' id='word_1_140' title='bbox 803 1651 811 1663; x_wconf 88' lang='lat'><em>‘</em></span> <span class='ocrx_word' id='word_1_141' title='bbox 827 1646 876 1676; x_wconf 85' lang='lat' dir='ltr'>fe-</span> 
     </span>
     <span class='ocr_line' id='line_1_25' title="bbox 177 1695 876 1738; baseline -0.01 -5"><span class='ocrx_word' id='word_1_142' title='bbox 177 1703 281 1738; x_wconf 82' lang='lat' dir='ltr'>mun‚&#39;</span> <span class='ocrx_word' id='word_1_143' title='bbox 296 1704 304 1719; x_wconf 90' lang='lat'>‘</span> <span class='ocrx_word' id='word_1_144' title='bbox 319 1701 432 1737; x_wconf 75' lang='lat' dir='ltr'>fetus,&#39;</span> <span class='ocrx_word' id='word_1_145' title='bbox 446 1704 454 1719; x_wconf 88' lang='lat'>‘</span> <span class='ocrx_word' id='word_1_146' title='bbox 468 1699 623 1738; x_wconf 73' lang='lat' dir='ltr'>festuca‚’</span> <span class='ocrx_word' id='word_1_147' title='bbox 639 1703 647 1716; x_wconf 89' lang='lat'>‘</span> <span class='ocrx_word' id='word_1_148' title='bbox 662 1696 795 1729; x_wconf 69' lang='lat' dir='ltr'>femur!</span> <span class='ocrx_word' id='word_1_149' title='bbox 829 1695 876 1727; x_wconf 88' lang='lat' dir='ltr'>At</span> 
     </span>
     <span class='ocr_line' id='line_1_26' title="bbox 177 1747 877 1790; baseline -0.01 -7"><span class='ocrx_word' id='word_1_150' title='bbox 177 1753 361 1783; x_wconf 73' lang='lat' dir='ltr'>Salmasius</span> <span class='ocrx_word' id='word_1_151' title='bbox 385 1752 427 1782; x_wconf 86' lang='lat' dir='ltr'>(le</span> <span class='ocrx_word' id='word_1_152' title='bbox 456 1751 561 1781; x_wconf 79' lang='lat' dir='ltr'>usuris</span> <span class='ocrx_word' id='word_1_153' title='bbox 588 1760 621 1790; x_wconf 87' lang='lat' dir='ltr'>p.</span> <span class='ocrx_word' id='word_1_154' title='bbox 641 1752 693 1780; x_wconf 79' lang='lat'>35.</span> <span class='ocrx_word' id='word_1_155' title='bbox 709 1749 754 1779; x_wconf 80' lang='lat' dir='ltr'>ait</span> <span class='ocrx_word' id='word_1_156' title='bbox 775 1747 877 1778; x_wconf 81' lang='lat' dir='ltr'>Fenus</span> 
     </span>
     <span class='ocr_line' id='line_1_27' title="bbox 178 1799 876 1842; baseline -0.007 -9"><span class='ocrx_word' id='word_1_157' title='bbox 178 1812 252 1833; x_wconf 81' lang='lat' dir='ltr'>esse</span> <span class='ocrx_word' id='word_1_158' title='bbox 271 1813 289 1834; x_wconf 85' lang='lat' dir='ltr'>a</span> <span class='ocrx_word' id='word_1_159' title='bbox 305 1803 431 1833; x_wconf 79' lang='lat' dir='ltr'>Graeco</span> <span class='ocrx_word' id='word_1_160' title='bbox 453 1802 568 1836; x_wconf 81' lang='grc' dir='ltr'>ποῖνος,</span> <span class='ocrx_word' id='word_1_161' title='bbox 592 1801 678 1842; x_wconf 85' lang='lat' dir='ltr'>quod</span> <span class='ocrx_word' id='word_1_162' title='bbox 704 1806 767 1837; x_wconf 82' lang='lat' dir='ltr'>est,</span> <span class='ocrx_word' id='word_1_163' title='bbox 783 1799 876 1828; x_wconf 88' lang='lat' dir='ltr'>Mer-</span> 
     </span>
     <span class='ocr_line' id='line_1_28' title="bbox 178 1849 875 1893; baseline -0.007 -9"><span class='ocrx_word' id='word_1_164' title='bbox 178 1863 248 1890; x_wconf 84' lang='lat' dir='ltr'>ces,</span> <span class='ocrx_word' id='word_1_165' title='bbox 263 1853 420 1893; x_wconf 78' lang='lat' dir='ltr'>pretium,</span> <span class='ocrx_word' id='word_1_166' title='bbox 438 1852 489 1882; x_wconf 80' lang='lat' dir='ltr'>vel</span> <span class='ocrx_word' id='word_1_167' title='bbox 509 1862 616 1892; x_wconf 82' lang='lat' dir='ltr'>poena.</span> <span class='ocrx_word' id='word_1_168' title='bbox 662 1849 761 1882; x_wconf 82' lang='lat' dir='ltr'>Quod</span> <span class='ocrx_word' id='word_1_169' title='bbox 781 1853 875 1880; x_wconf 81' lang='lat' dir='ltr'>certe</span> 
     </span>
     <span class='ocr_line' id='line_1_29' title="bbox 178 1901 876 1945; baseline -0.011 -9"><span class='ocrx_word' id='word_1_170' title='bbox 178 1905 302 1936; x_wconf 82' lang='lat' dir='ltr'>nemini</span> <span class='ocrx_word' id='word_1_171' title='bbox 322 1913 467 1945; x_wconf 80' lang='lat' dir='ltr'>unquam</span> <span class='ocrx_word' id='word_1_172' title='bbox 493 1902 704 1942; x_wconf 76' lang='lat' dir='ltr'>probabitur,</span> <span class='ocrx_word' id='word_1_173' title='bbox 720 1901 820 1930; x_wconf 85' lang='lat' dir='ltr'>immo</span> <span class='ocrx_word' id='word_1_174' title='bbox 840 1904 876 1929; x_wconf 86' lang='lat' dir='ltr'>et</span> 
     </span>
     <span class='ocr_line' id='line_1_30' title="bbox 178 1947 875 1990; baseline -0.007 -6"><span class='ocrx_word' id='word_1_175' title='bbox 178 1955 233 1984; x_wconf 79' lang='lat' dir='ltr'>vel</span> <span class='ocrx_word' id='word_1_176' title='bbox 251 1964 366 1985; x_wconf 71' lang='lat' dir='ltr'>vocem</span> <span class='ocrx_word' id='word_1_177' title='bbox 391 1953 547 1984; x_wconf 84' lang='lat' dir='ltr'>Graeeam</span> <span class='ocrx_word' id='word_1_178' title='bbox 570 1952 675 1982; x_wconf 78' lang='grc' dir='ltr'>ποῖνος</span> <span class='ocrx_word' id='word_1_179' title='bbox 696 1959 757 1990; x_wconf 89' lang='lat' dir='ltr'>pro</span> <span class='ocrx_word' id='word_1_180' title='bbox 773 1947 875 1987; x_wconf 84' lang='grc' dir='ltr'>ποίνη,</span> 
     </span>
     <span class='ocr_line' id='line_1_31' title="bbox 179 2002 876 2036; baseline -0.009 -1"><span class='ocrx_word' id='word_1_181' title='bbox 179 2006 293 2036; x_wconf 73' lang='lat' dir='ltr'>nescio</span> <span class='ocrx_word' id='word_1_182' title='bbox 317 2003 406 2034; x_wconf 85' lang='lat' dir='ltr'>unde</span> <span class='ocrx_word' id='word_1_183' title='bbox 430 2003 622 2033; x_wconf 76' lang='lat' dir='ltr'>Salmasius.</span> <span class='ocrx_word' id='word_1_184' title='bbox 670 2002 779 2032; x_wconf 88' lang='lat' dir='ltr'>Nemo</span> <span class='ocrx_word' id='word_1_185' title='bbox 796 2009 876 2030; x_wconf 86' lang='lat' dir='ltr'>sane</span> 
     </span>
     <span class='ocr_line' id='line_1_32' title="bbox 179 2053 876 2094; baseline -0.004 -10"><span class='ocrx_word' id='word_1_186' title='bbox 179 2064 252 2085; x_wconf 85' lang='lat' dir='ltr'>eam</span> <span class='ocrx_word' id='word_1_187' title='bbox 270 2054 381 2085; x_wconf 86' lang='lat' dir='ltr'>idonei</span> <span class='ocrx_word' id='word_1_188' title='bbox 395 2053 568 2094; x_wconf 76' lang='lat' dir='ltr'>scriptoris</span> <span class='ocrx_word' id='word_1_189' title='bbox 580 2053 784 2084; x_wconf 75' lang='lat' dir='ltr'>auctoritate</span> <span class='ocrx_word' id='word_1_190' title='bbox 802 2055 876 2081; x_wconf 83' lang='lat' dir='ltr'>tue·</span> 
     </span>
     <span class='ocr_line' id='line_1_33' title="bbox 180 2105 392 2135; baseline 0.005 -1"><span class='ocrx_word' id='word_1_191' title='bbox 180 2110 267 2135; x_wconf 79' lang='lat' dir='ltr'>atur.</span> <span class='ocrx_word' id='word_1_192' title='bbox 294 2105 392 2135; x_wconf 83' lang='lat' dir='ltr'>Idem.</span> 
     </span>
    </p>

    <p class='ocr_par' dir='ltr' id='par_1_15' title="bbox 179 2151 884 2750">
     <span class='ocr_line' id='line_1_34' title="bbox 222 2151 877 2195; baseline -0.008 -9"><span class='ocrx_word' id='word_1_193' title='bbox 222 2161 236 2175; x_wconf 82' lang='lat'>¹¹</span> <span class='ocrx_word' id='word_1_194' title='bbox 262 2155 402 2195; x_wconf 79' lang='lat' dir='ltr'>Feralia]</span> <span class='ocrx_word' id='word_1_195' title='bbox 428 2154 579 2185; x_wconf 82' lang='lat' dir='ltr'>Priorem</span> <span class='ocrx_word' id='word_1_196' title='bbox 604 2153 698 2184; x_wconf 83' lang='lat' dir='ltr'>Festi</span> <span class='ocrx_word' id='word_1_197' title='bbox 716 2151 877 2193; x_wconf 86' lang='lat' dir='ltr'>etymolo-</span> 
     </span>
     <span class='ocr_line' id='line_1_35' title="bbox 179 2204 878 2248; baseline -0.004 -10"><span class='ocrx_word' id='word_1_198' title='bbox 179 2209 265 2247; x_wconf 81' lang='lat' dir='ltr'>giam</span> <span class='ocrx_word' id='word_1_199' title='bbox 290 2210 410 2248; x_wconf 83' lang='lat' dir='ltr'>probat</span> <span class='ocrx_word' id='word_1_200' title='bbox 435 2208 545 2238; x_wconf 87' lang='lat' dir='ltr'>Varro</span> <span class='ocrx_word' id='word_1_201' title='bbox 567 2206 623 2237; x_wconf 89' lang='lat' dir='ltr'>lib.</span> <span class='ocrx_word' id='word_1_202' title='bbox 650 2215 685 2237; x_wconf 90' lang='lat' dir='ltr'>v.</span> <span class='ocrx_word' id='word_1_203' title='bbox 711 2205 754 2235; x_wconf 84' lang='lat' dir='ltr'>de</span> <span class='ocrx_word' id='word_1_204' title='bbox 785 2205 822 2236; x_wconf 91' lang='lat' dir='ltr'>L.</span> <span class='ocrx_word' id='word_1_205' title='bbox 842 2204 878 2235; x_wconf 87' lang='lat' dir='ltr'>L.</span> 
     </span>
     <span class='ocr_line' id='line_1_36' title="bbox 181 2255 878 2295; baseline -0.006 -7"><span class='ocrx_word' id='word_1_206' title='bbox 181 2263 188 2274; x_wconf 87' lang='lat'><em>‘</em></span> <span class='ocrx_word' id='word_1_207' title='bbox 208 2258 338 2288; x_wconf 81' lang='lat' dir='ltr'>Feralia</span> <span class='ocrx_word' id='word_1_208' title='bbox 353 2258 394 2288; x_wconf 86' lang='lat' dir='ltr'>ab</span> <span class='ocrx_word' id='word_1_209' title='bbox 417 2257 532 2288; x_wconf 83' lang='lat' dir='ltr'>inferis</span> <span class='ocrx_word' id='word_1_210' title='bbox 556 2262 591 2287; x_wconf 81' lang='lat' dir='ltr'>et</span> <span class='ocrx_word' id='word_1_211' title='bbox 615 2256 771 2295; x_wconf 80' lang='lat' dir='ltr'>ferendo,</span> <span class='ocrx_word' id='word_1_212' title='bbox 788 2255 878 2295; x_wconf 88' lang='lat' dir='ltr'>quod</span> 
     </span>
     <span class='ocr_line' id='line_1_37' title="bbox 181 2306 880 2346; baseline -0.001 -9"><span class='ocrx_word' id='word_1_213' title='bbox 181 2306 298 2338; x_wconf 83' lang='lat' dir='ltr'>ferunt</span> <span class='ocrx_word' id='word_1_214' title='bbox 329 2312 398 2338; x_wconf 89' lang='lat' dir='ltr'>tum</span> <span class='ocrx_word' id='word_1_215' title='bbox 430 2309 545 2346; x_wconf 81' lang='lat' dir='ltr'>epulas</span> <span class='ocrx_word' id='word_1_216' title='bbox 578 2306 620 2337; x_wconf 85' lang='lat' dir='ltr'>ad</span> <span class='ocrx_word' id='word_1_217' title='bbox 652 2307 880 2346; x_wconf 79' lang='lat' dir='ltr'>sepulchrum,</span> 
     </span>
     <span class='ocr_line' id='line_1_38' title="bbox 182 2356 879 2398; baseline -0.004 -10"><span class='ocrx_word' id='word_1_218' title='bbox 182 2356 302 2398; x_wconf 81' lang='lat' dir='ltr'>quibus</span> <span class='ocrx_word' id='word_1_219' title='bbox 322 2357 377 2398; x_wconf 79' lang='lat' dir='ltr'>jus</span> <span class='ocrx_word' id='word_1_220' title='bbox 396 2357 439 2387; x_wconf 88' lang='lat' dir='ltr'>ibi</span> <span class='ocrx_word' id='word_1_221' title='bbox 466 2356 670 2397; x_wconf 59' lang='lat' dir='ltr'>parentare!</span> <span class='ocrx_word' id='word_1_222' title='bbox 713 2356 779 2386; x_wconf 80' lang='lat' dir='ltr'>Sed</span> <span class='ocrx_word' id='word_1_223' title='bbox 806 2365 879 2385; x_wconf 89' lang='lat' dir='ltr'>eer-</span> 
     </span>
     <span class='ocr_line' id='line_1_39' title="bbox 184 2405 880 2445; baseline -0.006 -6"><span class='ocrx_word' id='word_1_224' title='bbox 184 2414 254 2439; x_wconf 82' lang='lat' dir='ltr'>tum</span> <span class='ocrx_word' id='word_1_225' title='bbox 273 2413 325 2439; x_wconf 86' lang='lat' dir='ltr'>est</span> <span class='ocrx_word' id='word_1_226' title='bbox 338 2408 455 2445; x_wconf 79' lang='lat' dir='ltr'>feralis</span> <span class='ocrx_word' id='word_1_227' title='bbox 477 2413 509 2436; x_wconf 70' lang='lat' dir='ltr'>et</span> <span class='ocrx_word' id='word_1_228' title='bbox 526 2407 644 2443; x_wconf 78' lang='lat' dir='ltr'>feralia</span> <span class='ocrx_word' id='word_1_229' title='bbox 660 2415 735 2436; x_wconf 85' lang='lat' dir='ltr'>esse</span> <span class='ocrx_word' id='word_1_230' title='bbox 752 2416 771 2436; x_wconf 90' lang='lat' dir='ltr'>a</span> <span class='ocrx_word' id='word_1_231' title='bbox 785 2405 880 2442; x_wconf 71' lang='lat' dir='ltr'>fera:</span> 
     </span>
     <span class='ocr_line' id='line_1_40' title="bbox 183 2456 882 2496; baseline -0.006 -7"><span class='ocrx_word' id='word_1_232' title='bbox 183 2469 258 2489; x_wconf 84' lang='lat' dir='ltr'>nam</span> <span class='ocrx_word' id='word_1_233' title='bbox 267 2459 374 2496; x_wconf 79' lang='lat' dir='ltr'>feram</span> <span class='ocrx_word' id='word_1_234' title='bbox 392 2458 552 2488; x_wconf 86' lang='lat' dir='ltr'>dicebant</span> <span class='ocrx_word' id='word_1_235' title='bbox 577 2463 732 2487; x_wconf 79' lang='lat' dir='ltr'>mortem.</span> <span class='ocrx_word' id='word_1_236' title='bbox 779 2456 882 2493; x_wconf 63' lang='lat' dir='ltr'>Else-</span> 
     </span>
     <span class='ocr_line' id='line_1_41' title="bbox 181 2506 884 2548; baseline -0.006 -8"><span class='ocrx_word' id='word_1_237' title='bbox 181 2511 247 2540; x_wconf 70' lang='grc' dir='ltr'>ναῖε</span> <span class='ocrx_word' id='word_1_238' title='bbox 277 2513 327 2540; x_wconf 86' lang='lat' dir='ltr'>est</span> <span class='ocrx_word' id='word_1_239' title='bbox 355 2508 444 2548; x_wconf 86' lang='lat' dir='ltr'>quod</span> <span class='ocrx_word' id='word_1_240' title='bbox 474 2507 514 2537; x_wconf 81' lang='lat' dir='ltr'>ad</span> <span class='ocrx_word' id='word_1_241' title='bbox 541 2512 688 2537; x_wconf 81' lang='lat' dir='ltr'>mortuos</span> <span class='ocrx_word' id='word_1_242' title='bbox 720 2506 884 2545; x_wconf 70' lang='lat' dir='ltr'>pertinet,</span> 
     </span>
     <span class='ocr_line' id='line_1_42' title="bbox 184 2553 881 2596; baseline -0.007 -6"><span class='ocrx_word' id='word_1_243' title='bbox 184 2559 272 2591; x_wconf 85' lang='lat' dir='ltr'>unde</span> <span class='ocrx_word' id='word_1_244' title='bbox 298 2559 410 2591; x_wconf 75' lang='lat' dir='ltr'>Gloss.</span> <span class='ocrx_word' id='word_1_245' title='bbox 434 2559 704 2596; x_wconf 79' lang='lat' dir='ltr'>interpretantur</span> <span class='ocrx_word' id='word_1_246' title='bbox 731 2553 881 2593; x_wconf 79' lang='grc' dir='ltr'>νεκρικόν.</span> 
     </span>
     <span class='ocr_line' id='line_1_43' title="bbox 185 2606 882 2644; baseline -0.007 -4"><span class='ocrx_word' id='word_1_247' title='bbox 185 2610 317 2641; x_wconf 80' lang='lat' dir='ltr'>Feralia</span> <span class='ocrx_word' id='word_1_248' title='bbox 351 2608 479 2639; x_wconf 86' lang='lat' dir='ltr'>fiebant</span> <span class='ocrx_word' id='word_1_249' title='bbox 519 2608 572 2637; x_wconf 86' lang='lat' dir='ltr'>die</span> <span class='ocrx_word' id='word_1_250' title='bbox 596 2610 648 2637; x_wconf 76' lang='lat'>21.</span> <span class='ocrx_word' id='word_1_251' title='bbox 681 2606 882 2644; x_wconf 83' lang='lat' dir='ltr'>Februarii3</span> 
     </span>
     <span class='ocr_line' id='line_1_44' title="bbox 188 2655 882 2690; baseline -0.009 0"><span class='ocrx_word' id='word_1_252' title='bbox 188 2660 332 2690; x_wconf 84' lang='lat' dir='ltr'>Ovidius</span> <span class='ocrx_word' id='word_1_253' title='bbox 356 2669 373 2688; x_wconf 83' lang='lat' dir='ltr'>a</span> <span class='ocrx_word' id='word_1_254' title='bbox 397 2658 567 2689; x_wconf 77' lang='lat' dir='ltr'>veteribus</span> <span class='ocrx_word' id='word_1_255' title='bbox 592 2655 809 2687; x_wconf 72' lang='lat' dir='ltr'>Kalendauiis</span> <span class='ocrx_word' id='word_1_256' title='bbox 834 2665 882 2685; x_wconf 83' lang='lat' dir='ltr'>re-</span> 
     </span>
     <span class='ocr_line' id='line_1_45' title="bbox 187 2704 882 2750; baseline -0.009 -10"><span class='ocrx_word' id='word_1_257' title='bbox 187 2710 290 2750; x_wconf 68' lang='lat' dir='ltr'>cedit,</span> <span class='ocrx_word' id='word_1_258' title='bbox 308 2709 364 2750; x_wconf 87' lang='lat' dir='ltr'>qui</span> <span class='ocrx_word' id='word_1_259' title='bbox 389 2719 428 2739; x_wconf 81' lang='lat' dir='ltr'>ea</span> <span class='ocrx_word' id='word_1_260' title='bbox 455 2707 555 2739; x_wconf 65' lang='lat' dir='ltr'>fuis&gt;e</span> <span class='ocrx_word' id='word_1_261' title='bbox 579 2707 661 2738; x_wconf 84' lang='lat' dir='ltr'>dicit</span> <span class='ocrx_word' id='word_1_262' title='bbox 681 2705 736 2736; x_wconf 83' lang='lat' dir='ltr'>die</span> <span class='ocrx_word' id='word_1_263' title='bbox 756 2707 804 2735; x_wconf 79' lang='lat'>17.</span> <span class='ocrx_word' id='word_1_264' title='bbox 841 2704 882 2734; x_wconf 92' lang='lat' dir='ltr'>Il-</span> 
     </span>
    </p>
   </div>
   <div class='ocr_carea' id='block_1_13' title="bbox 926 1536 1662 2685">
    <p class='ocr_par' dir='ltr' id='par_1_16' title="bbox 926 1536 1662 1886">
     <span class='ocr_line' id='line_1_46' title="bbox 926 1536 1662 1575; baseline -0.014 0"><span class='ocrx_word' id='word_1_265' title='bbox 926 1545 993 1575; x_wconf 86' lang='lat' dir='ltr'>lum</span> <span class='ocrx_word' id='word_1_266' title='bbox 1008 1543 1083 1575; x_wconf 79' lang='lat' dir='ltr'>vide</span> <span class='ocrx_word' id='word_1_267' title='bbox 1107 1542 1166 1574; x_wconf 87' lang='lat' dir='ltr'>lib.</span> <span class='ocrx_word' id='word_1_268' title='bbox 1184 1551 1225 1573; x_wconf 80' lang='lat'>11.</span> <span class='ocrx_word' id='word_1_269' title='bbox 1244 1541 1339 1572; x_wconf 77' lang='lat' dir='ltr'><strong>Fast.</strong></span> <span class='ocrx_word' id='word_1_270' title='bbox 1385 1536 1626 1569; x_wconf 69' lang='lat' dir='ltr'>FeraliaGrae·</span> <span class='ocrx_word' id='word_1_271' title='bbox 1654 1537 1662 1541; x_wconf 60' lang='grc'><em>“</em></span> 
     </span>
     <span class='ocr_line' id='line_1_47' title="bbox 927 1588 1628 1631; baseline -0.014 -6"><span class='ocrx_word' id='word_1_272' title='bbox 927 1595 958 1625; x_wconf 81' lang='lat' dir='ltr'>ci</span> <span class='ocrx_word' id='word_1_273' title='bbox 970 1593 1129 1624; x_wconf 74' lang='lat' dir='ltr'>dicebant</span> <span class='ocrx_word' id='word_1_274' title='bbox 1139 1590 1247 1631; x_wconf 77' lang='grc' dir='ltr'>μιαρᾶς</span> <span class='ocrx_word' id='word_1_275' title='bbox 1259 1590 1380 1630; x_wconf 79' lang='grc' dir='ltr'>ἡμέρας.</span> <span class='ocrx_word' id='word_1_276' title='bbox 1400 1588 1549 1627; x_wconf 74' lang='lat' dir='ltr'>Hesych.</span> <span class='ocrx_word' id='word_1_277' title='bbox 1560 1598 1628 1625; x_wconf 76' lang='grc' dir='ltr'>μια·</span> 
     </span>
     <span class='ocr_line' id='line_1_48' title="bbox 928 1637 1628 1686; baseline -0.013 -10"><span class='ocrx_word' id='word_1_278' title='bbox 928 1643 978 1686; x_wconf 74' lang='lat' dir='ltr'>pal</span> <span class='ocrx_word' id='word_1_279' title='bbox 998 1643 1119 1684; x_wconf 79' lang='grc' dir='ltr'><em>ἡμέραι,</em></span> <span class='ocrx_word' id='word_1_280' title='bbox 1132 1644 1189 1674; x_wconf 76' lang='grc' dir='ltr'>τοῦ</span> <span class='ocrx_word' id='word_1_281' title='bbox 1202 1641 1457 1680; x_wconf 77' lang='grc' dir='ltr'>Ἀνθεστηριῶνος</span> <span class='ocrx_word' id='word_1_282' title='bbox 1472 1637 1578 1677; x_wconf 78' lang='grc' dir='ltr'>μηνὸς,</span> <span class='ocrx_word' id='word_1_283' title='bbox 1595 1637 1628 1667; x_wconf 82' lang='grc' dir='ltr'>ἐν</span> 
     </span>
     <span class='ocr_line' id='line_1_49' title="bbox 928 1686 1630 1734; baseline -0.014 -8"><span class='ocrx_word' id='word_1_284' title='bbox 928 1694 975 1728; x_wconf 71' lang='grc' dir='ltr'>αῖς</span> <span class='ocrx_word' id='word_1_285' title='bbox 996 1693 1054 1726; x_wconf 71' lang='grc' dir='ltr'>τὰς</span> <span class='ocrx_word' id='word_1_286' title='bbox 1071 1693 1173 1734; x_wconf 78' lang='grc' dir='ltr'><strong><em>ψυχὰς</em></strong></span> <span class='ocrx_word' id='word_1_287' title='bbox 1186 1694 1250 1723; x_wconf 78' lang='grc' dir='ltr'>τῶν</span> <span class='ocrx_word' id='word_1_288' title='bbox 1265 1688 1494 1728; x_wconf 80' lang='grc' dir='ltr'>κατοιχομένων</span> <span class='ocrx_word' id='word_1_289' title='bbox 1513 1686 1630 1718; x_wconf 80' lang='grc' dir='ltr'>ἀνιέναι</span> 
     </span>
     <span class='ocr_line' id='line_1_50' title="bbox 930 1738 1629 1784; baseline -0.014 -7"><span class='ocrx_word' id='word_1_290' title='bbox 930 1745 1066 1784; x_wconf 65' lang='grc' dir='ltr'>ἐδόκουν,</span> <span class='ocrx_word' id='word_1_291' title='bbox 1087 1749 1095 1762; x_wconf 84' lang='grc'><em>·</em></span> <span class='ocrx_word' id='word_1_292' title='bbox 1114 1744 1248 1775; x_wconf 73' lang='lat' dir='ltr'>Fer-ales</span> <span class='ocrx_word' id='word_1_293' title='bbox 1262 1743 1333 1772; x_wconf 87' lang='lat' dir='ltr'>dies</span> <span class='ocrx_word' id='word_1_294' title='bbox 1348 1741 1468 1771; x_wconf 80' lang='lat' dir='ltr'>mensis</span> <span class='ocrx_word' id='word_1_295' title='bbox 1480 1738 1629 1769; x_wconf 73' lang='lat' dir='ltr'>Antlies-</span> 
     </span>
     <span class='ocr_line' id='line_1_51' title="bbox 929 1789 1631 1835; baseline -0.013 -8"><span class='ocrx_word' id='word_1_296' title='bbox 929 1795 1083 1833; x_wconf 84' lang='lat' dir='ltr'>terionis,</span> <span class='ocrx_word' id='word_1_297' title='bbox 1100 1794 1220 1835; x_wconf 85' lang='lat' dir='ltr'>quibus</span> <span class='ocrx_word' id='word_1_298' title='bbox 1236 1797 1443 1823; x_wconf 78' lang='lat' dir='ltr'>mortuorum</span> <span class='ocrx_word' id='word_1_299' title='bbox 1465 1789 1592 1819; x_wconf 80' lang='lat' dir='ltr'>animas</span> <span class='ocrx_word' id='word_1_300' title='bbox 1610 1797 1631 1819; x_wconf 81' lang='lat' dir='ltr'>e</span> 
     </span>
     <span class='ocr_line' id='line_1_52' title="bbox 930 1839 1521 1886; baseline -0.014 -9"><span class='ocrx_word' id='word_1_301' title='bbox 930 1845 1096 1886; x_wconf 82' lang='lat' dir='ltr'>sepulcris</span> <span class='ocrx_word' id='word_1_302' title='bbox 1112 1845 1204 1875; x_wconf 85' lang='lat' dir='ltr'>exire</span> <span class='ocrx_word' id='word_1_303' title='bbox 1216 1839 1404 1882; x_wconf 55' lang='lat' dir='ltr'>putabant!</span> <span class='ocrx_word' id='word_1_304' title='bbox 1424 1840 1521 1870; x_wconf 84' lang='lat' dir='ltr'>Idem.</span> 
     </span>
    </p>

    <p class='ocr_par' dir='ltr' id='par_1_17' title="bbox 930 1890 1630 1986">
     <span class='ocr_line' id='line_1_53' title="bbox 971 1890 1630 1935; baseline -0.015 -6"><span class='ocrx_word' id='word_1_305' title='bbox 971 1900 988 1916; x_wconf 73' lang='lat'><em>¹</em></span> <span class='ocrx_word' id='word_1_306' title='bbox 1003 1894 1165 1935; x_wconf 78' lang='lat' dir='ltr'>Ferctum]</span> <span class='ocrx_word' id='word_1_307' title='bbox 1183 1894 1306 1926; x_wconf 88' lang='lat' dir='ltr'>Viden.</span> <span class='ocrx_word' id='word_1_308' title='bbox 1320 1892 1404 1923; x_wconf 76' lang='lat' dir='ltr'>Cato</span> <span class='ocrx_word' id='word_1_309' title='bbox 1415 1891 1456 1926; x_wconf 80' lang='lat' dir='ltr'>de</span> <span class='ocrx_word' id='word_1_310' title='bbox 1470 1891 1520 1921; x_wconf 84' lang='lat' dir='ltr'>Re</span> <span class='ocrx_word' id='word_1_311' title='bbox 1533 1890 1630 1922; x_wconf 77' lang='lat' dir='ltr'>Rust.</span> 
     </span>
     <span class='ocr_line' id='line_1_54' title="bbox 930 1947 1116 1986; baseline -0.011 -7"><span class='ocrx_word' id='word_1_312' title='bbox 930 1948 1010 1979; x_wconf 80' lang='lat' dir='ltr'><em>Ant.</em></span> <span class='ocrx_word' id='word_1_313' title='bbox 1027 1947 1116 1986; x_wconf 80' lang='lat' dir='ltr'><strong><em>Aug.</em></strong></span> 
     </span>
    </p>

    <p class='ocr_par' dir='ltr' id='par_1_18' title="bbox 931 1992 1629 2088">
     <span class='ocr_line' id='line_1_55' title="bbox 974 1992 1629 2037; baseline -0.012 -8"><span class='ocrx_word' id='word_1_314' title='bbox 974 1996 1137 2037; x_wconf 70' lang='lat' dir='ltr'>Fen-tum]</span> <span class='ocrx_word' id='word_1_315' title='bbox 1161 1994 1283 2027; x_wconf 77' lang='lat' dir='ltr'>Isidori</span> <span class='ocrx_word' id='word_1_316' title='bbox 1302 1994 1457 2025; x_wconf 81' lang='lat' dir='ltr'>Glossae:</span> <span class='ocrx_word' id='word_1_317' title='bbox 1482 1992 1492 2009; x_wconf 75' lang='lat'><em>⁴</em></span> <span class='ocrx_word' id='word_1_318' title='bbox 1512 1992 1629 2022; x_wconf 82' lang='lat' dir='ltr'>Ferto-</span> 
     </span>
     <span class='ocr_line' id='line_1_56' title="bbox 931 2043 1481 2088; baseline -0.016 -7"><span class='ocrx_word' id='word_1_319' title='bbox 931 2059 998 2088; x_wconf 82' lang='lat' dir='ltr'>res,</span> <span class='ocrx_word' id='word_1_320' title='bbox 1015 2048 1103 2079; x_wconf 83' lang='lat' dir='ltr'>ferto</span> <span class='ocrx_word' id='word_1_321' title='bbox 1119 2044 1290 2078; x_wconf 62' lang='lat' dir='ltr'>libantes!</span> <span class='ocrx_word' id='word_1_322' title='bbox 1313 2045 1381 2075; x_wconf 87' lang='lat' dir='ltr'><strong><em>Jos.</em></strong></span> <span class='ocrx_word' id='word_1_323' title='bbox 1396 2043 1481 2074; x_wconf 74' lang='lat' dir='ltr'><strong><em>Scae.</em></strong></span> 
     </span>
    </p>

    <p class='ocr_par' dir='ltr' id='par_1_19' title="bbox 932 2092 1635 2433">
     <span class='ocr_line' id='line_1_57' title="bbox 975 2092 1633 2138; baseline -0.015 -7"><span class='ocrx_word' id='word_1_324' title='bbox 975 2098 1137 2138; x_wconf 81' lang='lat' dir='ltr'>Ferctum]</span> <span class='ocrx_word' id='word_1_325' title='bbox 1160 2098 1230 2128; x_wconf 90' lang='lat' dir='ltr'>Pro</span> <span class='ocrx_word' id='word_1_326' title='bbox 1246 2095 1379 2134; x_wconf 80' lang='lat' dir='ltr'>sertum.</span> <span class='ocrx_word' id='word_1_327' title='bbox 1420 2093 1449 2124; x_wconf 91' lang='lat' dir='ltr'><strong>A</strong></span> <span class='ocrx_word' id='word_1_328' title='bbox 1468 2092 1633 2131; x_wconf 82' lang='lat' dir='ltr'>fer⁰‚ser-</span> 
     </span>
     <span class='ocr_line' id='line_1_58' title="bbox 933 2142 1632 2189; baseline -0.014 -8"><span class='ocrx_word' id='word_1_329' title='bbox 933 2154 998 2181; x_wconf 77' lang='lat' dir='ltr'>tum</span> <span class='ocrx_word' id='word_1_330' title='bbox 1014 2159 1074 2189; x_wconf 87' lang='lat' dir='ltr'>pro</span> <span class='ocrx_word' id='word_1_331' title='bbox 1089 2150 1198 2186; x_wconf 81' lang='lat' dir='ltr'>latum,</span> <span class='ocrx_word' id='word_1_332' title='bbox 1215 2152 1251 2177; x_wconf 86' lang='lat' dir='ltr'>et</span> <span class='ocrx_word' id='word_1_333' title='bbox 1267 2146 1386 2182; x_wconf 76' lang='lat' dir='ltr'>sertum</span> <span class='ocrx_word' id='word_1_334' title='bbox 1407 2148 1458 2174; x_wconf 86' lang='lat' dir='ltr'>est</span> <span class='ocrx_word' id='word_1_335' title='bbox 1485 2143 1557 2172; x_wconf 76' lang='lat' dir='ltr'>Diis</span> <span class='ocrx_word' id='word_1_336' title='bbox 1574 2142 1632 2172; x_wconf 92' lang='lat' dir='ltr'>ob—</span> 
     </span>
     <span class='ocr_line' id='line_1_59' title="bbox 932 2192 1631 2232; baseline -0.014 -1"><span class='ocrx_word' id='word_1_337' title='bbox 932 2201 1048 2232; x_wconf 75' lang='lat' dir='ltr'>latum.</span> <span class='ocrx_word' id='word_1_338' title='bbox 1098 2199 1182 2229; x_wconf 87' lang='lat' dir='ltr'>Inde</span> <span class='ocrx_word' id='word_1_339' title='bbox 1209 2195 1357 2227; x_wconf 79' lang='lat' dir='ltr'>‘sertor&#39;</span> <span class='ocrx_word' id='word_1_340' title='bbox 1381 2201 1415 2224; x_wconf 80' lang='lat' dir='ltr'>et</span> <span class='ocrx_word' id='word_1_341' title='bbox 1444 2198 1451 2210; x_wconf 88' lang='lat'>¹</span> <span class='ocrx_word' id='word_1_342' title='bbox 1467 2192 1631 2224; x_wconf 64' lang='lat' dir='ltr'>infertor:</span> 
     </span>
     <span class='ocr_line' id='line_1_60' title="bbox 935 2241 1633 2286; baseline -0.016 -4"><span class='ocrx_word' id='word_1_343' title='bbox 935 2251 1046 2283; x_wconf 80' lang='lat' dir='ltr'>Gloss.</span> <span class='ocrx_word' id='word_1_344' title='bbox 1062 2253 1070 2267; x_wconf 76' lang='lat'>⁶</span> <span class='ocrx_word' id='word_1_345' title='bbox 1085 2249 1256 2286; x_wconf 80' lang='lat' dir='ltr'>Fertores,</span> <span class='ocrx_word' id='word_1_346' title='bbox 1271 2245 1360 2276; x_wconf 87' lang='lat' dir='ltr'>ferto</span> <span class='ocrx_word' id='word_1_347' title='bbox 1373 2241 1542 2281; x_wconf 70' lang='lat' dir='ltr'>libantes,’</span> <span class='ocrx_word' id='word_1_348' title='bbox 1557 2241 1633 2272; x_wconf 78' lang='lat' dir='ltr'><strong>‘In-</strong></span> 
     </span>
     <span class='ocr_line' id='line_1_61' title="bbox 933 2291 1635 2340; baseline -0.013 -8"><span class='ocrx_word' id='word_1_349' title='bbox 933 2301 1053 2339; x_wconf 60' lang='grc' dir='ltr'>ἴθι-«ον,</span> <span class='ocrx_word' id='word_1_350' title='bbox 1078 2296 1269 2340; x_wconf 70' lang='grc' dir='ltr'>παραθέτης,’</span> <span class='ocrx_word' id='word_1_351' title='bbox 1302 2296 1333 2325; x_wconf 89' lang='lat' dir='ltr'>id</span> <span class='ocrx_word' id='word_1_352' title='bbox 1357 2299 1409 2325; x_wconf 82' lang='lat' dir='ltr'>est</span> <span class='ocrx_word' id='word_1_353' title='bbox 1439 2291 1635 2323; x_wconf 81' lang='lat' dir='ltr'>‘structor.&#39;</span> 
     </span>
     <span class='ocr_line' id='line_1_62' title="bbox 936 2341 1630 2382; baseline -0.016 0"><span class='ocrx_word' id='word_1_354' title='bbox 936 2352 992 2382; x_wconf 90' lang='lat' dir='ltr'>De</span> <span class='ocrx_word' id='word_1_355' title='bbox 1017 2357 1111 2381; x_wconf 87' lang='lat' dir='ltr'>strue</span> <span class='ocrx_word' id='word_1_356' title='bbox 1136 2354 1170 2379; x_wconf 89' lang='lat' dir='ltr'>et</span> <span class='ocrx_word' id='word_1_357' title='bbox 1198 2348 1311 2381; x_wconf 82' lang='lat' dir='ltr'>Ferte,</span> <span class='ocrx_word' id='word_1_358' title='bbox 1329 2345 1406 2375; x_wconf 80' lang='lat' dir='ltr'>vide</span> <span class='ocrx_word' id='word_1_359' title='bbox 1421 2343 1431 2360; x_wconf 87' lang='lat'>‘</span> <span class='ocrx_word' id='word_1_360' title='bbox 1446 2341 1630 2373; x_wconf 84' lang='lat' dir='ltr'>Strufetta-</span> 
     </span>
     <span class='ocr_line' id='line_1_63' title="bbox 935 2401 1098 2433; baseline -0.018 0"><span class='ocrx_word' id='word_1_361' title='bbox 935 2402 1000 2433; x_wconf 88' lang='lat' dir='ltr'>rii.’</span> <span class='ocrx_word' id='word_1_362' title='bbox 1015 2401 1098 2432; x_wconf 80' lang='lat' dir='ltr'>Dae.</span> 
     </span>
    </p>

    <p class='ocr_par' dir='ltr' id='par_1_20' title="bbox 934 2443 1633 2685">
     <span class='ocr_line' id='line_1_64' title="bbox 975 2443 1632 2488; baseline -0.012 -7"><span class='ocrx_word' id='word_1_363' title='bbox 975 2458 989 2481; x_wconf 74' lang='lat' dir='ltr'>v</span> <span class='ocrx_word' id='word_1_364' title='bbox 1015 2449 1209 2488; x_wconf 81' lang='lat' dir='ltr'>Ferentariz&#39;]</span> <span class='ocrx_word' id='word_1_365' title='bbox 1237 2448 1336 2477; x_wconf 82' lang='lat' dir='ltr'>Varr.</span> <span class='ocrx_word' id='word_1_366' title='bbox 1361 2445 1419 2476; x_wconf 85' lang='lat' dir='ltr'>lib.</span> <span class='ocrx_word' id='word_1_367' title='bbox 1448 2453 1497 2476; x_wconf 79' lang='lat' dir='ltr'>vr.</span> <span class='ocrx_word' id='word_1_368' title='bbox 1523 2443 1565 2474; x_wconf 89' lang='lat' dir='ltr'>de</span> <span class='ocrx_word' id='word_1_369' title='bbox 1595 2444 1632 2474; x_wconf 89' lang='lat' dir='ltr'>L.</span> 
     </span>
     <span class='ocr_line' id='line_1_65' title="bbox 936 2494 1633 2539; baseline -0.014 -5"><span class='ocrx_word' id='word_1_370' title='bbox 936 2504 973 2534; x_wconf 91' lang='lat' dir='ltr'>L.</span> <span class='ocrx_word' id='word_1_371' title='bbox 997 2503 1006 2519; x_wconf 94' lang='lat'>‘</span> <span class='ocrx_word' id='word_1_372' title='bbox 1024 2501 1213 2533; x_wconf 82' lang='lat' dir='ltr'>Ferentarii</span> <span class='ocrx_word' id='word_1_373' title='bbox 1240 2500 1374 2539; x_wconf 83' lang='lat' dir='ltr'>equites</span> <span class='ocrx_word' id='word_1_374' title='bbox 1397 2496 1429 2526; x_wconf 86' lang='lat' dir='ltr'>hi</span> <span class='ocrx_word' id='word_1_375' title='bbox 1453 2495 1549 2533; x_wconf 82' lang='lat' dir='ltr'>dicti,</span> <span class='ocrx_word' id='word_1_376' title='bbox 1576 2494 1633 2534; x_wconf 90' lang='lat' dir='ltr'>qui</span> 
     </span>
     <span class='ocr_line' id='line_1_66' title="bbox 934 2547 1633 2590; baseline -0.014 -4"><span class='ocrx_word' id='word_1_377' title='bbox 934 2565 975 2586; x_wconf 90' lang='lat' dir='ltr'>ea</span> <span class='ocrx_word' id='word_1_378' title='bbox 990 2554 1090 2585; x_wconf 91' lang='lat' dir='ltr'>modo</span> <span class='ocrx_word' id='word_1_379' title='bbox 1106 2551 1274 2583; x_wconf 82' lang='lat' dir='ltr'>habebant</span> <span class='ocrx_word' id='word_1_380' title='bbox 1291 2559 1394 2586; x_wconf 83' lang='lat' dir='ltr'>arma,</span> <span class='ocrx_word' id='word_1_381' title='bbox 1410 2558 1485 2590; x_wconf 77' lang='lat' dir='ltr'>quae</span> <span class='ocrx_word' id='word_1_382' title='bbox 1506 2547 1633 2578; x_wconf 83' lang='lat' dir='ltr'>ferren-</span> 
     </span>
     <span class='ocr_line' id='line_1_67' title="bbox 938 2596 1633 2643; baseline -0.012 -8"><span class='ocrx_word' id='word_1_383' title='bbox 938 2610 1005 2642; x_wconf 85' lang='lat' dir='ltr'>tur,</span> <span class='ocrx_word' id='word_1_384' title='bbox 1022 2608 1059 2634; x_wconf 85' lang='lat' dir='ltr'>ut</span> <span class='ocrx_word' id='word_1_385' title='bbox 1071 2600 1244 2643; x_wconf 62' lang='lat' dir='ltr'>jaculum!</span> <span class='ocrx_word' id='word_1_386' title='bbox 1288 2600 1375 2631; x_wconf 84' lang='lat' dir='ltr'>Vide</span> <span class='ocrx_word' id='word_1_387' title='bbox 1390 2600 1398 2616; x_wconf 91' lang='lat'>‘</span> <span class='ocrx_word' id='word_1_388' title='bbox 1411 2596 1633 2637; x_wconf 77' lang='lat' dir='ltr'>adscriptivi.’</span> 
     </span>
     <span class='ocr_line' id='line_1_68' title="bbox 938 2656 1034 2685; baseline -0.01 0"><span class='ocrx_word' id='word_1_389' title='bbox 938 2656 1034 2685; x_wconf 77' lang='lat' dir='ltr'>Idem.</span> 
     </span>
    </p>
   </div>
  </div>
 </body>
</html>
