1835 2906
237 112 324 154 452

296 221 337 258 et
366 215 482 270 apud
510 228 577 255 nos
606 213 654 256 de
684 216 806 257 bonis.

298 282 385 323 ideo
413 283 508 324 dici.

681 122 829 152 SEXTl
863 122 1065 153 POMPEII
1098 122 1233 153 FESTI

869 215 1059 257 Naeniam
1089 219 1183 257 esto
1216 215 1385 269 quosda
1414 214 1551 254 dicunt
1576 216 1676 257 velle

244 348 431 390 Naem'am
453 351 574 404 quod
596 354 638 393 ei
657 351 755 393 voci
777 349 954 391 similior
984 348 1232 403 querimonia
1247 349 1443 403 flentium
1465 353 1547 394 sit:
1579 353 1676 406 qui-

297 417 397 458 dam
417 418 538 459 aiunt
555 419 699 459 neniae
720 419 883 457 ductum
901 429 1042 455 nomen
1061 414 1113 455 ab
1135 418 1304 457 extremi
1324 417 1518 459 intestini
1548 431 1677 461 voca·

296 481 405 534 bulo,
423 483 480 524 ad
497 484 605 539 quod
632 482 883 539 probandum
915 482 1143 524 testimonio
1177 484 1314 525 utitur
1349 485 1545 535 Plautus,
1568 483 1677 525 Bac-

296 548 474 591 chidibus
490 557 521 590 .·g
554 551 603 592 Si
621 550 696 592 tibi
718 557 774 591 est
799 548 1105 591 Machaeodem
1128 550 1184 591 ad
1207 550 1318 591 nobis
1339 552 1509 592 vervinae
1531 559 1586 593 est
1606 551 1675 592 do-

292 616 348 657 mi
368 631 448 671 qua
468 618 627 673 quidem
646 632 719 672 ego
741 623 782 658 te
802 617 979 658 reddam
1000 617 1069 658 ubi
1103 632 1162 658 me
1195 618 1420 659 irritaveris
1445 617 1529 659 Con
1556 618 1674 659 ossio-

294 698 382 725 rem
403 685 607 726 sorricina
631 684 778 726 Noenia
792 700 805 725 .·
834 684 915 725 sive
936 685 1045 739 quod
1063 693 1281 725 eoetremam
1295 685 1447 739 flendo
1470 686 1676 727 efferimus

293 765 379 791 eam
400 766 549 801 vocem,
582 752 884 807 quaerendoque,
904 766 998 792 uam
1028 751 1175 793 Graeci
1205 751 1334 800 νεάτας
1363 758 1581 795 extremum
1611 754 1676 794 di-

293 823 411 860 cunt.
464 818 557 859 Sive
577 818 684 874 quod
713 818 951 860 chordarum
981 820 1136 860 ultima
1158 819 1269 860 νεάτα
1303 820 1469 871 dicitur,
1491 820 1675 875 appella-

294 892 392 925 runt
413 892 630 926 extremam
651 886 847 927 cantionis
868 900 998 927 vocem
1023 884 1225 927 Naeniam.

236 950 408 994 Naeniae
442 953 553 994 Deae
571 953 586 976 ¹¹
618 955 831 995 sacellum
858 959 982 996 extra
1004 958 1174 1007 portam
1196 955 1461 996 Viminalem
1496 955 1673 1005 [PAUL-

291 1019 430 1061 fuerat
451 1020 711 1062 dedicatum.

888 1110 1027 1142 NOTAE

232 1191 308 1213 mea
332 1182 413 1214 hera
428 1184 517 1223 apud
535 1193 592 1214 uos
619 1184 706 1215 dixit
722 1184 864 1215 naeniam
881 1185 924 1215 de

232 1232 351 1264 bonis:
396 1233 468 1265 Ista
494 1235 581 1265 enim
603 1235 685 1265 <lomi
710 1240 745 1265 et
769 1239 876 1272 mesto,
906 1244 925 1265 a

232 1283 335 1313 Festo
362 1284 473 1322 posita
498 1294 598 1324 supra
621 1285 694 1315 haec
719 1286 822 1315 verba
845 1286 925 1324 apud

228 1342 283 1363 nos
298 1337 332 1364 et
346 1333 417 1363 huic
438 1334 567 1373 homini,
591 1335 632 1366 ad
650 1336 852 1365 sententiam
868 1344 926 1365 ex-

233 1383 434 1422 plicandam,
463 1390 498 1415 ut
523 1386 652 1425 optime
687 1385 926 1416 animadvertit

231 1432 392 1472 Scaliger.
459 1433 513 1464 Ibi
543 1440 656 1465 autem
684 1435 805 1465 neniam
842 1436 925 1465 dixit

231 1481 321 1512 idem
339 1488 401 1518 est,
418 1483 721 1525 qnod,supremam
735 1485 834 1523 dixit,
852 1485 924 1514 vale

230 1530 331 1571 dixit,
362 1532 455 1563 abire
481 1533 595 1572 jussit,
625 1533 744 1565 eadem
783 1535 924 1573 ratione,

230 1591 297 1620 qua
318 1592 419 1622 supra
448 1582 604 1615 diximus.
652 1585 729 1615 Non
761 1595 852 1621 vero,
887 1591 925 1616 nt

231 1630 412 1663 Lambinus
450 1634 708 1674 interpretatur,
748 1636 924 1666 ‘cantavit

230 1690 364 1712 carmen
382 1682 469 1719 leve,
486 1689 587 1724 atque
608 1684 732 1723 inane‚'
756 1687 817 1715 ἃς.
834 1685 923 1725 quod

229 1730 404 1762 ridiculum
422 1737 487 1763 est.
512 1734 610 1764 Idem.

272 1786 287 1807 s
311 1781 419 1812 Plane.
447 1783 672 1823 Bacchidibus]
700 1794 747 1814 ιν.
779 1787 809 1815 8.
857 1785 923 1816 Sed

227 1829 327 1859 aliter
357 1831 388 1860 in
421 1833 542 1862 nostris
578 1835 854 1873 exemplaribus:
887 1836 924 1866 Si

228 1879 287 1909 tibi
313 1883 358 1910 est
382 1881 532 1912 macha’ra
559 1886 590 1913 αι
615 1883 701 1914 uobis
724 1886 852 1915 vervina
877 1891 922 1916 est

227 1929 322 1967 domi,
340 1930 410 1965 Qua
426 1932 546 1970 quidem
562 1943 617 1971 ego
633 1934 801 1973 tesneiam,
824 1935 851 1964 si
876 1946 922 1966 me

227 1979 414 2018 irritaveris,
427 1981 655 2019 Confossiorem
665 1983 798 2014 soricina
809 1986 920 2015 meniu.

227 2028 295 2060 Hic
333 2035 444 2061 autem
477 2037 593 2062 censet
633 2033 753 2064 Festus
786 2034 922 2065 Nenimn

226 2087 299 2107 esse
314 2079 569 2111 minutissimum
598 2082 806 2118 intestinum,
831 2084 919 2123 qnod

227 2128 325 2158 aliter
350 2129 456 2159 hulam
478 2130 606 2162 dicnut.
655 2133 697 2162 Et
723 2133 802 2162 inde
821 2134 919 2163 l’lan-

229 2183 299 2207 tum
332 2178 458 2209 dixisse
483 2179 725 2211 confossiorem
756 2182 919 2213 ‘soricina

225 2227 348 2266 nenia,’
369 2228 430 2259 lioc
447 2236 498 2259 est
512 2234 579 2260 tam
596 2230 786 2261 confectum
805 2232 919 2262 vulue-

224 2275 329 2315 ribns,
355 2282 390 2308 ut
417 2287 457 2308 ex
481 2287 519 2308 eo
547 2279 627 2309 nihil
658 2280 918 2320 relinqueretur,

226 2327 313 2365 quod
340 2328 418 2359 billa
444 2329 586 2359 soricina
613 2339 677 2360 non
706 2337 794 2361 esset
812 2332 918 2362 minu-

227 2377 305 2406 tius.
349 2378 415 2408 Sed
442 2379 540 2418 longe
572 2380 623 2409 hic
650 2389 764 2411 errare
781 2381 916 2411 Festum

223 2425 306 2457 dicit
318 2429 480 2470 Scaliger,
493 2441 601 2471 neque
614 2437 725 2463 tamen
743 2433 813 2472 ipse
827 2443 918 2464 snam

225 2476 320 2506 nobis
338 2482 540 2511 seutentiam
558 2483 680 2521 aperit.
725 2483 809 2513 ΜίΙιί
835 2493 914 2513 vero

225 2534 291 2555 non
317 2527 435 2558 Festus
465 2535 608 2569 tantum,
638 2531 697 2561 sed
730 2533 751 2562 ii
788 2542 915 2572 omnes,

226 2584 309 2614 quos
325 2576 379 2607 liic
394 2578 515 2618 aliquid
530 2585 676 2611 tentasse
693 2581 803 2621 video,
816 2582 915 2621 longe

227 2635 245 2653 a
262 2634 364 2666 scopo
388 2627 545 2659 videntur
562 2630 748 2670 aberrasse,
775 2642 914 2673 quorum

979 1185 1035 1215 alii
1072 1194 1114 1215 ex
1148 1185 1298 1216 Arnobio
1322 1186 1457 1222 neniam,
1493 1184 1675 1215 intestinum

978 1234 1080 1264 etiam
1097 1234 1375 1273 interpretantur.
1420 1233 1487 1264 Alii
1510 1233 1675 1263 soria-inam

978 1284 1101 1313 neniam
1135 1293 1250 1314 vocem
1292 1293 1364 1314 esse
1403 1283 1530 1318 dicunt,
1575 1293 1673 1323 qnam

981 1333 1108 1363 emittit
1125 1342 1235 1371 sorex,
1248 1342 1320 1373 quae
1337 1342 1428 1373 saepe
1445 1332 1485 1363 ad
1508 1333 1600 1363 illam
1619 1342 1674 1363 vo-

982 1393 1054 1413 cem
1095 1383 1361 1423 deprehenditur
1397 1388 1431 1413 et
1469 1381 1673 1415 confoditur.

980 1432 1079 1465 Quod
1109 1433 1163 1463 cui
1194 1443 1339 1473 unquam
1378 1433 1512 1473 probari
1547 1433 1672 1472 possit?

978 1481 1045 1512 Sed
1078 1492 1119 1513 ne
1148 1483 1220 1513 aliis
1251 1483 1428 1523 arguendis
1461 1483 1673 1513 immoremur

980 1531 1116 1572 (liutius,
1142 1532 1277 1563 tandem
1303 1533 1486 1568 videamus,
1514 1543 1555 1563 an
1578 1533 1673 1564 nobis

979 1583 1117 1622 aliquid,
1133 1583 1159 1612 si
1172 1582 1592 1623 nonverius‚verisimilius
1610 1583 1673 1614 sal-

980 1637 1047 1662 tem
1071 1637 1241 1672 repertum
1269 1633 1324 1662 sit.
1373 1632 1457 1662 Rem
1476 1632 1582 1662 tribus
1599 1624 1672 1663 v'er-

980 1681 1030 1711 bis
1056 1681 1244 1712 confectam
1280 1682 1379 1713 dabo.
1426 1681 1672 1713 Pei-soricinum

978 1733 1100 1762 neniam
1117 1733 1336 1762 machinulam
1355 1732 1521 1772 intelligo,
1536 1733 1673 1772 capien-

980 1783 1030 1812 dis
1073 1783 1235 1814 soricibus
1277 1783 1509 1813 denticulatim
1547 1783 1672 1813 aculeis

978 1832 1156 1870 confixam,
1184 1842 1257 1872 quae
1287 1832 1364 1862 inde
1385 1832 1477 1862 nenia
1499 1832 1590 1863 (licta
1607 1837 1670 1868 est.

977 1882 1065 1922 qnod
1097 1882 1143 1912 ibi
1170 1883 1303 1920 neniam,
1318 1882 1496 1913 funebrem
1522 1888 1669 1918 cantum,

975 1932 1102 1962 sorices
1128 1937 1239 1971 captae
1265 1936 1403 1963 canunt.
1462 1933 1576 1963 Quare
1604 1933 1671 1961 ele-

976 1987 1094 2019 ganter
1108 1987 1143 2012 et
1161 1988 1301 2013 venuste
1328 1982 1414 2012 dixit
1431 1982 1577 2012 Plautus
1598 1992 1668 2012 con-

968 2032 1136 2069 fossiorem
1151 2032 1285 2062 soricina
1300 2032 1404 2062 nenia.
1428 2031 1535 2063 Idem.

1018 2082 1030 2102 ¹·
1057 2084 1181 2113 Noem'oe
1200 2083 1290 2122 Dece]
1332 2082 1456 2117 Nenia,
1484 2083 1556 2113 Dea
1572 2082 1668 2113 fune-

976 2143 1058 2168 rum,
1076 2133 1130 2164 nbi
1154 2134 1243 2163 nenia
1269 2132 1463 2163 canebatur.
1486 2133 1668 2173 Augustin-

974 2183 1016 2213 ‹le
1045 2184 1147 2214 Civit.
1186 2183 1252 2213 Dei
1283 2183 1337 2213 lib.
1366 2192 1397 2214 v.
1423 2193 1497 2224 cap.
1527 2187 1557 2215 9.
1594 2186 1603 2201 ‘
1622 2186 1667 2216 Et

974 2233 1065 2262 Deos
1080 2232 1120 2262 ad
1138 2233 1245 2272 ipsum
1267 2232 1431 2262 hominem
1458 2234 1668 2272 pertinentes

972 2283 1090 2313 clausit
1109 2282 1149 2312 ad
1169 2282 1311 2312 Neniam
1332 2282 1451 2321 Deam,
1466 2292 1540 2322 quae
1565 2283 1597 2314 in
1615 2283 1665 2314 fu-

972 2333 1107 2363 neribus
1125 2342 1238 2362 seuum
1254 2330 1434 2362 cantatur!
1465 2333 1591 2364 Arnob.
1609 2334 1667 2366 lib.

976 2391 998 2413 ι.
1029 2382 1094 2412 ‘In
1122 2382 1230 2412 tutela
1257 2386 1335 2411 sunt
1367 2381 1514 2413 Orbonae
1541 2383 1663 2415 Orbati

973 2433 1086 2463 liberis
1114 2437 1293 2472 parentes:
1332 2431 1372 2462 In
1401 2432 1519 2463 Neniae
1542 2434 1662 2473 quibus

973 2488 1121 2512 extrema
1138 2487 1215 2512 sunt
1233 2482 1410 2521 tempora!
1439 2482 1496 2513 Sic
1510 2483 1661 2522 Tibicen,

971 2532 1026 2572 qui
1038 2532 1169 2563 Nem‘am
1184 2531 1342 2570 canebat,
1360 2531 1468 2562 dictus
1483 2532 1584 2563 etiam
1597 2533 1659 2563 Ne-

969 2583 1032 2613 m'a.
1057 2581 1162 2612 Ideni.
