1835 2906
346 156 409 185 DE
443 152 716 184 VERBORUM
750 149 1160 182 SlGNlFlCATIONE
1195 151 1287 181 LlB.
1322 150 1393 181 111.

1510 139 1593 182 161

147 249 394 291 Claudiana
416 248 637 294 tonitruab
659 246 1014 301 appellabantur,
1043 244 1147 297 quia
1170 243 1385 285 Claudius
1408 243 1597 285 Pulcher

205 317 410 366 instituit,
429 320 478 356 ut
493 315 606 356 ludis
628 318 730 368 post
745 325 921 354 scenam
941 311 1152 352 collectus
1169 315 1185 333 2
1214 311 1412 364 lapidum
1439 311 1504 352 ita
1524 311 1598 351 fie-

206 388 270 425 ret
289 398 300 435 3
329 387 378 424 ut
392 383 487 424 veri
506 383 693 424 tonitrus
712 379 1045 422 similitudinem
1066 379 1325 420 imitaretur:
1356 392 1455 420 nam
1471 382 1601 420 antea

206 451 326 492 leves
356 450 613 500 admodum,
646 452 690 490 et
720 447 848 502 parvi
878 442 1052 489 sonitus
1083 446 1265 496 fiebant,
1297 459 1397 487 cum
1419 446 1538 488 clavi
1558 449 1602 486 et

205 518 376 572 lapides
400 518 447 559 in
467 518 639 559 labrum
662 527 832 557 aeneum
854 514 1184 568 conjicerentur.

149 584 352 626 Clavimc
381 584 659 627 consuetudo
683 586 776 625 erat
799 583 1057 624 mulieribus
1085 582 1246 623 donare
1273 581 1331 622 ob
1353 580 1603 634 significan-

209 652 311 694 dam
333 658 486 706 partus
505 652 777 694 facilitatem.

152 719 407 771 Clausula,‘³¹
437 734 569 775 quam
598 719 750 761 Graeci
776 721 968 772 κολοφῶνα
999 720 1191 768 vocant,³
1224 730 1252 759 a
1278 715 1403 759 brevi
1423 714 1604 758 conclu-

211 788 333 828 sione
351 791 419 828 est
445 787 687 841 appellata.

154 852 317 896 Clavus
350 855 548 896 annalise
581 854 904 909 appellabatur,
936 852 1011 907 qui
1038 852 1254 906 figebatur
1286 852 1331 893 in
1365 850 1605 906 parietibus

760 970 1002 982 &eemnose-OO

198 1052 218 1079 2
242 1047 389 1080 Quidam
406 1047 558 1079 scribunt
573 1045 800 1086 conjectus.—3
823 1046 1020 1087 ‘Suspicor‚
1042 1057 1133 1087 quam
1151 1046 1258 1078 Groeci
1284 1047 1386 1077 κῶλον
1409 1048 1541 1081 vocant;
1565 1053 1606 1076 ex

157 1101 224 1132 quo
239 1090 367 1122 factum
384 1090 551 1129 κολοφῶν.’
572 1091 642 1121 Jos.
660 1090 744 1122 Scal.
782 1090 928 1122 Quidam
945 1089 1021 1120 libri
1036 1088 1185 1129 περίοδον.

818 1185 959 1217 NOTAE

159 1249 250 1281 infra
265 1250 274 1267 ‘
291 1249 522 1281 Portumnus.’
569 1249 700 1281 Graecis
725 1250 857 1281 ‘Palae-

158 1299 258 1331 mon’
276 1299 414 1331 dicitur.
459 1299 494 1331 Is
510 1300 631 1331 clavim
644 1309 746 1331 manu
763 1305 859 1331 tene·

160 1351 232 1391 bat,
247 1350 337 1391 quod
355 1350 540 1382 notandum
556 1362 564 1382 :
582 1360 642 1392 per
658 1360 734 1382 eam
745 1355 859 1382 autem

157 1400 272 1431 clavim
287 1400 544 1441 significabatur
568 1405 604 1432 et
627 1400 802 1442 aperiendi
826 1406 862 1432 et

159 1451 342 1482 claudendi
377 1460 454 1482 esse
492 1454 703 1491 potestatem
733 1451 860 1482 datam.

161 1500 281 1541 anue
305 1500 426 1541 saepius
450 1510 517 1532 uon
542 1510 643 1532 manu
668 1500 863 1541 tenebatur,

165 1550 226 1581 sed
244 1560 287 1582 ex
303 1551 450 1582 humeris
473 1551 704 1592 dependebat,
718 1551 776 1593 qui
792 1560 864 1582 mos

163 1601 207 1632 ab
220 1602 347 1632 ultimis
361 1612 466 1643 usqne
479 1602 693 1643 temporibus
707 1607 866 1642 repeten-

162 1650 237 1682 dus.
264 1653 356 1683 Deus
370 1653 620 1694 enimloqnens,
637 1653 728 1693 apud
746 1652 867 1683 Isaiam

164 1711 194 1732 c.
209 1703 261 1732 22.
276 1712 323 1732 vs.
338 1705 392 1733 22.
407 1703 448 1733 de
460 1702 618 1742 Eliakim,
635 1702 694 1732 Καὶ
711 1701 798 1732 δώσω
809 1701 869 1738 τὴν

163 1750 255 1790 δόξαν
282 1752 378 1782 Δαυὶδ
415 1753 509 1793 αὐτῷ,
534 1752 585 1783 καὶ
614 1752 707 1792 ἄρξει,
735 1752 785 1783 καὶ
814 1752 869 1782 οὐκ

165 1800 256 1832 ἔσται
272 1803 288 1832 ὁ
304 1802 488 1841 ἀντιλέγων·
516 1803 567 1834 καὶ
592 1803 678 1834 δώσω
704 1803 788 1842 αὐτῷ
809 1802 869 1839 τὴν

166 1854 274 1883 κλεῖδα
298 1852 384 1884 οἴκου
399 1853 495 1884 Δαυὶδ
517 1853 566 1885 ἐπὶ
590 1854 639 1893 τῷ
664 1853 733 1892 ὤμῳ
762 1853 868 1883 αὐτοῦ·

166 1903 217 1935 καὶ
240 1902 364 1944 ἀνοίξει,
379 1903 431 1935 καὶ
453 1904 508 1935 οὐκ
534 1902 623 1934 ἔσται
644 1904 661 1934 ὁ
686 1901 870 1942 ἀποκλείων,

167 1953 219 1984 καὶ
241 1954 372 1995 κλείσει,
390 1954 441 1985 καὶ
462 1954 517 1986 οὐκ
541 1953 630 1985 ἔσται
653 1954 670 1984 ὃ
691 1952 832 1991 ἀνοίγων.
850 1952 870 1983 i.

165 2004 239 2035 ‘Et
269 2004 358 2035 dabo
388 2005 438 2035 illi
470 2004 612 2045 gloriam
642 2003 804 2041 Dav-mis,
834 2006 870 2033 et

168 2054 337 2094 regnabit,
354 2063 465 2095 neque
489 2055 554 2085 erit
578 2053 801 2084 adversarius.
825 2053 872 2083 Et

169 2104 258 2135 dabo
271 2105 319 2135 illi
336 2105 466 2136 clavem
479 2105 597 2136 domus
611 2103 755 2135 Davidis
770 2113 871 2144 super

168 2153 325 2185 humeros
339 2155 410 2194 ejus
426 2165 434 2186 :
460 2159 494 2186 et
517 2155 663 2195 aperiet,
679 2163 789 2194 neque
806 2154 873 2184 erit

170 2206 229 2247 qui
257 2205 406 2245 claudat,
430 2211 465 2237 et
493 2206 644 2245 claudet,
668 2214 779 2245 neque
807 2205 872 2234 erit

171 2255 229 2295 qui
246 2255 402 2295 aperiat)
448 2255 540 2286 Hinc
552 2256 661 2285 lucem
679 2254 773 2294 capit
790 2254 871 2284 illud

173 2304 371 2335 Callimachi
393 2305 508 2346 hymn.
527 2305 561 2336 in
585 2306 748 2336 Cererem
772 2313 873 2335 versu

173 2357 227 2386 45.
244 2355 287 2386 de
303 2356 429 2387 Cerere
445 2357 478 2387 in
492 2356 676 2396 Nicippam
691 2365 870 2386 conversa:

174 2404 268 2444 ’γέντο
293 2404 325 2436 δὲ
351 2406 433 2445 χειρὶ
462 2405 631 2445 Στέμματα
659 2405 709 2437 καὶ
736 2404 873 2445 hoinowa.

176 2455 373 2495 κατωμαδῖαν
390 2456 414 2487 δ’
431 2454 487 2495 ἔχε
516 2458 630 2487 κλαῖδα
648 2468 656 2487 :
688 2457 698 2473 ‘
714 2457 875 2497 cepitque

175 2516 278 2538 manu
304 2507 455 2538 Coronas
481 2511 516 2538 et
540 2515 701 2547 papaver,
717 2510 753 2536 et
774 2515 876 2546 super

175 2556 331 2588 humeros
346 2556 496 2588 habebat
518 2557 647 2588 clavem
662 2555 686 2587 ε’
709 2555 799 2596 quod
828 2556 877 2587 in-

178 2611 348 2647 terpretes
364 2607 430 2639 huc
447 2617 555 2648 usque
570 2607 683 2644 latuit,
699 2611 738 2638 ut
754 2607 876 2639 abhinc

174 2657 245 2696 jam
270 2662 414 2698 quatuor
435 2658 530 2689 annis
553 2657 644 2699 apud
659 2657 876 2689 Theocritum

180 2707 390 2740 notabamus.
412 2708 509 2739 Idem.

269 2761 383 2802 Delph.
398 2765 428 2794 el
448 2762 524 2794 Var.
541 2761 625 2793 Clas.

955 1248 970 1271 b
996 1249 1171 1280 claudiana
1187 1247 1346 1288 tonitrua]
1372 1245 1540 1278 Phaedrus
1556 1244 1615 1277 lib.

916 1310 952 1332 v.
975 1299 1046 1331 fab.
1073 1303 1104 1331 8.
1143 1298 1284 1330 ‘Aulaeo
1310 1298 1422 1337 misso,
1448 1295 1616 1328 devolutis

915 1351 1125 1390 tonitrubus,
1135 1350 1195 1382 Dii
1205 1354 1283 1381 sunt
1296 1348 1399 1380 locuti
1412 1356 1503 1379 more
1512 1350 1618 1377 trans-

915 1400 1051 1433 latino!
1075 1400 1175 1432 Idem.

959 1458 973 1473 ⁰
998 1452 1137 1493 Clavim]
1155 1450 1263 1482 Uxori
1280 1447 1421 1480 intranti
1438 1447 1542 1478 limen
1556 1445 1619 1476 viri

918 1503 1031 1534 claves
1048 1501 1283 1540 tradebantur,
1296 1509 1361 1531 non
1374 1503 1507 1530 tantum
1523 1500 1562 1528 ut
1579 1506 1620 1527 eo

919 1551 1119 1583 facilitatem
1147 1557 1265 1592 partus
1291 1548 1535 1590 significarent,
1561 1545 1622 1576 sed

921 1606 959 1632 ut
988 1602 1214 1633 ostenderent
1245 1600 1335 1630 viros
1366 1607 1509 1629 uxorum
1540 1595 1623 1626 fidei

920 1661 995 1683 sese
1028 1652 1255 1689 committere,
1291 1649 1469 1688 omniaque
1506 1655 1622 1676 earum

921 1701 1087 1734 custodiae
1117 1701 1288 1733 mandare.
1349 1697 1489 1729 Eaedem
1519 1695 1622 1726 etiam

922 1752 1034 1782 claves
1051 1751 1290 1782 adimebantur
1306 1747 1437 1779 mulieri
1453 1746 1624 1776 diverten-

924 1802 949 1834 ti
976 1806 1012 1833 et
1039 1801 1198 1839 exeunti3
1230 1799 1320 1831 uude
1345 1799 1379 1829 in
1404 1797 1471 1836 leg.
1488 1798 1537 1826 12.
1555 1794 1627 1825 tab.

920 1853 1055 1884 ‘claves
1072 1850 1235 1882 adimito.'
1282 1849 1408 1880 Mulier
1423 1847 1522 1877 etiam
1540 1853 1626 1875 nun-

924 1903 1007 1934 tium
1025 1902 1099 1933 viro
1123 1901 1315 1936 remittens,
1334 1899 1448 1930 claves
1473 1895 1626 1927 remitte-

922 1954 994 1985 bat.
1018 1952 1117 1984 Idem.

965 2002 981 2023 ἃ
1005 2001 1167 2041 Clausala]
1202 1998 1336 2032 Graec1s
1360 1999 1462 2029 κῶλον
1487 1995 1626 2037 proprie

924 2058 978 2085 est
1004 2062 1082 2093 pars
1110 2050 1272 2083 orationis
1298 2050 1386 2080 inter
1409 2048 1490 2078 duas
1520 2046 1626 2076 lineas

925 2102 973 2146 (-)
988 2102 1175 2134 constricta
1192 2100 1382 2132 absolutum
1400 2105 1532 2128 sensum
1550 2105 1628 2125 con-

925 2154 1060 2184 tinens:
1093 2151 1185 2183 unde
1208 2147 1441 2189 metaphorice
1472 2156 1533 2186 pro
1561 2144 1628 2175 fine

927 2204 1048 2244 passim
1066 2205 1262 2241 usurpatur.
1299 2199 1375 2231 Quo
1395 2206 1493 2227 sensu
1511 2195 1629 2226 Graeci

926 2254 1043 2284 dicunt
1060 2253 1245 2291 κολοφῶνα.)
1270 2250 1328 2280 sed
1344 2247 1472 2278 frustra
1485 2251 1536 2275 est
1548 2244 1628 2275 doc-

928 2303 1001 2334 tiss.
1023 2302 1175 2341 Scaliger
1203 2299 1259 2340 qui
1291 2297 1425 2337 putavit
1465 2305 1486 2326 a
1528 2296 1629 2325 κῶλον

928 2352 1057 2384 factum
1078 2351 1235 2390 κολοφῶν.
1281 2346 1386 2380 Quasi
1414 2353 1506 2382 vern,
1531 2349 1569 2375 nt
1586 2343 1629 2373 de

929 2405 1099 2445 scriptura
1125 2402 1206 2432 nihil
1231 2400 1354 2438 dicam,
1379 2395 1417 2428 τὸ
1440 2398 1543 2428 κῶλον
1567 2404 1629 2435 pro

930 2456 1128 2495 Colophone
1146 2452 1275 2492 uspiam
1299 2451 1444 2489 legatur.
1488 2447 1555 2478 Sed
1574 2445 1629 2476 adi

930 2507 1132 2538 Strabonem
1159 2504 1216 2545 qni
1245 2507 1279 2534 te
1306 2501 1455 2540 docebit,
1480 2498 1559 2540 quid
1585 2496 1630 2527 sit

931 2561 966 2588 et
982 2556 1072 2588 unde
1088 2556 1130 2585 sit
1155 2553 1323 2594 Colophon.
1367 2550 1457 2582 Vide
1484 2553 1520 2580 et
1541 2545 1631 2579 infra

932 2612 939 2625 ¹
953 2604 1151 2646 Colophon?
1174 2605 1281 2636 Idem.

973 2660 988 2675 e
1012 2656 1127 2686 Clavus
1141 2654 1276 2695 annalis]
1312 2651 1380 2685 Qui
1397 2649 1554 2682 notandis
1572 2658 1629 2679 an-

934 2714 1053 2736 norum
1091 2704 1238 2736 numeris
1272 2702 1455 2743 figebatur.
1516 2699 1629 2730 Livius

789 2761 900 2801 Pomp.
919 2759 1006 2791 Fest.
1515 2752 1544 2782 L
