1835 2906
214 155 270 196 46

670 167 817 198 SEXTI
844 168 946 198 v'POM
958 168 1053 198 PEII
1091 167 1225 198 FEST!

270 261 398 315 quasi
430 260 654 302 multorum
692 263 856 302 assium
889 262 1054 303 dictum
1085 265 1302 315 putarunt,
1336 263 1412 304 alii
1444 278 1558 314 eum,
1581 266 1655 319 qui

268 333 410 370 sumtu
432 328 608 382 proprio
629 328 878 377 militabat,'¹
913 330 968 370 ab
995 343 1095 370 asse
1114 329 1255 370 dando
1278 336 1479 372 vocatum
1501 332 1657 373 existi-

269 402 453 437 marunt.

211 461 450 517 Adsiperei
482 468 527 504 et
548 463 795 516 Praesipere
817 463 1019 505 dicebant
1040 464 1209 518 antiqui
1231 477 1256 505 a
1273 465 1485 518 sapiendo
1504 478 1515 504 z
1537 467 1653 508 sicut

266 545 346 572 nos
370 544 541 585 quoque
561 531 690 572 modo
715 531 901 572 dicimus
923 532 978 572 ab
1001 544 1129 584 aequo
1151 532 1360 585 iniquum,
1392 545 1418 573 a
1451 546 1652 586 quaeren—

267 599 340 647 do,
363 599 595 652 inquirere.

210 662 515 714 Adstassent,¹³
547 668 838 706 statuerunt.20

207 732 447 785 Adtegrare
461 738 472 756 ¹
489 730 496 754 ¹

813 853 929 864 ‘‘‘‘‘‘

553 738 634 781 est,
675 733 822 773 vinum
863 733 906 774 in
946 732 1176 774 sacrificiis
1212 746 1390 786 augere:
1435 733 1651 786 integrare

932 851 1049 865 eeeeee

250 931 291 960 20
317 929 515 970 Legendum
532 935 647 962 monet
664 930 751 962 Scal.
771 931 962 969 Adstassirzt,
987 931 1202 962 steterir1t.—l
1229 932 1307 964 Vid.
1326 933 1434 963 Notas
1450 932 1509 963 inf.

857 1037 996 1070 NOTAE

204 1115 270 1147 Ubi
286 1117 439 1155 assiduus,
455 1115 488 1147 id
507 1119 572 1154 est,
588 1116 733 1156 locuples,
759 1114 899 1156 opponi-

202 1172 258 1197 tur
281 1166 459 1206 proletario,
473 1166 529 1207 qui
554 1176 572 1197 e
590 1166 688 1206 plebe
706 1166 899 1197 tenuissima

203 1222 292 1255 erat,
318 1221 353 1247 et
377 1217 422 1247 nil
447 1222 574 1257 praeter
599 1217 725 1257 prolem
751 1215 896 1255 Reipub.

201 1266 396 1297 exhibebat.
456 1266 602 1297 Assiduo
633 1276 693 1306 pro
724 1266 896 1306 locuplete

201 1324 280 1346 usus
305 1321 356 1346 est
380 1316 481 1347 etiam
506 1316 618 1346 Plaut.
636 1315 785 1355 Amphit.
813 1324 837 1346 1.
865 1318 894 1346 l.

199 1367 208 1381 ‘
225 1365 424 1406 Noctesque
440 1365 581 1406 diesque
597 1365 729 1396 assiduo
746 1365 825 1396 satis
842 1375 896 1396 su-

200 1425 327 1456 perque
341 1420 406 1454 est,
425 1416 502 1448 Quo
515 1415 607 1446 facto
620 1420 677 1446 aut
694 1415 786 1446 dicto
799 1415 895 1446 adest

198 1474 282 1505 opus
299 1466 432 1506 quietus
449 1475 489 1495 ne
507 1464 578 1496 sis.’
602 1465 698 1496 Idem.

241 1513 255 1534 ¹¹
273 1515 336 1550 Qui
351 1518 454 1546 sumtu
473 1515 597 1555 proprio
614 1514 783 1555 militabat]
806 1514 895 1546 Quia

197 1574 296 1595 nemo
313 1565 377 1595 nisi
395 1565 544 1603 locuples
568 1564 645 1595 huic
680 1565 805 1594 sumtui
835 1573 894 1604 par

198 1623 272 1644 esse
291 1619 436 1654 poterat.
463 1614 589 1644 Verum
608 1619 644 1644 ut
662 1614 765 1644 libere
782 1613 892 1644 dicam

197 1664 284 1705 quod
296 1664 416 1700 sentio,
426 1663 578 1694 assiduus
590 1669 625 1694 et
638 1673 698 1703 pro
711 1664 895 1703 locuplete,

197 1718 232 1745 et
249 1724 309 1754 pro
326 1724 364 1744 eo
388 1714 445 1754 qui
469 1714 606 1753 proprio
628 1718 739 1744 sumtu
757 1713 892 1751 militat,

197 1763 238 1794 ab
253 1763 435 1794 adsidendo
449 1764 573 1794 dictus.
620 1763 787 1803 Locuples
804 1763 892 1793 enim

197 1815 365 1854 assiduus,
404 1815 493 1855 quod
527 1814 670 1854 Reipub.
705 1815 893 1854 adsidebat,

197 1865 331 1903 aderat,
359 1870 484 1904 praesto
511 1870 594 1895 erat.
640 1864 737 1895 Alter
753 1875 832 1895 vero
858 1866 889 1896 iu

194 1924 333 1945 munere
351 1924 409 1944 suo
426 1914 548 1944 multus
570 1918 656 1951 erat,
673 1915 801 1944 muneri
829 1925 891 1945 suo

195 1963 385 1999 adsidebat,
430 1968 521 1994 totus
560 1964 791 1999 incumbebat,
828 1966 890 1996 &c.

195 2014 279 2044 Cum
297 2015 398 2045 Festo
422 2018 533 2045 tamen
552 2014 683 2049 Cicero,
711 2015 889 2047 Quintilia-

195 2074 271 2103 nus,
286 2065 431 2102 Gellius,
443 2064 500 2094 sed
514 2065 569 2104 qui
583 2065 706 2104 saepins
720 2063 889 2096 manifesti

195 2115 316 2146 erroris
333 2115 367 2145 in
384 2115 505 2155 etymis
523 2114 686 2146 ducendis
704 2115 889 2156 deprehen-

194 2164 327 2196 duntur.
351 2165 449 2196 Idem.

233 2213 241 2233 ¹
257 2213 423 2253 Adsipere]
444 2213 484 2244 In
501 2213 582 2245 meis
598 2214 727 2245 Glossis
744 2215 885 2246 Isidori:

194 2262 203 2279 ‘
219 2262 385 2303 Consipit‚
408 2272 561 2303 saporem
585 2263 712 2295 habet.’
757 2265 890 2295 Tertul-

193 2312 301 2343 lianus
343 2313 386 2343 de
425 2312 608 2353 pudicitia:
643 2315 652 2331 ‘
671 2315 888 2345 Fermentum

194 2361 360 2392 modicum
388 2367 493 2392 totam
525 2363 648 2403 desipit
679 2365 888 2404 conspersio-

195 2410 300 2442 nem?
330 2412 440 2442 active
454 2413 573 2450 posuit.
595 2413 763 2444 .1⁰s.Scal.

236 2459 403 2501 Adsipere]
421 2461 507 2492 Vide
522 2462 553 2492 in
571 2467 578 2479 ‘
592 2462 771 2502 Insipere.'
797 2463 889 2494 Resi-

195 2519 276 2550 pere
293 2510 395 2540 etiam
411 2510 543 2541 videtui·
557 2513 748 2551 asapiendo
764 2514 888 2545 deduc·

196 2565 279 2597 tum,
289 2560 374 2599 quod
386 2559 567 2599 significat,
580 2562 745 2594 redolere.
768 2563 889 2594 Cicero

194 2609 254 2640 lib.
275 2618 314 2639 Π.
336 2609 378 2640 de
412 2610 492 2640 Nat.
516 2611 621 2641 Deor.
658 2613 666 2629 ‘
681 2614 889 2654 Minimeque

196 2660 359 2697 resipiens
384 2660 526 2698 patriam
540 2660 560 2691 ε’
591 2661 639 2691 ita
664 2663 751 2693 enim
775 2663 888 2702 legen-

197 2708 297 2746 duin;
315 2719 393 2748 non,
412 2716 449 2740 ut
467 2710 590 2741 liabent
607 2712 752 2752 vulgatae
767 2712 886 2743 editio-

954 1123 1024 1149 nes,
1038 1116 1216 1155 respiciens.
1261 1115 1356 1145 Idem
1372 1114 1526 1145 mendum
1544 1115 1649 1156 irrep·

953 1165 1044 1195 sitin
1062 1166 1162 1196 verbu
1179 1165 1355 1201 Varronis,
1375 1175 1448 1206 quae
1465 1170 1543 1196 sunt
1559 1167 1648 1206 apud

954 1213 994 1244 A.
1013 1214 1159 1246 Gellium
1176 1216 1234 1246 lib.
1253 1225 1309 1246 111.
1326 1225 1356 1246 c.
1373 1218 1405 1246 4.
1429 1215 1477 1246 sic
1492 1216 1578 1246 enim
1597 1221 1646 1247 to-

952 1269 1006 1295 tus
1018 1265 1178 1295 Varronis
1195 1266 1285 1296 locus
1302 1265 1477 1306 legendus.
1501 1269 1509 1283 ‘
1526 1265 1647 1306 Neque

951 1318 1062 1346 tamen
1085 1315 1220 1345 dubium
1244 1320 1308 1354 est,
1331 1316 1410 1356 quin
1427 1316 1502 1354 ista,
1518 1320 1553 1347 et
1570 1326 1645 1357 quae

951 1365 1078 1404 scripta
1095 1375 1113 1395 a
1126 1366 1251 1396 Plauto
1269 1375 1334 1396 non
1352 1365 1522 1404 videntur,
1537 1370 1572 1397 et
1588 1375 1645 1397 no-

950 1415 1030 1445 mini
1047 1415 1120 1455 ejus
1135 1415 1350 1453 addicuntur,
1364 1420 1514 1446 veterum
1530 1415 1646 1456 po'eta-

950 1474 1021 1495 rum
1040 1465 1179 1501 fuerint,
1197 1471 1232 1497 et
1256 1466 1296 1496 ab
1313 1476 1352 1497 eo
1370 1471 1571 1504 retractata,
1585 1476 1644 1498 ex-

950 1516 1121 1556 politaque
1137 1516 1215 1554 sint,
1229 1526 1267 1546 ac
1285 1520 1467 1556 propterea
1484 1517 1647 1556 resipiant

947 1565 1070 1605 stylum
1090 1565 1310 1596 Plautinum)
1348 1566 1417 1596 Pro
1434 1566 1595 1606 resipiant,
1610 1567 1644 1597 in

948 1616 1091 1655 vulgatis
1108 1621 1158 1646 est
1172 1616 1333 1656 recipiant.
1358 1617 1431 1647 Ful.
1446 1616 1601 1648 Ursinus.

987 1664 1154 1706 Adsipere]
1174 1666 1243 1696 Pro
1256 1666 1414 1705 adsapere,
1426 1675 1524 1696 verso
1538 1676 1555 1696 α
1572 1666 1602 1696 in
1617 1667 1639 1699 ἰ.

948 1714 1032 1745 utin
1051 1715 1246 1754 compositis
1264 1715 1362 1745 solet.
1404 1714 1460 1745 Sic
1479 1725 1497 1745 a
1514 1715 1645 1746 ‘taceo’

946 1764 955 1780 ‘
966 1763 1121 1794 conticeo
1135 1762 1156 1794 :⁹
1178 1774 1197 1794 a
1212 1763 1222 1779 ‘
1233 1773 1346 1804 quaero
1362 1762 1368 1773 '
1385 1765 1394 1781 ⁴
1407 1764 1564 1805 inquiro,'
1575 1766 1640 1795 διο.

946 1813 1030 1843 Inde
1043 1813 1153 1843 Gloss.
1164 1813 1284 1843 Isidor.
1296 1814 1305 1830 ‘
1318 1813 1642 1854 cousipit,saporem

944 1862 1068 1897 habet‚'
1086 1862 1142 1892 sed
1169 1864 1232 1893 ista
1254 1863 1363 1893 omnia
1387 1864 1466 1894 nihil
1487 1863 1527 1893 ad
1552 1863 1641 1895 hunc

946 1912 1038 1943 Festi
1051 1913 1171 1942 locum.
1198 1912 1255 1943 Ait
1270 1913 1402 1947 Festus,
1415 1914 1424 1930 ‘
1442 1918 1477 1944 ut
1490 1914 1531 1944 ab
1543 1923 1641 1954 aeqno

945 1961 1087 2001 iniquus,
1116 1961 1185 1999 sic,’
1211 1964 1274 1993 Sne.
1327 1962 1417 2000 Ergo
1448 1963 1640 2003 legendum,

944 2011 1095 2050 Adsipere
1117 2015 1147 2042 et
1166 2011 1330 2050 proesipere
1355 2012 1495 2043 dicebant
1517 2013 1641 2051 antiqui

942 2071 961 2091 a
977 2061 1132 2101 sapiendo,
1146 2062 1198 2099 &a
1221 2062 1299 2091 nihil
1317 2062 1451 2092 certius.
1498 2061 1639 2102 Antiqui

942 2111 1084 2149 adsipere
1095 2114 1128 2151 et
1136 2111 1302 2150 proesipere
1315 2110 1487 2151 dicebant,
1498 2111 1552 2142 ut‘
1560 2121 1639 2142 con-

943 2159 1080 2199 sipere?
1118 2160 1204 2190 Vide
1222 2161 1231 2178 ‘
1245 2161 1458 2200 con-siptum.y
1482 2161 1563 2192 Dae.

986 2208 1001 2230 ¹¹
1016 2209 1219 2249 Adstassenae]
1238 2210 1391 2250 Scaliger
1421 2212 1514 2251 legit,
1537 2214 1637 2242 astus-

942 2259 1017 2299 sint,
1032 2260 1186 2300 steterint.
1207 2259 1273 2290 Sed
1292 2260 1503 2291 retinendum
1519 2262 1639 2292 adstas-

942 2312 1024 2347 sent,
1046 2318 1109 2339 nec
1126 2309 1202 2339 ideo
1220 2309 1328 2340 minus
1347 2309 1551 2350 significabit
1574 2314 1636 2342 ste-

944 2359 1052 2399 terint,
1068 2369 1083 2390 e
1101 2369 1160 2399 pro
1177 2359 1199 2389 i.
1216 2360 1356 2399 Legitur
1371 2361 1556 2398 adstassent,
1577 2364 1638 2391 ste·

944 2410 1050 2442 ter-int.
1072 2410 1129 2440 Sic
1147 2419 1249 2450 supra
1264 2411 1273 2427 ‘
1288 2409 1426 2445 addues,
1443 2410 1636 2442 addideris!

945 2460 1044 2490 Idem.

986 2509 1197 2549 ¹Adtegrare]
1214 2511 1284 2549 Ego
1299 2510 1450 2540 mutilum
1461 2510 1570 2540 locum
1588 2510 1635 2541 sie

944 2559 1307 2600 supplendumjudico,
1324 2560 1503 2597 Adtegrare
1522 2560 1635 2596 vinum,

943 2613 975 2643 in
990 2612 1152 2652 sacrificiis
1167 2614 1212 2642 est
1230 2612 1299 2641 vino
1315 2610 1499 2650 sacrificium
1510 2619 1634 2647 augere.

944 2662 1108 2700 Integrare
1131 2661 1210 2691 enim
1233 2663 1277 2691 est
1302 2661 1478 2698 adtegrum,
1507 2659 1562 2689 hoc
1588 2664 1634 2690 est

942 2713 1041 2742 minus
1049 2711 1182 2748 sactum,
1199 2711 1232 2741 in
1245 2714 1359 2741 statum
1375 2709 1526 2746 redigere.
1565 2709 1631 2740 Ad-
