1835 2906
204 85 289 128 558
647 97 796 129 suxri
831 98 1033 129 POMPEll
1069 99 1205 131 FEs‘rt

205 192 383 244 Parere,
402 194 594 235 obedire.

205 261 395 303 Paribus
417 264 576 315 equis,g
595 261 640 303 id
661 266 740 314 est,
761 263 948 313 duobus,
966 262 1157 305 Romani
1175 266 1405 308 utebantur
1420 266 1464 308 in
1483 268 1650 322 praelio,

263 334 311 370 ut
327 330 509 371 sudante
530 331 666 372 altero
688 333 919 372 transirent
940 331 984 371 in
1005 333 1186 373 siccum.

206 398 356 439 Parioi
368 396 385 421 ¹¹
406 405 651 453 quaestores
668 399 1026 453 appellabantur,
1045 401 1122 454 qui
1143 401 1346 442 solebant
1362 403 1498 444 creari
1515 417 1654 446 causa

262 479 403 507 rerum
425 467 681 520 capitalium
702 467 1045 521 quaerendarum.
1107 468 1224 510 Nam
1242 470 1443 523 paricida
1463 484 1549 513 non
1569 473 1654 514 uti-

263 548 348 588 que
378 535 432 585 is,
454 535 530 590 qui
561 539 785 589 parentem
817 536 1071 586 occidisset,
1103 537 1341 588 dicebatur,
1362 539 1441 580 sed
1461 541 1654 594 qualem—

264 615 450 657 cumque
470 603 703 644 hominem.
763 603 817 644 Id
837 608 980 646 autem
998 609 1031 628 ¹2
1052 605 1189 647 fuisse
1211 606 1378 648 indicat
1397 607 1472 648 lex
1493 608 1655 650 Numae

265 670 476 725 Pompilii
498 672 634 725 Regis
661 671 729 712 his
765 673 1017 725 composita
1043 674 1223 715 verbis:
1267 675 1315 715 Si
1352 686 1469 724 QUls
1504 688 1658 718 HOMI-

266 750 370 780 NEM
405 751 632 781 LIBERUM
668 751 799 780 Dono
833 750 907 781 501
919 751 1006 782 ENS
1038 752 1197 783 MORTI
1242 753 1365 784 DUIT
1407 755 1654 786 PARIGIDA

266 811 438 848 ESTo.¹³

208 874 455 917 Parilibusi
486 875 704 918 Romulus
733 876 884 918 urbem
912 876 1124 927 condidit,
1156 890 1287 931 quem
1309 878 1428 920 diem
1474 878 1659 932 [PAUL-

264 943 427 985 festum
443 950 477 975 ¹4
503 945 732 999 praecipue
753 944 973 986 habebant
987 944 1206 998 juniores.

210 1010 427 1053 Parilibus
447 1014 599 1054 urbem
621 1012 815 1055 condidit
832 1011 1043 1053 Romulus
1059 1026 1174 1068 quem
1191 1012 1295 1054 diem
1302 1011 1462 1069 festum
1492 1012 1659 1067 [FEST.

260 1080 464 1134 praecipue
483 1081 704 1123 habebant
717 1080 923 1134 juniores.

209 1147 433 1189 Parmulis
449 1148 463 1170 ¹<
498 1162 691 1202 pugnare
711 1148 872 1189 milites
901 1147 1023 1188 soliti
1043 1152 1165 1190 sunt:
1211 1161 1394 1202 quarum
1413 1161 1539 1190 usum
1561 1160 1661 1190 sus-

268 1216 370 1257 tulit
391 1215 441 1257 C.
464 1215 650 1268 Marius,
673 1216 790 1264 datis
812 1216 856 1256 in
877 1215 1019 1257 vicem
1041 1229 1189 1258 earum
1214 1216 1476 1258 Bruttianis.

818 1334 1053 1347 eeeeeeeeeeee

256 1415 295 1444 12
320 1413 398 1445 Vet.
414 1412 472 1444 lib.
492 1412 803 1444 indemnatum—13
827 1412 915 1444 Vide
931 1412 1143 1445 Notas.——l—1
1166 1411 1231 1444 Ed.
1248 1411 1338 1444 Scal.
1356 1412 1429 1442 dum
1444 1410 1577 1449 festum.

867 1509 1008 1541 NOTAE

254 1591 268 1612 Β
293 1585 430 1616 Paribus
443 1585 544 1625 equis]
562 1586 669 1616 Pares
686 1585 846 1617 dicebant
864 1586 912 1617 bi-

212 1646 274 1668 nos
291 1641 326 1666 et
345 1634 489 1667 fratres:
524 1637 684 1677 Fropert.
706 1637 765 1667 lib.
789 1645 844 1667 111.
862 1637 913 1669 El.

211 1690 243 1718 7.
281 1687 510 1727 ‘Eiectosque
552 1696 649 1727 pares
681 1687 840 1728 sylvestri
869 1696 912 1718 ex

211 1737 317 1768 ubere
337 1736 458 1776 reges!
501 1737 557 1768 Sic
581 1742 701 1768 contra
715 1738 840 1775 fratres
863 1738 911 1768 di-

1010 1586 1120 1617 Parim·
1141 1583 1322 1626 quaestores]
1360 1582 1499 1621 Mirum,
1524 1591 1585 1613 cur
1611 1581 1667 1613 hic

967 1637 1060 1668 locus
1079 1637 1166 1667 viros
1184 1635 1336 1666 eruditos
1360 1638 1411 1664 tot
1435 1630 1543 1663 modis
1559 1636 1665 1662 torse-

967 1688 1024 1724 rit,
1041 1697 1116 1719 cum
1134 1696 1176 1717 ex
1191 1687 1255 1717 aiio
1272 1684 1424 1726 ejusdem
1441 1683 1531 1714 Festi
1547 1683 1622 1713 loco
1635 1682 1667 1713 ei

967 1738 1170 1770 medicinam
1187 1746 1310 1778 parare
1324 1736 1356 1766 in
1370 1739 1531 1776 promptu
1541 1732 1667 1764 fuerit:

211 1789 337 1820 cebant
353 1798 415 1829 pro
430 1788 518 1819 binis
535 1793 570 1820 et
586 1789 736 1830 paribus,
754 1788 913 1826 indesru-

211 1843 296 1871 trare
334 1849 517 1880 puerorum
554 1849 707 1870 mammae
739 1839 913 1878 dicuntur,

213 1890 303 1931 quod
338 1890 432 1921 velut
462 1889 585 1921 fratres
617 1899 714 1931 pares
749 1890 913 1921 oriuntur.

211 1941 309 1973 Idem.

254 1991 269 2012 ¹¹
292 1991 420 2031 Par-ici]
446 1991 697 2023 Pei-suaserunt
724 1990 789 2021 sibi
820 1990 912 2022 docti

213 2041 277 2072 viri
293 2042 425 2072 Paricos
442 2046 629 2083 quaestores
647 2041 770 2080 dictos,
785 2041 840 2082 qui
860 2050 912 2072 re-

213 2101 286 2122 rum
314 2092 510 2133 capitalium
538 2101 641 2123 causa
664 2091 769 2122 creati
784 2095 911 2123 essent.

213 2141 287 2172 Nos
305 2147 423 2173 contra
436 2142 525 2173 omni
541 2151 645 2182 opere
666 2141 913 2180 contendimus,

212 2200 278 2222 nou
312 2192 420 2223 Parici
458 2196 640 2233 quoestores,
678 2192 737 2222 sed
773 2192 915 2222 Paricidi

213 2246 379 2281 quaestores
390 2242 568 2283 legendum
582 2252 669 2273 esse.
695 2242 782 2273 Vide
796 2251 915 2273 vocem

212 2294 221 2308 ⁸
239 2292 460 2324 Quaestores.’
497 2292 552 2323 Ita
579 2293 683 2333 igitur
707 2292 915 2323 vocabantur

214 2343 410 2375 Quaestores
435 2353 546 2374 rerum
567 2343 774 2382 capitalium.
813 2342 914 2374 Clau-

214 2393 286 2423 sula
303 2403 395 2433 vero,
411 2402 587 2424 PARicmA
605 2402 702 2432 ESTO,
720 2393 752 2424 in
769 2393 860 2423 omni
878 2402 914 2423 rc

216 2443 355 2481 capitali
373 2444 571 2483 ponebatur.
605 2444 725 2474 Cicero
744 2452 784 2474 11.
801 2443 843 2473 de
868 2443 913 2474 le-

215 2490 282 2529 gib.
320 2493 328 2508 ‘
347 2494 499 2532 Sacrum,
529 2502 670 2523 sacrove
701 2492 912 2523 commenda-

214 2545 298 2580 tum,
313 2542 367 2582 qui
385 2543 557 2583 clepserit,
574 2544 733 2583 tapsitve,
754 2543 914 2574 Paricida

215 2595 290 2621 esto
306 2602 313 2621 :
328 2591 335 2603 '
375 2593 408 2623 id
443 2599 508 2633 est,
546 2594 673 2634 capital
712 2600 797 2626 esto.
842 2595 912 2625 Jos.

219 2640 305 2673 Scal.

965 1789 975 1805 ‘
1001 1787 1223 1826 Quaestores,'
1256 1786 1378 1826 inquit,
1420 1786 1429 1802 ‘
1453 1784 1669 1822 dicebantur,

968 1838 1057 1879 quod
1088 1842 1282 1879 quaererent
1307 1836 1350 1867 de
1384 1835 1483 1867 rebus
1513 1833 1668 1875 capitali-

969 1888 1044 1926 bus,
1061 1887 1162 1923 unde,
1179 1887 1237 1928 qui
1257 1886 1338 1918 talia
1355 1889 1513 1926 quaerunt
1525 1887 1668 1925 quaesto-

968 1948 1023 1969 res
1041 1937 1185 1979 paricidi
1202 1935 1443 1977 appellantur.’
1482 1935 1596 1967 Quare
1621 1934 1669 1963 vi·

971 1988 1028 2018 des
1051 1988 1105 2019 hic
1129 1987 1232 2018 etiam
1255 1985 1450 2025 legendum,
1473 1989 1512 2015 ut
1541 1983 1669 2024 optime

971 2038 1137 2078 Scaliger,
1153 2036 1297 2068 Paricicli
1309 2038 1485 2076 quaestores.
1507 2034 1597 2065 Dae.

1014 2087 1022 2109 ¹
1046 2086 1222 2126 Parilibus]
1245 2086 1300 2117 Ita
1325 2086 1488 2125 scriptum
1516 2083 1549 2115 in
1572 2082 1669 2114 fastis

972 2148 1012 2171 ιι.
1030 2129 1245 2169 Ka1.Maias.
1274 2135 1341 2166 Alii
1359 2134 1479 2166 Palilia
1495 2134 1672 2175 appeliant

971 2199 990 2220 a
1008 2188 1097 2219 Pale.
1120 2185 1269 2217 Vidend.
1291 2185 1399 2215 Varro
1423 2184 1480 2217 lib.
1503 2193 1537 2214 v.
1566 2183 1670 2215 Ovid.

969 2238 1029 2270 lib.
1059 2247 1108 2270 xv.
1136 2238 1269 2269 Fastor.
1307 2235 1397 2267 Vide
1421 2240 1429 2253 ‘
1448 2233 1570 2266 Pales-⁸
1594 2233 1672 2265 Ant.

970 2289 1055 2328 Aug.

1016 2337 1192 2378 Parilibus]
1210 2337 1371 2377 Propert.
1383 2335 1478 2375 Eleg.
1495 2337 1526 2365 1.
1538 2332 1598 2365 lib.
1618 2341 1671 2364 lv.

970 2395 978 2409 ¹
995 2390 1079 2422 Urbi
1099 2390 1220 2420 Festus
1236 2393 1324 2427 erat,
1340 2387 1458 2418 dixere
1475 2385 1597 2418 Palilia
1612 2394 1668 2425 pa-

971 2446 1053 2473 tres.
1081 2440 1147 2471 Hic
1163 2441 1268 2480 coepit
1281 2439 1408 2479 primus
1420 2435 1586 2468 moenibns
1597 2444 1670 2465 esse

970 2491 1066 2522 dies!
1098 2491 1193 2521 Idem
1213 2490 1302 2521 Plin.
1320 2488 1377 2519 lib.
1397 2496 1504 2518 xvnl.
1520 2495 1597 2525 cap.
1615 2487 1670 2515 26.

969 2543 1081 2573 Varro
1096 2541 1140 2572 de
1155 2541 1196 2573 R.
1216 2542 1255 2573 R.
1271 2540 1329 2571 lib·
1352 2548 1394 2571 ιι.
1418 2548 1494 2579 cap.
1516 2539 1547 2567 1.
1564 2535 1670 2567 etalii

975 2592 1085 2623 multi.
1106 2592 1186 2623 Dae.

1012 2641 1027 2663 k
1061 2642 1235 2683 Parmulis]
1285 2639 1373 2673 Vide
1419 2644 1426 2656 ‘
1455 2636 1670 2670 Bruttianae.'
