1835 2906
355 144 416 173 DE
450 141 723 172 VERBORUM

757 139 1169 170 SIGNIFICATIONE
1204 141 1298 170 Lm.
1332 142 1424 171 ΧΙῙ.

1540 131 1624 174 467

235 238 332 278 lus¹
375 238 419 277 in
457 236 691 277 Artemone
743 240 1009 290 unguentum,
1039 234 1147 289 quod
1186 234 1350 275 naribus
1385 235 1622 277 mulionum

235 308 434 346 nauteam
456 303 655 344 fecisset.

520 439 603 479 lem
626 441 755 491 atque
777 443 1007 477 aromatum
1029 434 1133 475 idem
1154 434 1394 477 curculione.

238 503 348 545 Num
370 505 469 546 odor
490 508 751 558 unguentum
769 504 946 544 omnium
964 517 1052 556 prae
1074 509 1142 542 tuo
1159 509 1306 542 nautea
1331 509 1387 542 est
1406 503 1449 542 in
1470 505 1620 546 casina.

236 571 294 613 Ei
306 587 390 627 pro
425 579 568 615 scorto
591 578 849 625 supponet-ur
871 570 1003 610 hircus
1025 575 1171 611 unctus
1194 575 1361 610 nautea.

1422 569 1559 612 Labeo
1578 574 1622 613 in

235 641 544 682 commentario
560 640 666 695 juris
682 637 882 693 pontificii
903 638 963 678 ait
984 644 1173 677 nauteam
1192 635 1392 677 rubidum
1414 638 1623 691 quiddam

236 722 325 754 esse,
348 723 424 763 quo
442 706 676 762 pontificum
699 707 932 746 vestimenta
954 705 1135 760 quonlam
1157 706 1367 746 colorant.

181 775 446 817 Nautiorum
470 776 638 815 familia
658 781 673 804 Ρ
697 788 723 815 a
750 774 957 827 Trojanis
989 773 1148 814 dicitur
1184 773 1383 814 oriunda.

1443 773 1623 826 [PAUL.

180 842 467 885 Nautiorumq
487 841 647 884 familia
670 858 694 882 α
717 841 904 896 Trojuuis
921 841 1094 881 oriunda
1109 847 1192 881 est:
1222 838 1431 894 Numfuit
1461 841 1622 895 [FEST.

785 950 901 962 tttttt

906 950 1022 962 eeeeee

223 1029 237 1056 1
266 1026 328 1058 Ed.
344 1025 433 1059 Scai.
449 1026 458 1043 ‘
476 1027 565 1058 inter
579 1027 686 1058 media
700 1027 835 1068 antiquis
850 1031 1003 1060 consueta.
1042 1026 1193 1058 Paulus!

834 1127 974 1158 NOTAE

222 1193 238 1213 ἱ.)
256 1189 445 1220 Nautiorum
458 1190 603 1231 familia]
620 1191 649 1222 A
667 1192 779 1223 Naute
794 1192 876 1223 Tro-

172 1242 268 1281 jano,
285 1243 342 1282 qui
360 1243 496 1274 AEneam
512 1248 646 1274 secutus
662 1249 724 1275 est.
760 1243 877 1283 Virgil.

178 1292 185 1307 ‘
205 1291 252 1321 At
268 1292 377 1321 senior
393 1292 544 1323 Nautes!
568 1294 665 1324 Idem.

222 1341 427 1381 Nautiorum]
470 1344 581 1374 Multo
621 1344 717 1384 plura
755 1344 877 1374 Festus

179 1392 375 1432 scripserat,
390 1403 488 1434 quam
500 1394 627 1425 Paulus
643 1395 782 1425 referat.
805 1395 875 1425 Ini-

179 1442 227 1473 tio
244 1442 286 1473 de
303 1443 459 1475 Palladio
475 1455 494 1475 a
511 1445 627 1476 Naute
645 1445 758 1476 AEneae
786 1445 877 1476 socio

179 1498 393 1532 conservato,
409 1504 427 1524 a
450 1505 516 1535 quo
537 1496 654 1526 Nautii
679 1495 762 1526 dicti
787 1499 876 1526 sunt.

179 1543 276 1574 Idem
304 1543 443 1584 Dionys.
466 1545 584 1576 scribit
607 1545 664 1575 lib.
681 1554 731 1575 vr.
753 1550 787 1575 et
801 1545 878 1575 Ser-

180 1594 319 1624 viuslib.
333 1604 388 1625 ιιι.
402 1601 436 1626 et
448 1596 567 1626 v.]En.
592 1595 746 1625 Historia
760 1598 879 1635 postea

180 1648 337 1675 narratur
352 1644 431 1675 mihi
458 1645 630 1685 incognita
646 1644 688 1676 de
714 1644 803 1676 bello
820 1644 876 1675 ad-

181 1702 294 1724 versus
313 1694 467 1725 Bruttios
483 1699 579 1734 gesto
597 1699 674 1734 post
693 1694 820 1725 caedem
839 1695 879 1726 L.

182 1742 311 1774 Caecilii
331 1754 338 1773 :
375 1744 418 1774 de
442 1744 562 1784 quibus
586 1743 727 1775 fortasse
758 1745 877 1776 Florus

181 1792 241 1824 lib.
268 1802 335 1825 xn.
401 1794 481 1825 Fuit
510 1794 638 1826 eisdem
669 1795 877 1835 temporibus

182 1843 285 1874 Cons.
314 1844 374 1883 Sp.
404 1844 562 1876 Nautius.
618 1845 670 1876 De
701 1855 766 1886 quo
796 1845 878 1876 nihil

181 1894 385 1935 accepimus,
402 1895 491 1936 quod
507 1895 548 1926 ad
564 1895 663 1936 hujus
688 1896 754 1926 loci
776 1895 877 1927 inter-

183 1944 408 1983 pretationem
427 1946 608 1985 pertineat.
633 1945 712 1977 Ant.
728 1946 813 1985 Aug.

225 2000 239 2019 ⁴³
274 1995 477 2035 Nautiorum]
521 1996 693 2027 Primores
731 1997 879 2038 quinque

184 2045 340 2076 versiculi
367 2055 443 2076 cum
470 2046 598 2077 duobus
624 2047 785 2077 extremis
809 2057 880 2078 cer-

183 2093 347 2126 tissimum
368 2100 421 2126 est
448 2096 490 2126 ad
517 2096 717 2127 Nautiorum
743 2102 881 2137 gentem

186 2146 368 2183 pertinere.
414 2145 531 2177 Media
552 2146 732 2187 interjecta
749 2152 784 2178 ut
801 2157 879 2179 con-

185 2200 253 2226 stat
284 2196 392 2226 auena
422 2196 483 2226 hoc
507 2196 581 2228 loco
616 2206 702 2237 esse,
735 2198 783 2228 ita
815 2208 880 2239 quo

185 2246 392 2285 pertineant,
429 2244 593 2277 affirmare
631 2257 697 2278 non
736 2257 880 2288 possum.

185 2296 369 2336 Scripsisse
386 2296 519 2327 videtur
531 2298 671 2328 Festus:
693 2298 883 2329 Nautiorum

180 2345 308 2383 familia
336 2355 355 2375 a
386 2345 527 2382 Trojanis
557 2347 686 2377 oriunda
715 2351 780 2378 est:
810 2348 884 2387 quia

188 2397 310 2426 Nautes
325 2405 427 2426 eorum
440 2395 593 2435 princeps,
609 2397 662 2436 qui
677 2406 777 2427 secum
792 2399 886 2428 simu-

187 2447 304 2476 lacrum
327 2454 444 2475 oeneum
465 2445 618 2475 Minervae
640 2446 786 2477 abstulit:
807 2448 885 2479 unde

188 2497 217 2526 ei
237 2505 325 2526 sacra
348 2504 511 2534 procurare
533 2496 617 2526 soliti
639 2500 727 2526 eraut
754 2496 885 2528 Nuntii:

189 2555 281 2585 quare
297 2545 367 2576 Dea
382 2545 438 2575 huc
458 2545 621 2575 vocabatur
635 2546 672 2575 de
688 2555 779 2575 cuasa
798 2546 885 2576 Nau·

190 2597 247 2627 tia.
292 2596 357 2627 Aut
373 2597 472 2635 igitur
486 2606 504 2626 α
517 2596 598 2635 Dea,
613 2599 666 2626 auc
682 2596 752 2626 iude
768 2607 785 2626 α
799 2597 885 2635 prin-

189 2635 255 2684 cipe
282 2655 336 2677 suo
360 2645 486 2683 familia
515 2646 666 2686 appellata
695 2650 750 2678 est.
784 2646 887 2678 Sacra

931 1192 1096 1222 Minervae
1114 1200 1177 1222 non
1195 1191 1236 1222 ad
1261 1195 1395 1232 gentem
1411 1192 1536 1225 Juliam
1553 1203 1629 1234 per·

931 1241 1082 1280 tinuisse,
1097 1251 1170 1282 quae
1185 1242 1227 1272 ab
1242 1243 1348 1273 AEnea
1361 1242 1554 1280 deducitur,
1568 1244 1628 1274 sed

931 1291 972 1321 ad
992 1292 1162 1328 Nautiam,
1185 1302 1259 1333 quae
1286 1303 1304 1324 a
1330 1294 1458 1334 Naute,
1484 1295 1540 1336 qni
1563 1294 1629 1326 fuit

930 1341 1040 1372 socius
1074 1341 1197 1378 AEneae,
1226 1343 1322 1373 testis
1346 1343 1496 1375 Servius.
1541 1344 1628 1375 Inde

931 1392 1085 1431 suspicor
1102 1401 1119 1421 a
1136 1392 1237 1422 Festo
1255 1393 1408 1433 relatum,
1434 1393 1540 1423 Deam
1558 1393 1627 1425 dic-

932 1446 998 1472 tam
1026 1450 1099 1472 esse
1128 1442 1300 1472 Nautiam.
1345 1444 1546 1483 Quanquam
1564 1453 1630 1474 non

930 1491 1029 1522 video
1056 1501 1159 1532 quare
1184 1493 1305 1523 Festus
1330 1491 1490 1524 familiam
1515 1494 1629 1533 potius

931 1541 1066 1581 dixerit,
1083 1551 1181 1582 quam
1207 1547 1361 1581 gentem:
1387 1547 1440 1574 est
1456 1543 1544 1573 enim
1562 1553 1629 1574 ma-

932 1590 1056 1622 nifesta
1071 1591 1274 1632 κατάχρησις.
1297 1593 1367 1623 Jos.
1384 1592 1470 1624 Scul.

977 1642 1179 1682 Nautiorum]
1203 1643 1254 1674 De
1279 1643 1408 1682 Naute,
1436 1643 1492 1684 qui
1521 1642 1629 1673 Pana-

934 1691 1027 1722 (lium
1064 1693 1204 1722 Romam
1243 1692 1379 1731 detulit,
1411 1692 1549 1723 Servius
1587 1692 1629 1722 ad

934 1743 1016 1774 inud
1041 1752 1072 1773 v.
1096 1742 1228 1774 AEneid.
1261 1744 1270 1761 ‘
1286 1744 1369 1774 Tum
1397 1743 1508 1774 senior
1538 1743 1630 1774 Nau-

933 1797 997 1830 tes,
1014 1803 1115 1824 unum
1130 1793 1281 1824 Tritonia
1296 1793 1409 1824 Pallas
1437 1793 1547 1825 Quem
1573 1793 1631 1823 do-

933 1843 1029 1875 cuit.’
1075 1845 1083 1860 ‘
1102 1844 1202 1876 Quod
1230 1847 1342 1874 autem
1370 1842 1467 1882 dicit,
1489 1844 1498 1860 ‘
1517 1843 1631 1874 Pallas

933 1904 1031 1935 quem
1048 1894 1188 1933 docnit,'
1215 1897 1353 1934 propter
1374 1893 1455 1925 iilud
1473 1893 1562 1934 quod
1579 1903 1631 1924 su-

935 1954 996 1986 pra
1022 1945 1167 1975 diximus
1191 1943 1339 1984 fingitur,
1362 1944 1440 1985 quia
1467 1944 1539 1983 ipse
1565 1944 1631 1975 Ro-

934 2004 1019 2026 mam
1051 1994 1239 2025 Palladium
1266 1994 1401 2031 detulit,
1426 1994 1514 2024 unde
1540 1993 1634 2024 Nau-

935 2046 1058 2077 tiorum
1075 2045 1200 2075 familia
1215 2045 1381 2076 Minervae
1396 2054 1492 2075 sacra
1508 2044 1633 2074 retine-

934 2096 1005 2135 bat,
1021 2095 1106 2137 quod
1124 2096 1223 2126 etiam
1240 2096 1350 2126 Varro
1372 2095 1473 2126 docet
1490 2096 1523 2125 in
1540 2094 1634 2124 libris

937 2155 1019 2186 quos
1051 2145 1093 2175 de
1122 2144 1257 2176 familiis
1287 2145 1447 2185 'l'rojanis
1475 2144 1634 2184 scripsit.’

936 2195 1088 2226 Historia
1103 2195 1145 2226 de
1163 2196 1288 2234 Naute,
1303 2195 1459 2233 Bruttiis,
1474 2195 1636 2225 Messana

937 2246 1034 2277 etQ.
1054 2245 1191 2276 Caeciiio
1214 2245 1369 2283 Metello,
1396 2244 1473 2275 mihi
1498 2244 1635 2284 quidem

937 2295 1088 2326 inaudita
1105 2299 1168 2326 est.
1213 2296 1290 2326 Scio
1315 2299 1445 2326 tantum
1473 2304 1574 2326 unum
1592 2295 1636 2327 Q.

938 2346 1112 2376 Caecilium
1146 2345 1326 2375 Metellum
1364 2344 1522 2379 occisum,
1559 2354 1636 2376 cum

940 2400 1059 2425 contra
1087 2395 1253 2432 Bruttios,
1282 2394 1448 2432 Lucanos,
1478 2398 1513 2424 et
1545 2394 1637 2434 aiios,

941 2445 996 2486 qui
1023 2445 1177 2475 Aretinm
1205 2443 1420 2483 obsidebant,
1443 2444 1559 2474 missus
1584 2453 1636 2475 es-

940 2499 1002 2525 set.
1027 2495 1107 2526 Dae.

995 2544 1199 2584 Nautiorum]
1246 2543 1331 2575 Haee
1376 2553 1451 2585 qnae
1494 2549 1638 2585 sequun-

940 2600 1007 2633 tur,
1037 2605 1104 2636 quo
1137 2594 1342 2635 pertineant,
1379 2599 1417 2625 ut
1448 2594 1519 2634 jam
1554 2594 1636 2629 dixi,

941 2646 1066 2678 nescio.
1112 2646 1197 2676 Sunt
1223 2649 1334 2676 autem
1359 2644 1465 2676 ferme
1488 2643 1635 2675 adhunc
