1835 2906
348 186 410 215 DE
447 183 713 215 VERBORUM

748 181 1152 213 SIGNIFICATIONE
1189 183 1280 214 Llss.
1314 185 1384 214 111.

1514 174 1591 215 131

153 280 313 322 Calimh
337 280 502 333 antiqui
524 280 729 321 dicebant
750 289 828 331 pro
846 275 983 327 clam3
1003 280 1052 316 ut
1074 275 1155 316 nisi
1176 290 1255 330 pro
1276 277 1435 331 nobis;
1463 290 1557 319 sam
1576 278 1588 298 k

206 361 287 402 pro
310 361 460 400 suam;
492 346 575 389 im¹
607 360 687 401 pro
712 358 828 387 eum.

149 416 347 469 Caliptra
361 420 387 437 ¹¹¹
407 428 542 468 genus
562 414 825 465 vestimenti,
847 427 934 466 quo
953 413 1102 467 capita
1119 412 1390 466 operiebant.

149 482 317 533 Calix‚¹¹
339 482 458 536 quod
481 483 525 522 in
546 495 599 523 eo
621 481 810 523 calidum
832 481 1017 523 bibitur:
1049 480 1121 521 vel
1143 494 1169 521 a
1187 480 1345 521 Graeco
1367 479 1510 531 κῖλλιξ.

148 549 376 600 Calones,0
411 550 554 591 calcei
591 562 647 590 ex
681 550 796 602 ligno
833 548 953 590 sacti.

1014 549 1206 590 Calones
1239 549 1428 589 militum
1462 550 1593 598 servi,

202 618 319 668 dicti,
353 618 457 671 quia
475 617 644 669 ligneas
665 617 817 657 clavas
839 619 1057 670 gerebant,
1081 630 1180 670 quae
1203 616 1351 657 Graeci
1371 615 1501 656 κάλλει
1519 630 1594 657 vo—

203 691 319 727 cant.

204 753 404 806 pellatur.

378 685 426 726 Is
448 697 624 739 quoque
647 685 724 738 qui
743 684 996 738 hujusmodi
1019 685 1105 725 telo
1125 684 1274 734 utitur,
1296 684 1495 725 clavator
1517 697 1594 738 ap-

148 821 347 874 Calparp
382 820 531 862 vinum
565 833 743 871 novum,
778 819 896 875 quod
935 833 990 860 ex
1025 820 1148 861 dolio
1174 819 1359 860 demitur
1390 817 1596 859 sacrificii

205 901 354 937 causa,
390 892 626 942 antequam
660 893 869 942 gustetur.
928 887 1034 929 Jovi
1068 888 1183 929 enim
1213 888 1336 947 prius
1372 899 1455 928 sua
1495 888 1596 928 vina

203 954 420 1005 libabant,
442 969 541 1008 quae
564 955 852 1010 appellabant
882 955 999 996 festa
1027 956 1206 997 vinalia.

207 1021 329 1063 vasis
350 1021 513 1063 fictilis.

1265 954 1426 1008 Calpar
1458 967 1595 1006 genus

786 1144 928 1176 NOTAE

148 1239 220 1261 cam
237 1229 480 1262 calet-andam!
524 1230 564 1261 Id
583 1235 648 1270 est,
669 1230 763 1262 calce
783 1230 845 1260 1111-

149 1281 321 1312 nendam:
353 1281 396 1311 de
426 1281 572 1313 tectorio
602 1291 718 1322 opere.
763 1281 846 1312 Tec-

149 1330 229 1361 torii
253 1331 341 1362 enim
369 1332 481 1372 operis
503 1332 675 1373 proprium
702 1331 847 1363 ‘linere’

148 1384 185 1411 et
210 1380 365 1422 ‘polire,'
396 1386 433 1413 ut
468 1381 635 1413 ‘albarii’
674 1382 848 1413 dealbare.

147 1430 237 1462 Illud
259 1431 366 1463 fiebat
388 1437 529 1463 arenata
553 1433 660 1472 calce,
685 1433 739 1464 vel
763 1442 848 1463 niar-

148 1487 299 1521 morato;
324 1483 412 1513 istud
431 1483 525 1514 calce
542 1482 644 1520 nuda,
666 1482 699 1513 id
717 1487 779 1521 est,
795 1481 849 1513 cui

147 1532 240 1563 nulla
258 1542 361 1564 arena
377 1533 540 1565 admixta.
586 1532 673 1564 Inde
689 1533 721 1564 in
741 1532 849 1564 veteri

148 1581 394 1624 inscriptione:
420 1583 429 1600 ‘
444 1585 580 1625 Eosque
598 1583 748 1624 parietes
764 1593 851 1614 mar·

148 1632 312 1675 ginesque
329 1643 456 1675 omnes,
478 1645 554 1675 quae
578 1634 639 1665 lita
663 1644 728 1665 non
751 1638 853 1665 eruut

148 1683 244 1714 calce
261 1684 437 1724 harenata,
458 1685 518 1715 lito
545 1684 719 1725 politoque
736 1688 771 1715 et
786 1685 851 1714 cal-

150 1742 190 1764 ce
214 1735 306 1765 nuda
321 1734 504 1766 dealbato!
526 1735 607 1765 Dac-

193 1781 207 1802 ¹¹
233 1783 350 1823 Galim]
375 1784 460 1814 Inde
485 1783 601 1814 Latini
625 1782 739 1813 fecere
762 1783 852 1813 clam.

150 1832 229 1863 Non
240 1842 259 1863 3
272 1833 437 1869 clavibus,
455 1839 493 1864 ut
506 1832 595 1864 infra
607 1834 741 1864 Festus.
755 1833 854 1864 Idem.

193 1882 201 1903 i
226 1882 304 1922 Nis]
330 1883 850 1915 FortasseaGraecovcz'thdem.

194 1931 209 1952 k
232 1932 322 1972 Sam]
348 1932 375 1963 A
398 1933 524 1964 Dorico
549 1931 587 1964 ἂν
608 1943 668 1974 pro
691 1933 740 1970 ἥν.
765 1932 851 1964 Vide

152 1984 161 2000 ‘
180 1983 257 2014 sos.’
273 1983 371 2014 Idem.

193 2032 201 2053 ¹
227 2033 294 2074 Im]
320 2032 350 2064 A
367 2033 492 2065 Graeco
509 2032 567 2064 νίν.
590 2033 689 2065 Idem.

193 2088 217 2105 ¹¹¹
244 2085 403 2126 Caliptra]
438 2087 520 2126 Leg.
548 2086 710 2126 Calyptra.
732 2084 852 2117 καλύπ-

151 2149 222 2177 τρα,
245 2137 386 2177 κεφαλῆς
403 2137 601 2176 καλύμματα.
627 2137 782 2177 Hesych.
811 2137 851 2168 Id

153 2191 218 2227 est,
241 2189 250 2205 ⁴
267 2188 443 2229 Calyptra‚
466 2188 590 2229 capitis
617 2187 853 2229 operimenta.'

154 2237 254 2269 Idem.

196 2293 211 2309 ¹¹
237 2289 349 2328 Calix]
375 2289 403 2320 A
422 2290 547 2322 Graeco
564 2289 679 2330 κίλλιξ,
697 2290 786 2332 quod
801 2301 854 2322 ur-

157 2348 234 2370 nam
258 2339 441 2380 significat,
458 2342 513 2372 vel
537 2352 556 2372 a
579 2342 689 2376 caldo,
707 2342 769 2373 1100
793 2346 855 2382 est,

156 2391 278 2426 calido,
297 2392 386 2432 quod
410 2396 445 2423 et
470 2394 575 2424 sentit
592 2394 701 2425 Varro
724 2394 785 2426 lib.
805 2404 856 2426 1v.

155 2441 198 2473 de
219 2443 256 2473 L.
273 2442 311 2473 L.
335 2446 344 2459 ‘
362 2442 459 2473 Calix
485 2453 503 2473 a
526 2443 634 2483 caldo,
652 2443 739 2483 quod
765 2444 797 2474 in
815 2454 855 2475 eo

157 2492 254 2523 calda
267 2493 341 2533 puls
358 2492 606 2533 apponebatur,
620 2493 702 2524 etin
719 2503 759 2524 eo
776 2495 856 2525 cali-

155 2541 236 2573 dum
251 2541 439 2574 bibebant!
483 2543 550 2573 Sed
570 2542 676 2583 magis
694 2543 808 2583 placet
828 2544 855 2575 si

159 2601 179 2622 a
194 2592 316 2623 Graeco
334 2594 432 2631 κύλιξ.
458 2593 557 2624 Idem.

200 2648 214 2663 ⁰
240 2643 386 2683 Calones]
409 2644 525 2674 Calcei
546 2654 588 2674 ex
611 2643 716 2684 ligno.
761 2643 855 2674 Nihil

157 2693 227 2724 tale
245 2703 387 2735 usquam
403 2693 502 2725 hodie
516 2694 652 2734 legitur.
698 2693 738 2724 Id
756 2694 783 2723 si
800 2702 856 2723 ve-

158 2752 232 2775 rum
256 2743 312 2785 sit,
333 2745 475 2776 Calones
492 2754 511 2775 a
534 2744 642 2779 κᾶλον,
668 2743 721 2774 vel
738 2742 856 2773 Latino

900 1231 976 1265 cala,
994 1230 1134 1270 lignum.
1159 1229 1225 1262 Sed
1242 1230 1385 1261 multum
1400 1239 1435 1260 se
1448 1234 1600 1260 metuere

902 1281 984 1311 dicit
1001 1280 1138 1311 doctiss.
1156 1281 1363 1319 Vossius‚ne
1380 1280 1504 1311 Paulus
1522 1289 1600 1311 con-

902 1331 1032 1362 fuderit
1048 1332 1179 1363 Calones
1191 1341 1266 1363 cum
1277 1330 1452 1371 calopediz's,
1464 1339 1538 1371 quae
1555 1339 1603 1360 ca-

902 1383 1022 1423 lopedia
1035 1387 1113 1413 sunt
1126 1383 1230 1423 pedes
1242 1381 1343 1422 lignei
1355 1381 1489 1419 :formas
1504 1385 1601 1411 vocat

906 1433 1030 1464 Horat.
1046 1436 1081 1463 et
1098 1432 1145 1463 ita
1161 1442 1221 1463 nos
1238 1432 1350 1472 vulgo.
1368 1431 1466 1462 Idem.

951 1482 1095 1523 Calones]
1152 1482 1376 1514 Scribendum
1414 1479 1605 1521 περισπωμέα

905 1544 973 1574 νως,
997 1534 1102 1564 nana:
1134 1537 1171 1564 ut
1203 1531 1345 1570 κάγκανα
1374 1532 1467 1562 κᾶλα.
1506 1531 1605 1561 Glos-

905 1584 1029 1614 sarium
1046 1594 1054 1615 :
1080 1587 1088 1601 ‘
1107 1584 1203 1622 Calo,
1219 1584 1329 1614 δοῦλος
1349 1580 1516 1620 δημόσιος.’
1540 1580 1603 1611 Isi·

907 1634 1026 1665 dorus:
1052 1636 1061 1651 ‘
1080 1634 1235 1669 Calones,
1260 1633 1413 1665 Galearii
1435 1630 1605 1663 militum.'

906 1685 976 1715 Jos.
993 1685 1075 1715 Scal.

953 1735 1098 1775 Calones]
1124 1734 1243 1766 Scribe
1274 1732 1375 1772 infra,
1401 1744 1470 1774 quae
1500 1732 1606 1764 Groecz‘

903 1786 988 1817 κὲὶλα
1007 1789 1129 1817 vocant.
1175 1785 1320 1816 Calones
1344 1784 1444 1820 servi,
1461 1784 1516 1825 qui
1538 1784 1605 1814 cla-

905 1846 962 1866 vas
992 1835 1117 1875 ligneas
1142 1834 1319 1876 gerebant,
1345 1834 1438 1874 ligna
1468 1832 1607 1873 collige-

904 1885 999 1921 bant,
1012 1895 1051 1916 ac
1059 1884 1136 1916 foco
1148 1884 1465 1923 subministrabant,
1476 1894 1494 1914 a
1509 1883 1606 1914 Grae-

905 1946 945 1967 co
962 1937 1070 1971 κᾶλον,
1087 1935 1220 1974 lignum,
1235 1935 1299 1970 vel,
1317 1940 1354 1965 ut
1370 1935 1441 1965 vult
1456 1933 1606 1969 Servius,

906 1996 925 2017 a
940 1986 1060 2017 Latino
1083 1986 1162 2016 cala.
1209 1985 1306 2016 Calas
1330 1985 1420 2015 enim
1445 1984 1608 2016 dicebant

905 2037 1052 2076 majores
1082 2035 1189 2066 nostri
1227 2034 1349 2076 fustes,
1380 2043 1462 2076 quos
1493 2039 1609 2074 porta-

907 2086 990 2116 bant
1007 2086 1093 2116 servi
1110 2090 1290 2126 sequentes
1303 2084 1454 2115 dominos
1465 2083 1507 2115 ad
1520 2092 1607 2124 prae-

908 2137 1010 2168 lium:
1036 2146 1152 2167 verum
1170 2145 1235 2167 non
1257 2140 1387 2166 tantum
1405 2133 1510 2165 fustes
1526 2134 1609 2164 calcis

908 2187 1085 2228 dicebant,
1111 2187 1169 2217 sed
1201 2191 1236 2217 et
1261 2185 1377 2227 quavis
1409 2185 1476 2215 alia
1503 2184 1607 2223 ligna.

909 2238 1008 2269 Unde
1032 2238 1196 2269 Lucilius:
1223 2238 1232 2254 ‘
1250 2235 1373 2267 Scinde
1398 2245 1483 2275 puer
1499 2235 1608 2266 calam

908 2293 946 2319 ut
963 2287 1098 2319 caleas.’
1144 2287 1217 2318 Etsi
1236 2287 1280 2317 ibi
1297 2286 1394 2317 calam
1410 2289 1541 2316 vectem
1560 2284 1609 2315 in-

909 2343 1119 2379 terpretatur
1156 2336 1322 2377 Scaliger.
1366 2335 1434 2366 Sed
1470 2334 1513 2366 de
1545 2334 1608 2365 1100

910 2390 1002 2420 alias.
1032 2389 1114 2420 Dae.

952 2446 968 2466 ι)
1006 2438 1136 2479 Calpur]
1176 2437 1405 2469 Glossarium:
1447 2440 1455 2454 ‘
1479 2436 1610 2472 Calcar,

910 2489 1008 2521 θυσίαι
1022 2489 1171 2528 ἀπαρχῶν
1185 2488 1290 2518 οἵνου.’
1310 2485 1413 2518 Vides
1430 2486 1610 2526 legendum

910 2552 996 2582 esse,
1012 2546 1048 2571 nt
1070 2541 1138 2578 hic,
1156 2541 1281 2580 Calpur.
1325 2538 1427 2578 Item,
1445 2538 1453 2555 ‘
1472 2538 1611 2577 Calpar,

910 2590 988 2623 οἶνος
1019 2591 1050 2621 ἐν
1076 2589 1187 2631 θυσίᾳ.’
1231 2589 1320 2620 Vide
1348 2588 1548 2622 Arnobium,
1575 2592 1611 2617 et

912 2641 1142 2681 Conjectanea
1166 2643 1296 2670 nostra.
1341 2639 1498 2669 Graecum
1523 2642 1573 2668 est
1592 2646 1612 2666 a

910 2691 1027 2728 κάλπη,
1052 2696 1088 2721 ut
1112 2690 1154 2721 ab
1169 2689 1264 2725 Aula,
1280 2690 1377 2720 aular.
1423 2689 1510 2720 Nam
1537 2688 1611 2718 Cal-

913 2752 974 2783 par
997 2751 1063 2772 non
1089 2741 1199 2772 vinum
1225 2741 1363 2781 proprie
1387 2745 1448 2779 est,
1471 2738 1530 2768 sed
1554 2746 1610 2767 vas
