1835 2906
232 101 317 143 428
677 111 824 142 SEX-ri
862 111 1061 142 POMPEI!
1100 111 1236 142 FEsri

288 207 412 248 nefas
442 206 652 247 habetur:
686 206 764 248 sed
805 206 879 248 aut
908 207 1068 247 occisae
1100 206 1282 258 alioqui,
1305 208 1381 247 aut
1410 205 1677 248 immolatae:

290 274 499 329 quoniam
520 287 601 315 sua
621 278 760 315 morte
783 274 982 315 extincta
1003 273 1149 314 omnia
1169 273 1344 314 funesta
1365 277 1479 314 sunt.

234 342 429 383 Mortuae
470 341 651 395 pecudis
693 342 814 383 corio
855 341 1031 391 calceos
1060 339 1155 380 fieri
1199 340 1457 382 Flaminicis
1502 336 1681 393 [PAUL.

288 409 415 449 nefas
449 409 702 457 habebatur,
747 408 958 462 quoniam
1000 420 1083 449 sua
1128 413 1265 449 morte
1304 410 1498 450 extincta
1540 408 1682 448 omnia

289 476 467 517 funesta
486 477 834 517 aestimabantur.

234 543 439 584 Mortuus
452 549 467 572 ‘³
491 544 546 584 ab
567 544 748 584 emerita
766 543 862 584 vita
881 542 1042 583 dictus.

234 611 338 652 Mos
358 616 450 651 estr
484 611 726 651 institutum
756 611 945 663 patrium
981 611 1201 664 pertinens
1226 611 1418 652 maxime
1439 611 1493 651 ad
1515 610 1685 663 religio-

288 691 380 726 nes,
401 677 761 730 caerimoniasque
784 677 980 718 Deorum
1001 679 1294 731 antiquorum.

234 744 338 785 Mos
375 749 469 785 estS
505 743 736 785 institutum
764 745 971 799 patrium,
1001 743 1047 784 id
1079 751 1148 794 est,
1183 744 1376 786 memoria
1409 745 1483 785 de·
1520 744 1685 798 [FEST.

289 812 533 851 functorum
573 814 766 853 veterum
815 812 1040 865 pertinens
1090 813 1286 854 maxime
1341 813 1399 854 ad
1452 812 1682 864 religiones

291 876 634 932 cerimoniasque
659 881 991 933 antiquorum.¹0

235 945 531 987 Mosculis¹¹²
564 945 677 988 Cato
709 959 788 1001 pro
823 947 974 1000 parvis
1003 947 1196 987 moribus
1218 947 1331 989 dixit
1361 947 1402 987 in
1430 961 1476 987 ea
1508 947 1685 996 [PAUL.

290 1027 413 1066 quam
428 1012 586 1066 scripsit
603 1046 612 1056 .
631 1045 639 1053 .
658 1045 668 1055 .
685 1015 754 1056 vis
776 1015 854 1069 qui
875 1015 1071 1056 moribus
1086 1021 1102 1036 ¹¹
1125 1015 1267 1056 dixit.
1288 1046 1296 1054 .
1317 1045 1326 1054 .

842 1122 1081 1135 eeeeeeeeeeee

276 1200 316 1228 lo
341 1198 404 1229 Ed.
428 1199 519 1231 Scal.
545 1200 555 1217 ⁴
569 1202 713 1232 memoria
730 1206 884 1232 veterum
903 1211 937 1242 p.
963 1211 1008 1233 m.
1031 1210 1062 1231 a.
1087 1211 1112 1232 r.
1141 1210 1238 1232 cerem
1258 1224 1264 1231 .
1285 1222 1293 1231 .
1312 1222 1319 1229 .
1336 1199 1498 1241 oniasque
1516 1199 1559 1230 a.'
1597 1198 1686 1230 Vide

234 1240 439 1273 Notas—ll
466 1242 535 1274 Alii
553 1243 672 1284 legunt
688 1244 855 1285 Moscillis,
874 1245 926 1275 vel
944 1245 1089 1275 Mosiuz's.

888 1351 1033 1383 NOTAE

276 1417 288 1437 τ’
314 1412 476 1453 Mortuus]
509 1414 687 1446 Quomodo
720 1415 763 1446 ab
791 1416 935 1446 emerita
989 1425 1077 1446 rum:
1105 1424 1221 1446 vocem
1252 1416 1463 1453 defunctorum
1492 1413 1691 1445 inclusimus

233 1462 324 1492 vita?
346 1472 387 1493 an
404 1465 934 1504 emeritus,emert11s‚emereuus,e
991 1465 1147 1495 circulis:
1194 1464 1273 1505 quia
1310 1465 1475 1505 glossema
1514 1468 1576 1495 est.
1621 1463 1689 1493 dos-

232 1512 265 1542 in
282 1523 298 1542 ο
314 1517 481 1553 emortuus,
496 1518 654 1545 mortuus?
680 1515 789 1555 Nugae
805 1527 813 1548 ι
838 1526 857 1547 a
873 1527 934 1547 mo-

231 1561 307 1602 rior,
324 1563 467 1603 moritus,
494 1564 611 1596 addito
630 1575 648 1596 ιι
671 1567 838 1607 maritans,
854 1578 935 1598 mor-

232 1615 318 1643 tuus.
342 1614 450 1645 Idem.

275 1669 285 1683 s
309 1665 382 1694 Mos
395 1664 456 1704 ese]
482 1666 704 1698 Macr0b.lib.
719 1677 776 1701 ιιι.
796 1669 934 1701 Saturn.

231 1712 338 1745 refert
366 1714 495 1746 Julium
526 1716 663 1747 Festum
690 1718 748 1748 lib.
780 1728 865 1749 xru.
892 1719 935 1750 de

233 1764 411 1796 verborum
424 1765 730 1805 significationibus
743 1769 933 1809 scripsisse:

231 1814 305 1844 filos
333 1819 377 1845 est
404 1815 581 1847 institutum
605 1818 755 1858 patrium,
776 1820 935 1858 pertinens

230 1865 270 1894 ad
293 1865 473 1905 religiones,
497 1867 747 1907 coerimoniasque
773 1870 933 1907 majorum.

231 1915 310 1946 Non
334 1915 457 1947 dubito
474 1917 654 1957 Pompeium
672 1928 733 1958 pro
749 1919 837 1949 Juzio
853 1921 935 1951 scri·

231 1965 380 1996 bendum
397 1966 487 2007 apud
506 1967 733 2000 Mam-obium.
760 1969 829 2000 Hie
846 1971 934 2002 enim

231 2019 283 2045 est
300 2015 405 2055 locus,
421 2025 519 2056 quem
545 2015 673 2057 adfert,
690 2027 731 2048 ex
750 2028 814 2059 quo
831 2020 936 2051 verba

230 2064 323 2095 Festi
341 2066 462 2096 sarciri
479 2072 634 2107 possunt,
661 2069 778 2109 paucis
794 2070 935 2109 syliabis

231 2115 398 2155 exceptis.
421 2116 498 2146 Ant.
515 2116 602 2156 Aug.

275 2164 346 2195 Mos
368 2164 430 2204 est]
454 2166 527 2196 Mos
542 2171 593 2197 est
617 2167 812 2200 institutum
830 2170 933 2210 quod-

232 2213 317 2245 libet
348 2215 595 2247 consuetudine
627 2215 815 2249 firmatum:
855 2220 935 2251 ritus

232 2272 313 2294 vei-o
341 2270 393 2294 est
423 2264 507 2295 ordo
533 2270 567 2296 et
594 2267 712 2297 modus
736 2268 768 2298 in
795 2268 934 2300 admini-

231 2313 375 2344 strandis
421 2315 569 2346 maxime
614 2316 798 2357 sacrificiis,
844 2320 933 2350 uude

232 2361 327 2403 virg.
370 2364 379 2380 ‘
398 2364 530 2395 Morem
563 2365 731 2408 ritumque
762 2377 933 2400 sacrorum

232 2410 425 2451 Adjiciam.'
462 2413 639 2446 Interdum
669 2421 781 2448 tamen
805 2422 840 2449 et
855 2419 936 2450 ritus

232 2470 293 2500 pro
307 2472 388 2492 more
406 2470 649 2506 usurpatus,et
673 2477 737 2498 mos
759 2478 820 2509 pro
845 2469 931 2501 ritu.-

234 2515 271 2540 ut
287 2511 353 2541 iiic.
378 2513 455 2543 Duc.

276 2565 287 2579 δ
311 2560 397 2600 NIos]
423 2563 493 2591 Mos
519 2567 562 2593 est
590 2565 771 2598 institutum
797 2570 935 2608 putrium

234 2608 480 2650 [defunctorum]
503 2617 650 2654 veterum,
662 2618 818 2655 pertinens
834 2622 934 2651 maxi-

234 2669 280 2691 me
301 2661 340 2690 ad
356 2661 519 2698 religiones
538 2665 778 2706 cerimoniasque
793 2670 934 2709 ararique-

990 1515 1074 1546 Scal.

1034 1566 1106 1597 Mos
1131 1566 1191 1605 est]
1214 1566 1299 1597 Haec
1323 1575 1366 1597 ex
1394 1564 1624 1606 superioribus
1642 1563 1689 1596 fa-

990 1617 1054 1648 cile
1072 1617 1332 1657 intelliguntur:
1353 1617 1424 1647 Mos
1440 1620 1485 1647 est
1510 1616 1686 1647 institutum

987 1669 1137 1708 patrium,
1154 1668 1187 1698 id
1202 1671 1262 1706 est,
1278 1668 1422 1698 memoria
1443 1671 1579 1698 veterum
1591 1666 1690 1706 perti·

989 1728 1065 1749 nens
1086 1718 1220 1749 maxime
1235 1719 1275 1748 ml
1298 1718 1464 1757 religiones
1482 1717 1690 1747 coeremonias-

991 1780 1047 1809 que
1064 1769 1203 1799 Deorum
1217 1769 1424 1809 antiquorum.
1447 1768 1522 1798 Vox
1535 1767 1692 1805 defuncto·

991 1829 1070 1859 rum,
1086 1829 1160 1860 quae
1179 1819 1210 1849 in
1225 1818 1341 1850 codice
1356 1823 1515 1860 apparet,
1541 1818 1691 1858 explica-

991 1870 1039 1901 tio
1053 1875 1104 1901 est
1122 1870 1213 1901 vocis
1230 1872 1377 1900 veterum.
1411 1869 1531 1910 Neque
1548 1872 1693 1909 apparet

991 1920 1025 1950 in
1042 1919 1187 1951 schedis.
1214 1919 1296 1951 Duc.

1033 1972 1041 1990 ἵ
1067 1969 1232 2010 Most-ulis]
1263 1969 1293 2000 A
1320 1979 1396 2006 mos,
1426 1969 1590 2000 moscquS.
1622 1967 1691 1998 Alii

990 2019 1108 2060 legunt
1145 2020 1302 2060 mosciuis,
1334 2020 1388 2050 vel
1419 2020 1558 2058 nzosilhs,
1584 2023 1624 2051 ,ut
1656 2018 1689 2048 in

991 2070 1104 2101 Gloss.
1115 2069 1252 2109 Isidori,
1264 2071 1273 2087 ‘
1289 2070 1447 2109 mosillus,
1460 2078 1584 2109 parvus
1598 2068 1692 2099 mos.'

991 2120 1054 2150 Cui
1071 2119 1250 2160 posteriori
1266 2127 1333 2149 non
1360 2118 1559 2148 adversatur
1579 2118 1690 2148 analo-

991 2170 1067 2209 gia3
1094 2179 1169 2200 nam
1198 2174 1235 2200 nt
1266 2179 1284 2199 a
1311 2171 1320 2186 ‘
1337 2168 1465 2209 pusus,’
1497 2170 1505 2186 ‘
1525 2167 1690 2208 pusiilus‚'

990 2220 1040 2249 sic
1057 2229 1076 2249 a
1091 2220 1099 2235 ‘
1117 2218 1212 2257 mos,'
1228 2218 1237 2235 ‘
1255 2218 1427 2250 mosillus!
1463 2219 1555 2250 Nihil
1578 2222 1690 2248 tamen

988 2270 1043 2300 hic
1068 2268 1266 2300 mutandum
1291 2274 1356 2300 est.
1395 2268 1536 2309 Optime
1563 2268 1651 2299 enim
1672 2277 1691 2298 a

989 2325 997 2339 ⁸
1014 2321 1109 2360 mos‚'
1126 2322 1134 2338 ‘
1154 2320 1348 2360 inosculus‚’
1367 2324 1404 2350 ut
1420 2330 1438 2351 a
1463 2321 1472 2337 ‘
1488 2318 1571 2356 flos,'
1595 2320 1603 2336 ‘
1617 2318 1694 2350 flos-

991 2371 1109 2410 cnlns‚¹
1122 2373 1187 2401 Sec.
1212 2371 1310 2402 Idem.

1035 2428 1049 2441 ¹¹
1075 2422 1113 2452 In
1136 2432 1172 2452 eu
1197 2431 1288 2461 quam
1318 2421 1454 2461 scripsit.
1474 2443 1503 2452 ..
1519 2441 1527 2449 .
1543 2443 1550 2451 .
1570 2420 1617 2450 ris
1639 2420 1691 2459 qui

990 2470 1145 2510 moribus]
1168 2472 1327 2502 Schedae:
1355 2472 1504 2502 Mosculis
1533 2472 1611 2500 Cato
1634 2480 1690 2509 pro

988 2523 1095 2563 parvis
1112 2523 1247 2554 moribus
1261 2523 1344 2553 dixit
1368 2523 1399 2553 in
1427 2532 1461 2552 ea
1484 2531 1573 2561 quam
1593 2521 1688 2559 scrip-

988 2574 1030 2604 sit
1041 2596 1048 2604 .
1058 2596 1065 2604 .
1079 2595 1086 2604 .
1096 2596 1103 2603 .
1116 2574 1224 2613 Supra
1234 2573 1325 2603 Festi
1338 2577 1373 2602 et
1384 2571 1477 2602 Pauli
1490 2571 1591 2601 verba
1604 2571 1689 2600 male

991 2624 1174 2654 cohaesere.
1200 2622 1354 2661 Legebat
1368 2622 1552 2651 Saimasius
1568 2623 1689 2652 musci!-

992 2674 1032 2704 lz's
1052 2674 1130 2705 Caco
1152 2683 1208 2713 pro
1230 2673 1337 2712 parvis
1362 2672 1509 2712 muribus,
1536 2674 1588 2712 erc.
1605 2682 1685 2703 mus-
