1835 2906
367 171 430 201 DE
466 167 735 199 VERBORUM
768 165 1174 197 smulch'rioNn
1218 166 1309 195 mn.
1344 166 1372 194 1.
1535 154 1589 194 47

206 266 333 315 enim,
356 269 399 306 et
421 263 645 316 adtegrare
666 262 808 303 minus
841 260 1024 309 sactum,
1060 264 1128 300 est
1162 259 1207 299 in
1240 262 1447 299 statutum
1480 257 1590 298 redi-

207 346 314 387 gere.

149 401 427 441 Adtestatam
449 399 706 439 dicebantur
727 396 914 448 fulgura,
938 408 1038 448 quae
1060 395 1215 435 iterato
1238 394 1414 442 fiebant,
1438 391 1591 434 videli-

205 471 271 508 cet
293 466 656 519 significationem
677 465 870 517 priorum
893 463 1177 504 adtestantia.

149 535 411 582 Adtritum‚¹¹
433 539 478 574 et
500 533 645 573 tritum
668 543 726 572 ex
749 530 911 572 Graeco
934 530 1189 571 descendit:
1218 529 1324 583 quia
1344 528 1405 569 illi
1427 531 1592 569 vestem

205 602 335 642 istam
358 599 547 651 τριβώνιον
562 604 576 621 2
608 598 850 652 appellant.

147 667 521 716 Adtubernalis‚³⁰
551 667 771 707 habitator
807 665 1027 706 continuae
1050 666 1269 706 tabernae:
1303 663 1423 717 quod
1457 676 1593 714 genus

203 734 415 774 domicilii
438 733 793 787 antiquissimum
818 733 1034 773 Romanis
1056 732 1193 773 fuisse
1213 731 1462 772 testimonio
1494 733 1595 769 sunt

204 807 368 843 exterae
388 807 551 854 gentes,
571 814 670 854 quae
705 800 851 841 adhuc
889 800 1098 841 tabulatis
1130 800 1332 840 habitant
1363 797 1593 839 aedificiis:

207 868 318 909 unde
337 869 466 909 etiam
489 872 607 909 tecta
628 867 887 916 castrensia,
910 867 1110 920 quamvis
1142 866 1334 920 pellibus
1363 868 1596 918 tegantu1·,4

205 936 485 977 tabernacula
506 939 653 976 tamen
675 934 891 975 dicuntur.

749 1043 867 1055 ‘‘‘‘‘‘

871 1042 989 1054 eeeeee

193 1112 212 1140 2
236 1109 302 1140 Alii
318 1109 480 1149 τρίβωνας.
520 1109 587 1140 Pro
605 1109 702 1140 istam
720 1109 807 1141 Scal.
824 1110 932 1140 tritum
947 1108 1185 1148 τριβώνιον.-3
1211 1108 1218 1124 ‘
1235 1105 1386 1137 Isidorus
1403 1104 1506 1135 habet
1523 1104 1596 1134 neti-

149 1152 294 1183 bernalis.
338 1152 487 1183 Glossar.
501 1152 717 1183 attubernalis.
733 1153 771 1183 L.
788 1163 831 1183 ni.
848 1151 1079 1183 adtabernalis.’
1109 1151 1203 1182 Fulv.
1222 1149 1400 1180 Ursin.—-4
1428 1147 1490 1178 Ed.
1507 1146 1597 1177 Scal.

149 1198 365 1234 contegantur.

808 1247 953 1280 NOTAE

149 1315 282 1350 tegi-are
310 1312 420 1343 vinum
452 1311 485 1343 in
512 1311 699 1349 sacrificiis,
724 1311 846 1353 inquit,

150 1366 201 1392 est
218 1363 327 1393 vinum
354 1363 519 1403 minuere,
546 1363 662 1399 libare,
686 1367 724 1394 ut
740 1373 780 1394 eo
797 1372 846 1393 sa-

150 1410 313 1442 crificium
353 1412 501 1451 adoleat,
538 1418 719 1453 augeatur,
755 1412 845 1453 quod

150 1463 359 1494 contrarium
377 1468 429 1494 est
448 1464 552 1494 verbo
576 1464 733 1502 integrare
756 1463 845 1504 quod

148 1512 321 1551 significat·
337 1514 514 1552 adtegrum,
538 1513 762 1552 imminutum,
787 1512 846 1543 ad-

150 1566 278 1592 tactnm
302 1568 506 1604 restaurare,
522 1564 552 1594 in
569 1569 694 1594 statum
713 1563 846 1603 redige-

150 1621 199 1643 re.
223 1612 323 1643 Idem.

206 1663 392 1703 Adtegrare]
425 1665 534 1695 Locus
564 1664 847 1702 mendosissimus,

150 1713 207 1753 qui
225 1719 335 1744 tamen
354 1724 418 1744 non
435 1720 510 1745 erat
526 1715 649 1745 nullius
673 1714 848 1754 momenti,

149 1773 224 1794 cum
237 1765 461 1797 cognitionem
473 1765 652 1795 vetustatis
666 1765 850 1795 contineat.

152 1814 240 1844 Nam
257 1815 336 1855 quid
355 1821 405 1845 est
423 1816 533 1845 vinum
551 1816 584 1845 in
602 1814 776 1845 sacrificiis
793 1824 849 1845 an-

151 1864 256 1903 gere?
302 1864 429 1895 Nescio
445 1873 486 1894 an
501 1864 599 1894 Pauli
616 1873 710 1894 error
725 1865 780 1902 sit,
792 1863 848 1904 qui

152 1919 299 1944 mentem
322 1914 412 1945 Festi
429 1923 492 1944 non
510 1920 684 1944 assecutus
701 1919 766 1952 est,
790 1924 848 1944 cu-

145 1963 202 2003 jus
219 1964 328 2003 culpae
346 1963 534 1994 manifestae
559 1964 637 1994 alibi
659 1964 847 2004 deprehen-

151 2012 265 2043 ditur:
290 2022 330 2043 an
348 2023 428 2044 vero
445 2014 600 2052 aliorum,
626 2024 709 2055 quos
734 2020 848 2054 poste-

152 2064 219 2093 rior
235 2068 319 2094 aetas
337 2064 426 2103 tulit,
452 2063 673 2094 barbarorum
691 2063 848 2094 emenda-

151 2118 272 2144 torum.
317 2114 488 2154 Quicquid
506 2119 569 2149 est,
596 2124 659 2154 ego
684 2115 752 2144 scio
770 2114 850 2144 Fes-

151 2167 220 2193 tum
238 2163 285 2192 ita
301 2163 488 2202 scripsisse,
506 2164 685 2203 Adtegrare
705 2167 763 2202 est,
777 2164 849 2195 vino

149 2212 336 2253 sacrificium
351 2223 476 2252 aug-ere.
521 2214 611 2247 Quin
630 2215 716 2244 enim
740 2215 787 2244 ita
803 2214 849 2244 lo-

151 2264 683 2303 quereuturVeteres‚neminem
695 2264 851 2294 dubitare

153 2318 247 2353 puto.
304 2313 361 2344 Sic
392 2314 535 2345 Plautus
566 2314 668 2355 dixit,
699 2317 709 2331 ‘
724 2323 850 2354 augere

153 2363 309 2393 verbenis
322 2364 435 2396 aram.’
460 2365 548 2397 Quin
563 2365 637 2406 ipsa
650 2365 742 2396 notio
758 2366 851 2396 verbi

153 2413 254 2444 fidem
273 2412 353 2444 facit
369 2415 447 2446 huic
463 2416 521 2446 rei.
566 2420 574 2434 ‘
590 2415 765 2455 Adteger'
788 2422 851 2452 est,

153 2464 334 2504 προσθιγὴς,
369 2464 425 2505 qui
458 2470 581 2505 tactus,
604 2471 638 2497 et
666 2466 851 2496 diminutus

155 2519 218 2545 est.
241 2514 389 2553 Attigere
406 2513 492 2544 enini
508 2515 654 2545 Veteres
670 2525 731 2555 pro
744 2515 851 2546 Attin-

153 2574 245 2603 gere:
285 2569 322 2595 ut
349 2569 480 2600 contra,
506 2565 515 2581 ‘
530 2564 692 2604 Integer‚'
731 2565 852 2605 ἆθιγῆς,

156 2613 288 2645 ἄθικτος.
343 2614 456 2646 Quare
483 2619 519 2645 et
549 2624 623 2655 quae
655 2621 852 2655 sequnntur,

156 2670 319 2705 corrupta
335 2674 421 2700 esse,
438 2665 465 2695 si
482 2674 547 2695 non
564 2664 666 2699 aliud,
684 2669 776 2695 certe
794 2665 850 2695 ob-

156 2715 300 2746 scuritas
317 2715 395 2755 loci,
408 2725 449 2746 ex
467 2725 533 2756 quo
550 2715 676 2746 nullum
694 2714 853 2745 idoneum

901 1322 1031 1343 sensum
1048 1312 1174 1343 elicere
1191 1319 1379 1351 posffllmtlS,
1403 1307 1503 1338 facile
1521 1317 1598 1338 con-

900 1363 1035 1394 vicerit.
1070 1362 1192 1402 Neque
1211 1362 1316 1391 solum
1333 1360 1405 1390 haec
1422 1358 1534 1389 mendi
1551 1359 1601 1388 iu-

900 1412 994 1443 doles
1023 1413 1111 1442 hunc
1142 1412 1252 1442 locum
1283 1408 1436 1447 foedavit,
1475 1408 1533 1439 sed
1565 1413 1600 1439 et

900 1462 1132 1503 transpositio.
1179 1459 1373 1501 Legendnn·
1398 1459 1508 1489 enim:
1533 1459 1600 1489 Ad-

900 1516 1022 1552 tegrum
1037 1514 1131 1550 enim,
1145 1509 1387 1547 minnsfactum.
1438 1509 1601 1547 Integrare

900 1567 958 1602 est,
973 1563 1006 1594 in
1022 1566 1174 1593 statutum
1186 1561 1339 1598 redigere.
1376 1557 1443 1589 Ubi
1460 1563 1495 1588 et
1512 1559 1601 1597 lego,

900 1615 934 1644 in
948 1617 1078 1644 statum.
1102 1612 1214 1649 luitur
1231 1611 1343 1640 viuum
1363 1614 1532 1648 attegrum
1551 1607 1601 1645 fit,

901 1672 937 1695 et
968 1668 1175 1703 attegratur‚
1217 1670 1291 1692 cum
1325 1660 1460 1689 libatur.
1505 1658 1601 1688 Tunc

902 1714 991 1744 enim
1007 1712 1181 1750 minuitur,
1206 1715 1243 1741 ut
1261 1708 1462 1740 sacrificium
1479 1717 1602 1749 augea-

904 1768 969 1793 tur.
994 1764 1061 1792 Jos.
1079 1761 1160 1792 Scul.

945 1818 966 1832 ¹¹³
981 1812 1167 1851 Adtestata]
1193 1811 1276 1842 Quae
1295 1808 1382 1849 quod
1402 1808 1513 1848 priora
1536 1807 1602 1838 ful-

905 1873 987 1903 gnra
1007 1862 1270 1902 portendebant,
1297 1859 1329 1889 id
1354 1858 1601 1898 significatione

905 1923 966 1943 sua
992 1911 1227 1951 comprobant,
1241 1911 1249 1926 ‘
1264 1909 1463 1939 renovativa
1475 1908 1483 1920 '
1501 1908 1602 1938 etiam

904 1962 1009 2000 dicta,
1026 1967 1061 1992 et
1078 1961 1250 1991 contraria
1267 1965 1342 1990 sunt
1358 1960 1367 1976 ‘
1381 1958 1601 1998 peremptali-

903 2011 1074 2052 bus‚’quae
1086 2011 1263 2050 superiora
1277 2010 1409 2048 tollunt,
1420 2009 1602 2048 perimunt.

903 2062 991 2092 Vide
1009 2072 1068 2091 suo
1087 2062 1172 2091 loco.
1197 2061 1276 2091 Duc.

946 2110 1130 2150 Adtestata]
1161 2110 1309 2149 Fulgura
1336 2110 1492 2139 adtestata
1523 2110 1602 2137 sunt

904 2163 1072 2193 contraria
1114 2160 1372 2200 Peremptalilms.
1433 2157 1522 2188 Vide
1568 2157 1601 2187 in

905 2213 914 2228 ‘
930 2211 1183 2252 peremptalia!
1204 2212 1274 2241 Jos.
1289 2210 1373 2240 Scal.

948 2268 962 2283 ¹³
976 2262 1154 2301 Adtritum]
1173 2260 1201 2290 A
1219 2265 1307 2298 tero,
1329 2258 1460 2294 adtero,
1475 2257 1563 2298 quod
1583 2267 1602 2288 a

904 2312 1013 2353 τρίβω,
1037 2312 1127 2343 unde
1150 2309 1274 2350 τρίβων,
1297 2307 1469 2348 τριβώνιον,
1500 2307 1602 2338 vestis

905 2364 1000 2400 trita,
1019 2362 1141 2392 lacera.
1165 2361 1247 2390 Dae.

946 2409 1213 2448 ⁰Adtubernalz's]
1243 2408 1331 2439 Vide
1358 2408 1391 2439 in
1420 2406 1602 2438 ‘taberna.'

906 2463 1005 2493 Idem.

949 2508 1188 2549 Adtubernalis]
1217 2508 1309 2538 Male
1341 2507 1373 2537 in
1405 2507 1601 2538 Glossario:

907 2563 916 2580 ‘
928 2561 1213 2600 Atturubernalis,
1225 2557 1481 2596 καπηλογείτων]
1505 2557 1602 2588 Glos-

907 2622 950 2642 sae
984 2610 1131 2641 Isidori:
1160 2609 1424 2648 ‘Attiberualis,
1455 2608 1605 2639 vicinist

905 2665 974 2694 ι103.
991 2662 1072 2694 Scal.
