1835 2906
191 98 273 139 124

493 107 627 138 FEST!
665 107 726 137 DE
761 107 905 137 VERE.

939 107 1120 138 SlGNffl.
1154 106 1249 136 LlB.
1282 107 1335 136 11.

247 204 421 258 puerit:
452 203 759 257 vastitatisque
788 206 857 245 est
876 215 1015 245 causa
1035 201 1104 243 his
1124 202 1252 252 lociS,
1273 214 1376 257 quae
1397 201 1637 255 intraverit,

246 276 293 313 ut
310 272 430 312 bubo
450 284 460 312 :
493 284 520 312 a
541 283 631 324 quo
648 270 782 312 etiam
805 271 1051 325 appellatur
1072 271 1223 311 buteo.

190 340 463 389 Buttubata,‘³
495 339 538 379 N
542 340 682 381 aevius
710 353 788 393 pro
809 340 1046 393 nugatoriis
1068 340 1234 391 posuit,
1258 341 1341 381 hoc
1364 343 1446 392 est,
1469 339 1633 381 nullius

247 407 528 461 dignationis.

840 529 984 561 NOTAE

189 604 354 644 accipitre
369 604 532 645 congredi
554 614 618 636 nou
632 604 746 644 audet,
764 604 886 636 nedum

189 655 236 686 illi
248 655 359 686 cibum
371 655 513 696 eripiat3
528 664 589 686 nec
602 655 774 687 vastitatis
786 664 888 686 causa

189 710 253 744 est,
269 715 344 737 cum
361 706 406 737 sit
422 705 499 737 boni
515 706 648 746 ominis,
665 709 703 736 ut
726 709 824 746 patet
845 714 887 736 ex

189 756 313 796 Plinio,
339 757 395 798 qui
420 761 456 788 et
472 756 632 788 familiam
651 766 692 788 ex
707 765 748 788 eo
764 765 888 796 cogno·

188 806 349 836 minatam
365 805 449 837 dicit
464 815 539 837 cum
557 815 722 846 prospero
739 805 888 846 auspicio

189 856 285 888 ducis
301 856 334 886 in
351 856 428 886 navi
445 856 601 888 sedisset.
620 857 718 889 Idem.

230 912 244 927 e
269 907 457 947 Buttubata]
485 907 534 938 Ut
549 916 712 948 nugarum
729 906 837 937 facilis
853 910 888 938 et

187 957 287 988 obvia
313 957 467 998 materia,
492 958 542 989 ita
569 958 706 989 nomina
735 958 842 989 multa
868 967 887 989 a

187 1007 375 1039 Veteribus
400 1008 611 1049 excogitata,
635 1013 672 1039 ut
697 1007 887 1039 Buttubata

186 1066 205 1088 a
221 1067 400 1098 puerorum
426 1059 576 1100 vocibus,
600 1069 682 1100 quas
711 1059 836 1100 primas
853 1059 886 1091 in

186 1108 330 1140 infantia
344 1109 491 1149 discunt,
508 1110 573 1150 Bu,
587 1110 653 1147 Tu,
670 1111 734 1149 Ba,
747 1111 806 1142 Ta.
821 1111 887 1150 Bu,

187 1165 240 1190 est
267 1159 406 1192 bibere:
439 1161 529 1193 unde
561 1161 659 1193 ‘buae
687 1166 786 1202 potus
800 1161 819 1193 :’
850 1166 885 1194 et

185 1214 194 1227 ¹
209 1210 376 1242 vinibuae'
402 1212 544 1244 Lucillio
568 1212 726 1245 ebriosae.
778 1213 885 1245 Varro

187 1262 275 1293 Cato
291 1262 332 1293 de
347 1262 462 1294 liberis
478 1263 684 1295 educandis:
708 1264 717 1280 ⁴
732 1264 815 1296 Cum
838 1263 885 1295 ci-

185 1313 264 1344 bum
289 1323 328 1345 ac
350 1314 523 1354 potionem
541 1314 623 1346 buas
648 1323 689 1345 ac
707 1323 810 1355 papas
828 1324 884 1345 vo-

186 1368 289 1404 cent;
319 1369 476 1406 matrem,
504 1375 702 1397 mammam:
740 1369 885 1404 patrem,

186 1414 320 1446 tatum)
353 1416 416 1455 Ba,
442 1420 496 1447 est
513 1425 612 1456 papa.
659 1415 758 1447 Unde
783 1415 886 1446 Plau-

186 1470 240 1496 tus
259 1475 267 1497 ε
287 1467 296 1483 ‘
309 1466 396 1497 Tum
422 1475 528 1507 puero
550 1465 709 1504 dandum,
725 1464 811 1506 quod
828 1475 885 1505 pa-

186 1516 267 1556 pet.’
311 1518 372 1556 Ta,
393 1522 445 1548 est
461 1516 646 1557 appellatio
663 1516 774 1548 Tatae.
819 1517 885 1557 Tu,

185 1566 285 1597 etiam
312 1567 499 1607 appellatio
525 1567 604 1606 cibi,
631 1567 719 1598 uude
739 1567 883 1598 Tubucci-

183 1617 255 1648 mzrz‘
282 1615 423 1656 factum,
448 1627 509 1658 pro
525 1617 742 1650 manducare.
787 1617 884 1649 Idem

184 1672 219 1698 et
253 1668 337 1699 Titia
350 1679 360 1699 .·
393 1668 598 1699 Glossarium
619 1680 625 1698 ε
657 1671 666 1685 ‘
690 1668 781 1700 Titia
813 1667 886 1708 κρέα

185 1718 311 1757 νηπίων,
337 1717 354 1748 ὃ
375 1717 529 1757 λέγουσι]
572 1718 639 1750 Sed
666 1724 807 1760 praestat
834 1720 886 1750 Ba

185 1778 246 1808 pro
264 1769 337 1809 Ma,
355 1770 417 1800 hoc
433 1775 497 1810 est,
513 1780 655 1801 mamma
669 1770 818 1801 dictum:
848 1775 885 1802 ut

185 1817 295 1849 facilis
308 1824 359 1850 est
374 1820 489 1858 lapsus
503 1829 521 1849 a
536 1819 563 1850 B
575 1820 615 1850 ad
631 1820 681 1858 M,
694 1820 885 1851 Buttubata

185 1878 278 1909 erg0,
295 1869 388 1910 quasi
404 1869 612 1900 Buttumata.
657 1870 744 1900 Sunt
759 1876 794 1900 et
808 1871 883 1901 aliae

185 1919 432 1960 appellationes
448 1929 608 1959 nugarum
626 1930 634 1950 ε
659 1919 791 1958 Heme,
808 1920 884 1952 Lire

184 1970 260 2009 lire,
279 1970 546 2009 Nauci,Gerrae,
560 1969 704 2010 Apinae:
730 1969 818 2011 quod
834 1975 885 2001 est

185 2019 357 2052 detortum
374 2021 417 2052 ab
428 2019 592 2061 Ἀφάνναιι
610 2020 699 2061 quod
713 2019 776 2052 fnit
791 2022 883 2060 igno-

185 2071 253 2102 bile
270 2071 443 2112 oppidum.
488 2072 698 2112 Stephanus:
723 2070 882 2111 Ἀφσίνναι,

185 2121 299 2161 χωρίον
314 2122 467 2161 Σικελίας,
491 2121 621 2160 ἄσημον.
649 2122 700 2161 ἀφ’
716 2119 761 2153 οὗ·
789 2121 825 2153 Ei
842 2121 883 2153 eis

185 2172 350 2212 Ἀφάννας,
360 2173 409 2204 ἐπὶ
422 2176 485 2204 τῶν
500 2173 631 2212 ἀδήλων,
643 2173 693 2205 καὶ
703 2174 883 2204 ἐκτετοπισ-

185 2223 293 2261 μένων.
339 2225 561 2257 Proverbium
578 2225 652 2257 vult
673 2224 781 2265 accipi
807 2225 882 2257 Ste-

189 2275 317 2313 phanus
347 2276 390 2307 de
417 2275 671 2307 remotissimis:
709 2281 745 2306 et
771 2275 882 2315 Hesy-

187 2325 294 2365 chius,
336 2327 390 2367 qui
432 2337 496 2359 non
528 2327 562 2358 in
593 2325 720 2362 Sicilia,
758 2325 816 2356 sed
847 2325 881 2357 in

942 603 1061 636 Attica
1091 604 1199 645 ponit.
1259 602 1417 643 Ἀφάνναι,
1444 602 1559 644 χωρίον
1584 602 1640 640 τῆς

941 655 1133 696 Δαμαρτίδος
1145 655 1256 695 φυλῆς.
1268 653 1431 694 πόῤῥωθεν.
1445 652 1641 694 proverbia-

941 706 1021 737 liter
1045 705 1187 746 ἀφάνναι,
1214 704 1283 737 ἀντὶ
1306 705 1363 736 τοῦ
1384 704 1547 745 πόῤῥωθεν.
1593 703 1641 735 At

942 756 1082 788 Romani
1105 756 1147 787 de
1170 756 1269 787 rebus
1295 756 1495 797 nugatoriis.
1542 755 1641 786 Glos-

942 807 1078 847 sarium,
1093 812 1100 825 ‘
1114 807 1247 848 Apinae,
1261 806 1394 847 ψάνναι.’
1411 807 1486 847 lege
1499 804 1641 846 ἀφάνναι.

943 856 1066 897 Neque
1093 856 1182 887 aliud
1209 862 1262 887 est
1279 855 1421 888 Affaniae
1439 856 1529 897 apud
1547 856 1641 897 Apu-

940 906 1043 937 leium
1059 906 1144 937 libro
1162 915 1213 938 ix.
1236 908 1245 924 ⁴
1262 906 1346 938 Haec
1363 911 1399 937 et
1416 906 1498 937 alias
1514 906 1641 937 similes

941 955 1083 987 affauias
1113 955 1240 987 frustra
1267 956 1478 988 oblatrantes
1504 965 1562 988 eos
1589 966 1639 988 re-

942 1012 1086 1039 trorsum
1103 1008 1277 1039 abducunt
1300 1006 1448 1048 pagani.’
1495 1007 1540 1039 Et
1556 1007 1641 1039 libro

942 1066 978 1089 x.
1003 1057 1013 1074 ‘
1031 1067 1089 1089 ore
1115 1057 1317 1089 semiclauso
1342 1056 1500 1090 effutiens
1525 1058 1640 1090 nescio

941 1118 1023 1150 quas
1036 1107 1172 1139 affanias
1186 1106 1347 1139 effutire!
1377 1107 1478 1150 Apud
1493 1108 1640 1140 eundem

940 1158 1123 1200 Apuleium
1150 1159 1254 1198 Folia,
1280 1168 1342 1200 pro
1369 1159 1486 1200 nugis:
1510 1159 1543 1190 in
1569 1159 1641 1191 vita

942 1209 1174 1241 Gallienorum
1186 1209 1296 1250 Impp.
1312 1213 1320 1226 ‘
1335 1209 1522 1251 Cyclopem
1535 1209 1640 1242 etiam

940 1260 1093 1291 luserunt
1119 1269 1234 1291 omnes
1261 1259 1449 1301 apenarii:'
1473 1261 1548 1302 lege
1573 1261 1639 1301 api-

939 1311 1045 1343 narii:
1079 1310 1112 1341 id
1142 1315 1204 1350 est,
1230 1320 1312 1352 qnos
1338 1311 1438 1351 vulgo
1467 1311 1500 1342 in
1527 1311 1641 1343 Gallia

941 1361 1154 1392 Plaz'sanlins:
1177 1360 1218 1392 ab
1235 1361 1357 1402 apinis,
1379 1367 1413 1393 et
1436 1361 1545 1402 nugis.
1568 1362 1639 1393 dos.

939 1410 1023 1442 Scal.

982 1460 1174 1501 Buttuhata]
1201 1461 1404 1502 Nugatoria,
1421 1471 1439 1493 a
1457 1470 1638 1502 puerorum

941 1512 1090 1551 vocibus,
1106 1512 1155 1548 bu,
1173 1515 1220 1553 tu,
1236 1512 1284 1548 ba,
1301 1516 1348 1552 ta,
1365 1523 1447 1553 quas
1463 1512 1588 1553 primas
1604 1512 1638 1543 in

940 1562 1084 1594 infantia
1101 1564 1248 1595 discunt.
1285 1564 1338 1595 Bu
1355 1570 1408 1595 est
1427 1564 1553 1596 bibere.
1594 1563 1640 1595 Tu

940 1614 1127 1654 appellatio
1144 1613 1221 1645 cibi.
1257 1614 1308 1645 Ba
1324 1619 1374 1645 est
1391 1623 1491 1655 papa.
1526 1614 1572 1645 Ta
1587 1619 1640 1646 est

941 1664 1127 1704 appellatio
1151 1667 1245 1695 tatoe:
1270 1665 1322 1695 vel
1351 1664 1388 1696 ba
1413 1669 1465 1696 est
1492 1674 1553 1706 pro
1577 1674 1639 1704 ma,

939 1714 1003 1745 hoc
1021 1718 1086 1753 est,
1100 1723 1256 1754 mamma,
1279 1720 1316 1745 ut
1333 1713 1439 1746 facilis
1456 1720 1510 1746 est
1525 1716 1639 1756 lapsus

940 1774 959 1795 a
983 1775 1012 1795 m
1037 1764 1079 1795 ad
1103 1764 1120 1795 b
1143 1764 1319 1804 buttubata,
1343 1766 1436 1806 quasi
1453 1765 1639 1797 butlumuta.

937 1816 1099 1855 Scaliger.
1145 1816 1281 1855 Verius,
1304 1820 1340 1847 ut
1358 1816 1504 1856 videtur,
1518 1816 1640 1848 Marti·

938 1868 1025 1904 nius,
1039 1868 1095 1908 qui
1111 1867 1153 1898 ab
1167 1867 1319 1898 Hebraeo
1336 1867 1402 1898 bitu
1413 1867 1480 1899 bote
1493 1877 1565 1899 esse
1579 1877 1640 1909 pu·

940 1922 1003 1953 tat,
1030 1917 1118 1958 quod
1145 1917 1326 1958 significat,
1343 1918 1546 1950 locutionem
1564 1927 1640 1959 gar-

940 1969 1039 2008 riens,
1050 1969 1121 2000 sive
1134 1967 1245 2000 futilia
1256 1968 1424 2010 effutiens,
1433 1974 1468 2000 et
1479 1978 1558 2001 sane
1572 1979 1638 2001 non

942 2020 1102 2060 pueriles,
1119 2018 1178 2050 sed
1194 2019 1336 2050 fictitias
1355 2029 1454 2050 voces
1470 2018 1572 2050 fuisse
1585 2029 1637 2051 os-

938 2071 1050 2102 tendit
1087 2071 1274 2110 Sosipater,
1306 2070 1396 2110 apud
1436 2080 1534 2112 quem
1570 2071 1639 2102 dis-

934 2121 1053 2161 juncte
1071 2121 1204 2159 legitur,
1221 2120 1231 2137 ‘
1245 2120 1298 2150 Bu
1316 2124 1351 2150 tu
1369 2120 1428 2152 bat
1443 2126 1490 2152 ta.
1536 2121 1638 2153 Plau·

938 2175 992 2201 tus
1012 2180 1072 2210 pro
1088 2170 1185 2209 nugis
1201 2170 1326 2210 posuit,
1341 2174 1378 2202 ut
1395 2171 1428 2201 in
1445 2171 1562 2212 glossis
1580 2181 1637 2202 ve-

939 2226 1046 2252 terum
1060 2221 1116 2252 bat
1129 2225 1179 2251 tat
1193 2221 1217 2252 ti
1234 2220 1510 2260 anagmenorum‘
1523 2221 1637 2262 (anax-

937 2277 1127 2305 umentorum
1154 2278 1248 2305 recte
1274 2274 1464 2315 Mem—sius)
1487 2275 1497 2293 ‘
1517 2284 1635 2306 vocum

938 2329 1093 2357 veterum
1110 2324 1287 2367 Interpres
1307 2325 1450 2359 scribit.’
1474 2326 1555 2359 Dae,
