1835 2906
220 108 304 149 458
661 116 810 147 smmi
843 116 1043 146 ΡοΜΡΕιι
1079 116 1214 146 Fsss'm

226 211 589 261 Notionenz,³ice1n
621 211 732 266 opud
760 210 944 266 antiquos
964 214 1125 252 natum.
1187 210 1367 260 Cincius,
1395 223 1461 264 ge·
1491 211 1655 264 [ΡΕΒΤ.

279 294 351 319 nus
382 278 599 330 hominum,
621 279 691 334 qui
712 293 791 319 non
811 276 974 319 aliunde
995 281 1202 326 venerunt,
1225 277 1302 317 sed
1336 278 1399 318 ibi
1435 278 1523 317 nati
1553 285 1658 324 sunt,

279 346 507 401 significare
527 348 601 395 oit,
622 347 691 402 qui
711 353 748 386 et
769 346 984 386 nationem
1006 346 1069 386 ait
1098 358 1177 384 non
1199 350 1356 384 tontum
1378 344 1591 385 universim
1612 345 1660 385 de

279 414 486 464 omnibus,
510 414 588 455 sed
623 414 748 455 etiam
781 412 842 469 de,
860 411 1133 467 singularibus
1163 425 1317 466 quoque
1336 410 1566 453 hominibus
1595 425 1660 452 se-

274 480 459 532 junctim
478 479 558 521 dici
577 479 715 531 solere,
738 478 904 519 Sinnius
923 485 1054 519 autem
1077 477 1229 532 Capito
1251 479 1496 519 omniafere
1513 492 1661 533 genera

280 545 483 589 hominum
513 563 588 602 per
619 547 802 588 nationes
833 545 976 595 dividi,
999 553 1042 587 ut
1067 545 1192 587 Cures
1222 545 1425 595 Sabinos,
1449 544 1663 596 Hernicos,

284 614 455 669 AEquos,
477 616 571 656 item
596 614 762 655 Volscos.
827 612 881 654 In
897 614 1118 668 pecoribus
1140 626 1315 667 quoque
1334 614 1476 654 bonus
1491 625 1664 666 proven-

283 688 344 721 tus
359 680 529 737 feturce,
550 681 653 722 bona
673 680 787 722 natio
809 679 976 721 dicitur.

227 748 392 790 Navali
414 762 580 790 corona
601 749 714 790 solet
735 749 900 798 donari,
918 749 992 802 qui
1014 749 1179 802 primus
1198 748 1243 787 in
1264 747 1456 788 hostium
1485 747 1664 801 [PAUL.

281 828 435 856 navem
455 821 643 858 armatus
664 817 925 858 transilierit.

228 880 385 925 Navali
415 897 560 924 corona
576 883 591 906 ¹¹
614 883 805 932 donator,
835 884 906 938 qui
933 883 1095 937 primus
1116 883 1161 923 in
1181 881 1372 922 hostium
1395 895 1466 920 no-
1495 879 1661 933 [FEST.

281 963 368 990 vem
387 957 570 991 armatus
586 950 828 992 transilierit
849 950 1008 1004 cujusve
1024 962 1159 1003 opera
1172 961 1346 989 manuve
1365 946 1480 986 navis
1497 945 1665 986 hostium

285 1024 404 1071 capta
421 1016 590 1072 fuerit:
622 1017 787 1072 adeptos
809 1022 874 1059 est
893 1031 991 1059 eam
1013 1018 1079 1058 M.
1100 1015 1307 1057 Terentius
1326 1012 1363 1053 V
1362 1028 1455 1054 orro
1477 1012 1578 1054 bello
1599 1013 1669 1067 pi-

285 1085 427 1135 ratico,
446 1085 621 1126 donante
640 1086 740 1128 CN.
760 1085 961 1139 Pompeio
982 1099 1144 1140 magno,
1159 1084 1255 1123 item
1271 1080 1360 1130 alii,
1377 1082 1482 1121 inter
1501 1093 1596 1136 quos
1609 1078 1666 1120 A.

286 1150 446 1193 Atilius
468 1152 594 1203 bello,
628 1153 737 1208 qnod
753 1160 905 1208 gestum
920 1158 938 1182 4
970 1159 1110 1194 contro
1135 1150 1290 1199 Nobin,
1312 1156 1356 1189 ut
1378 1149 1572 1203 scriptum
1604 1151 1668 1188 est

828 1261 845 1270 e
852 1260 1072 1271 oaeeeaeeoo‘ee

271 1322 289 1349 4
314 1318 398 1349 Ead.
412 1319 466 1350 ed.
479 1325 601 1359 gestum
617 1326 673 1351 est.

884 1416 1022 1446 NOTAE

230 1504 284 1529 tur
295 1499 448 1529 Cincium
461 1509 534 1531 esse
545 1500 641 1540 hujus
655 1502 833 1532 sententiae
847 1511 925 1533 auc-

229 1553 348 1578 torem.
365 1548 441 1578 Ant.
457 1549 540 1588 Aug.

273 1603 286 1618 ³
311 1598 494 1638 Notionem]
542 1600 718 1641 Notionem,
754 1606 783 1632 et
820 1606 926 1632 nolum

232 1649 358 1679 Cincius
370 1659 469 1688 genus
492 1649 656 1685 hominum,
674 1651 726 1690 qui
748 1661 806 1682 non
826 1653 926 1682 aliun-

228 1701 265 1731 de
280 1703 439 1739 venerunt,
455 1701 507 1730 sed
528 1700 571 1730 ibi
592 1702 659 1731 noti
674 1706 756 1737 sunt,
772 1703 836 1732 dici
854 1713 925 1733 ouc-

230 1754 279 1781 tor
293 1754 348 1781 eet.
394 1750 457 1781 Sed
479 1754 508 1781 et
528 1752 683 1782 notionem
707 1753 753 1782 ait
776 1762 835 1783 non
858 1756 924 1783 ton-

230 1805 296 1832 tum
310 1801 476 1832 universim
489 1803 526 1832 de
543 1801 692 1841 omnibus,
710 1807 755 1834 set
769 1807 798 1834 et
814 1804 851 1834 ‹Ie
863 1804 924 1834 sin-

229 1851 393 1889 gularibus
431 1852 603 1881 hominibus
649 1852 812 1890 sejunctim
851 1853 925 1883 dici.

233 1900 320 1931 Haec
337 1901 469 1932 Festus.
492 1901 705 1941 Sequebatur
720 1902 843 1934 deinde
860 1908 927 1934 tes-

231 1951 405 1982 timouium
423 1952 546 1982 veteris
567 1952 756 1992 scriptoris,
773 1953 860 1993 quod
878 1964 928 1984 as-

233 2000 328 2042 sequi
342 2010 407 2032 non
424 2002 605 2041 potuimus.
638 2002 723 2033 Post
735 2003 864 2034 Sabinos
878 2014 929 2035 se-

231 2052 368 2092 quitur:
393 2051 469 2082 bona
485 2052 571 2082 natio
592 2052 627 2082 in
645 2053 802 2092 pecoribus
816 2064 930 2094 quoque

232 2102 326 2132 bonus
350 2106 515 2141 proventus
544 2102 671 2133 dicitur.
717 2104 795 2135 Hoc
825 2105 929 2145 igitur

234 2152 305 2182 vuit
324 2153 454 2192 Festus,
470 2153 638 2184 Notionem
651 2159 686 2184 et
700 2158 807 2185 natum
819 2154 862 2185 de
872 2154 929 2185 ho·

234 2203 378 2233 minibus
408 2203 496 2234 dici:
532 2204 687 2235 nationem
715 2204 851 2244 quidem
887 2204 929 2234 de

234 2253 408 2289 universis,
447 2259 495 2289 ut,
532 2259 540 2271 ‘
569 2254 662 2285 natio
700 2255 894 2285 Graecorum
911 2254 932 2284 τ’

232 2307 340 2333 natum
362 2303 403 2334 de
425 2304 577 2344 singulis,
601 2309 648 2343 ut,
672 2303 769 2334 homo
786 2304 930 2335 maximo

236 2358 330 2384 natu.
372 2353 441 2384 Sed
464 2358 498 2384 et
520 2354 674 2384 notionem
702 2354 744 2384 de
769 2354 929 2393 singulis:

236 2402 276 2431 ad
293 2403 389 2442 cujus
406 2403 452 2433 rei
477 2402 578 2433 fidem
605 2403 796 2434 adducebat
819 2413 930 2434 exem-

238 2451 327 2488 plum
340 2452 485 2482 auctoris
501 2453 637 2484 veteris.
683 2454 859 2484 Praeterea
874 2463 932 2485 ne-

238 2509 301 2538 que
326 2501 478 2532 notionem
505 2507 635 2533 tantum
661 2503 703 2534 de
732 2503 932 2539 hominibus.

239 2547 295 2577 sed
320 2554 352 2578 et
378 2549 419 2579 de
442 2552 621 2589 pecoribus
644 2552 724 2592 dici,
756 2553 844 2592 quod
868 2563 932 2583 nou

238 2596 307 2626 sine
317 2597 512 2629 Graecorum
525 2600 847 2633 imitationedictum
861 2607 931 2632 est:

239 2650 276 2678 ut
293 2646 460 2679 Homerus
474 2649 577 2680 Ὀδυσ.
591 2654 624 2683 Ξ.
648 2652 689 2688 βῆ
700 2651 725 2682 δ’
741 2651 808 2689 ἴμεν
821 2651 861 2683 εἷς
878 2664 931 2683 συ-

978 1501 1080 1541 φεοὺς,
1107 1501 1151 1531 ὅθι
1178 1500 1263 1530 ἔθνεα
1288 1498 1403 1538 ἔρχατο
1430 1496 1552 1536 χοίρων.
1601 1496 1669 1527 Nos

978 1556 1024 1584 set
1048 1551 1243 1592 scripsimus
1262 1550 1428 1589 ἀρχαϊκῶς,
1448 1548 1527 1588 quia
1552 1548 1600 1577 ita
1623 1551 1674 1576 eut

980 1604 1011 1633 in
1036 1603 1102 1633 inis
1120 1601 1279 1643 reliquiis,
1295 1604 1369 1639 sete,
1391 1608 1453 1639 pro
1468 1602 1513 1629 set
1535 1602 1576 1628 et.
1598 1597 1671 1629 Jos.

978 1653 1067 1684 Scal.
1407 1690 1411 1691 ⁷

1027 1701 1208 1742 Notionem]
1235 1700 1293 1731 Ait
1317 1697 1452 1730 Cincius
1470 1697 1625 1728 notionem
1641 1701 1676 1728 et

980 1757 1088 1783 notum
1117 1752 1183 1783 dici
1210 1751 1253 1782 de
1281 1748 1470 1781 hominibus
1502 1747 1675 1780 universis.

982 1809 1016 1833 ut
1035 1808 1042 1820 ‘
1059 1802 1152 1833 natio
1168 1802 1366 1833 Graecorum
1378 1798 1398 1828 :¹
1421 1802 1457 1829 et
1473 1797 1516 1829 de
1531 1797 1677 1837 singula-

983 1853 1073 1884 ribus
1090 1852 1202 1891 etiam,
1220 1856 1258 1882 ut
1273 1849 1362 1891 apud
1380 1848 1535 1880 Ciceron.
1558 1848 1567 1864 ‘
1585 1846 1677 1878 natio

982 1901 1265 1940 candidatorum‚'
1296 1904 1305 1918 ‘
1333 1899 1425 1930 natio
1457 1895 1680 1938 optimatum:

982 1954 1158 1985 Praeterea
1174 1962 1239 1983 non
1263 1955 1392 1982 tantum
1415 1948 1458 1979 de
1479 1947 1680 1984 hominibus,

983 2004 1041 2035 sed
1059 2004 1161 2035 etiam
1175 2004 1216 2034 de
1228 2001 1408 2043 pecoribus
1423 2013 1430 2032 z
1452 2000 1461 2016 ‘
1476 1999 1567 2030 natio
1578 2006 1677 2038 equo-

984 2054 1081 2091 rum,’
1097 2056 1105 2072 ‘
1119 2055 1212 2085 natio
1235 2052 1354 2084 suum!
1400 2053 1477 2084 Non
1494 2051 1564 2082 sine
1581 2049 1677 2080 Grae-

984 2113 1098 2135 corum
1115 2103 1314 2141 imitatione,
1336 2102 1390 2142 qui
1408 2100 1495 2132 ἔθνεα
1517 2100 1618 2131 etiarn
1636 2098 1678 2128 de

985 2153 1161 2194 pecoribus
1174 2152 1291 2183 dicunt
1305 2151 1442 2182 Homer.
1457 2150 1543 2182 ἔθνεα
1557 2148 1680 2188 χοίρων.

985 2205 1117 2236 Glossae
1133 2214 1140 2233 z
1164 2203 1173 2219 ⁴
1190 2202 1327 2238 navitio,
1342 2199 1460 2239 ‘reusch’
1484 2201 1564 2241 Leg.
1584 2200 1680 2229 notio.

986 2254 1075 2284 Dae.

1027 2303 1041 2324 b
1065 2303 1180 2333 Not-oli
1193 2300 1320 2340 corono]
1344 2301 1432 2332 Plin.
1447 2300 1504 2331 lib.
1520 2308 1680 2338 xvncap.

985 2355 1017 2383 Δ.
1041 2354 1051 2370 ‘
1066 2352 1198 2382 Cedunt
1210 2356 1244 2381 et
1255 2355 1411 2381 rostratae
1426 2349 1555 2388 civicis,
1566 2357 1681 2389 quam-

987 2403 1036 2433 vis
1054 2403 1085 2432 iu
1102 2402 1231 2432 dnobus
1247 2400 1392 2430 maxime
1407 2399 1448 2430 ad
1466 2401 1527 2430 boc
1545 2398 1607 2428 aevi
1623 2406 1679 2428 ce·

987 2452 1112 2489 lebres;
1138 2451 1186 2482 Μ.
1202 2450 1356 2481 Varrone
1372 2458 1390 2480 e
1408 2448 1559 2489 piraticis
1571 2447 1680 2485 bellis,

989 2502 1092 2532 dante
1113 2502 1238 2542 Magno
1255 2499 1421 2540 Pompeio
1435 2510 1444 2538 ;
1460 2499 1607 2538 itemque
1631 2497 1681 2527 M.

989 2552 1157 2593 Agrippa,
1169 2551 1340 2583 tribuente
1353 2551 1499 2583 Caesare.
1515 2557 1534 2578 e
1551 2547 1682 2583 Siculis,

989 2613 1064 2643 quae
1082 2607 1116 2633 et
1135 2603 1206 2642 ipsa
1227 2598 1398 2641 piratica?
1413 2603 1447 2628 et
1461 2602 1590 2637 postea,
1605 2596 1680 2627 ‘dc-

988 2653 1038 2684 dit
1050 2654 1135 2684 hanc
1149 2651 1317 2692 Augustus
1333 2657 1490 2680 coronam
1507 2646 1681 2687 Agrippae,
