<?xml version="1.0" encoding="UTF-8"?>
<!DOCTYPE html PUBLIC "-//W3C//DTD XHTML 1.0 Transitional//EN"
    "http://www.w3.org/TR/xhtml1/DTD/xhtml1-transitional.dtd">
<html xmlns="http://www.w3.org/1999/xhtml" xml:lang="en" lang="en">
 <head>
  <title>
</title>
<meta http-equiv="Content-Type" content="text/html;charset=utf-8" />
  <meta name='ocr-system' content='tesseract 3.04.00' />
  <meta name='ocr-capabilities' content='ocr_page ocr_carea ocr_par ocr_line ocrx_word'/>
</head>
<body>
  <div class='ocr_page' id='page_1' title='image "./mverriiflacciqua01verruoft/mverriiflacciqua01verruoft_0121.png"; bbox 0 0 1835 2906; ppageno 0'>
   <div class='ocr_carea' id='block_1_1' title="bbox 384 169 1412 202">
    <p class='ocr_par' dir='ltr' id='par_1_1' title="bbox 384 169 1412 202">
     <span class='ocr_line' id='line_1_1' title="bbox 384 169 1412 202; baseline 0.002 -2"><span class='ocrx_word' id='word_1_1' title='bbox 384 172 445 201; x_wconf 87' lang='lat' dir='ltr'><strong>DE</strong></span> <span class='ocrx_word' id='word_1_2' title='bbox 479 170 754 202; x_wconf 81' lang='lat' dir='ltr'><strong>VERBORUM</strong></span> <span class='ocrx_word' id='word_1_3' title='bbox 789 169 1199 201; x_wconf 75' lang='lat' dir='ltr'><strong>SIGNlFlCATIONE</strong></span> <span class='ocrx_word' id='word_1_4' title='bbox 1235 173 1326 202; x_wconf 88' lang='lat' dir='ltr'><strong>LlB.</strong></span> <span class='ocrx_word' id='word_1_5' title='bbox 1360 172 1412 202; x_wconf 82' lang='lat'><strong>11.</strong></span> 
     </span>
    </p>
   </div>
   <div class='ocr_carea' id='block_1_2' title="bbox 1548 164 1630 204">
    <p class='ocr_par' dir='ltr' id='par_1_2' title="bbox 1548 164 1630 204">
     <span class='ocr_line' id='line_1_2' title="bbox 1548 164 1630 204; baseline 0.012 -1"><span class='ocrx_word' id='word_1_6' title='bbox 1548 164 1630 204; x_wconf 87' lang='lat'><strong>111</strong></span> 
     </span>
    </p>
   </div>
   <div class='ocr_carea' id='block_1_3' title="bbox 184 264 1635 455">
    <p class='ocr_par' dir='ltr' id='par_1_3' title="bbox 184 264 1635 455">
     <span class='ocr_line' id='line_1_3' title="bbox 184 264 1635 319; baseline 0.001 -13"><span class='ocrx_word' id='word_1_7' title='bbox 184 264 479 319; x_wconf 85' lang='lat' dir='ltr'><strong>Bellicrepam</strong></span> <span class='ocrx_word' id='word_1_8' title='bbox 502 266 782 308; x_wconf 80' lang='lat' dir='ltr'>saltationem</span> <span class='ocrx_word' id='word_1_9' title='bbox 797 270 813 286; x_wconf 65' lang='lat'><strong>¹¹</strong></span> <span class='ocrx_word' id='word_1_10' title='bbox 836 264 1053 314; x_wconf 80' lang='lat' dir='ltr'>dicebant,</span> <span class='ocrx_word' id='word_1_11' title='bbox 1076 264 1255 318; x_wconf 92' lang='lat' dir='ltr'><strong>quando</strong></span> <span class='ocrx_word' id='word_1_12' title='bbox 1275 278 1376 306; x_wconf 88' lang='lat' dir='ltr'><strong>cum</strong></span> <span class='ocrx_word' id='word_1_13' title='bbox 1399 266 1532 306; x_wconf 85' lang='lat' dir='ltr'><strong>armis</strong></span> <span class='ocrx_word' id='word_1_14' title='bbox 1550 266 1635 307; x_wconf 88' lang='lat' dir='ltr'><strong>sal-</strong></span> 
     </span>
     <span class='ocr_line' id='line_1_4' title="bbox 243 332 1633 387; baseline -0.001 -13"><span class='ocrx_word' id='word_1_15' title='bbox 243 334 421 375; x_wconf 83' lang='lat' dir='ltr'>tabant:</span> <span class='ocrx_word' id='word_1_16' title='bbox 454 334 573 387; x_wconf 92' lang='lat' dir='ltr'><strong>quod</strong></span> <span class='ocrx_word' id='word_1_17' title='bbox 596 347 621 375; x_wconf 86' lang='lat' dir='ltr'><strong>a</strong></span> <span class='ocrx_word' id='word_1_18' title='bbox 645 333 840 374; x_wconf 86' lang='lat' dir='ltr'><strong>Romulo</strong></span> <span class='ocrx_word' id='word_1_19' title='bbox 863 333 1111 373; x_wconf 82' lang='lat' dir='ltr'><strong>institutum</strong></span> <span class='ocrx_word' id='word_1_20' title='bbox 1133 336 1224 373; x_wconf 89' lang='lat' dir='ltr'><strong>est:</strong></span> <span class='ocrx_word' id='word_1_21' title='bbox 1255 346 1310 374; x_wconf 90' lang='lat' dir='ltr'><strong>ne</strong></span> <span class='ocrx_word' id='word_1_22' title='bbox 1339 332 1480 373; x_wconf 90' lang='lat' dir='ltr'><strong>simile</strong></span> <span class='ocrx_word' id='word_1_23' title='bbox 1506 337 1633 385; x_wconf 89' lang='lat' dir='ltr'><strong>pate-</strong></span> 
     </span>
     <span class='ocr_line' id='line_1_5' title="bbox 239 400 1634 455; baseline -0.001 -14"><span class='ocrx_word' id='word_1_24' title='bbox 239 407 374 452; x_wconf 84' lang='lat' dir='ltr'><strong>retur,</strong></span> <span class='ocrx_word' id='word_1_25' title='bbox 397 402 516 455; x_wconf 91' lang='lat' dir='ltr'><strong>quod</strong></span> <span class='ocrx_word' id='word_1_26' title='bbox 537 402 700 443; x_wconf 79' lang='lat' dir='ltr'><strong>fecerat</strong></span> <span class='ocrx_word' id='word_1_27' title='bbox 718 402 828 454; x_wconf 88' lang='lat' dir='ltr'><strong>ipse,</strong></span> <span class='ocrx_word' id='word_1_28' title='bbox 850 413 950 441; x_wconf 86' lang='lat' dir='ltr'><strong>cum</strong></span> <span class='ocrx_word' id='word_1_29' title='bbox 976 413 1002 440; x_wconf 89' lang='lat' dir='ltr'><strong>a</strong></span> <span class='ocrx_word' id='word_1_30' title='bbox 1022 400 1139 441; x_wconf 90' lang='lat' dir='ltr'><strong>ludis</strong></span> <span class='ocrx_word' id='word_1_31' title='bbox 1162 400 1425 441; x_wconf 88' lang='lat' dir='ltr'><strong>Sabinorum</strong></span> <span class='ocrx_word' id='word_1_32' title='bbox 1447 400 1634 452; x_wconf 84' lang='lat' dir='ltr'><strong>virgines</strong></span> 
     </span>
    </p>
   </div>
   <div class='ocr_carea' id='block_1_4' title="bbox 242 470 404 521">
    <p class='ocr_par' dir='ltr' id='par_1_4' title="bbox 242 470 404 521">
     <span class='ocr_line' id='line_1_6' title="bbox 242 470 404 521; baseline 0.006 -13"><span class='ocrx_word' id='word_1_33' title='bbox 242 470 404 521; x_wconf 85' lang='lat' dir='ltr'>rapuit.</span> 
     </span>
    </p>
   </div>
   <div class='ocr_carea' id='block_1_5' title="bbox 185 534 1640 790">
    <p class='ocr_par' dir='ltr' id='par_1_5' title="bbox 185 534 1388 588">
     <span class='ocr_line' id='line_1_7' title="bbox 185 534 1388 588; baseline -0.002 -12"><span class='ocrx_word' id='word_1_34' title='bbox 185 535 498 577; x_wconf 89' lang='lat' dir='ltr'><strong>Bellitudinem</strong></span> <span class='ocrx_word' id='word_1_35' title='bbox 521 536 638 577; x_wconf 88' lang='lat' dir='ltr'><strong>sicut</strong></span> <span class='ocrx_word' id='word_1_36' title='bbox 657 535 997 588; x_wconf 82' lang='lat' dir='ltr'><strong>magnitudinem</strong></span> <span class='ocrx_word' id='word_1_37' title='bbox 1018 535 1204 577; x_wconf 86' lang='lat' dir='ltr'><strong>Verrius</strong></span> <span class='ocrx_word' id='word_1_38' title='bbox 1218 540 1233 566; x_wconf 89' lang='lat'><strong><em>⁷</em></strong></span> <span class='ocrx_word' id='word_1_39' title='bbox 1259 534 1388 575; x_wconf 87' lang='lat' dir='ltr'><strong>dixit.</strong></span> 
     </span>
    </p>

    <p class='ocr_par' dir='ltr' id='par_1_6' title="bbox 185 601 1640 790">
     <span class='ocr_line' id='line_1_8' title="bbox 185 601 1636 655; baseline -0.001 -13"><span class='ocrx_word' id='word_1_40' title='bbox 185 602 373 644; x_wconf 81' lang='lat' dir='ltr'><strong>Bellona</strong></span> <span class='ocrx_word' id='word_1_41' title='bbox 389 609 404 624; x_wconf 64' lang='grc' dir='ltr'><strong>Χ</strong></span> <span class='ocrx_word' id='word_1_42' title='bbox 446 604 671 644; x_wconf 85' lang='lat' dir='ltr'><strong>dicebatur</strong></span> <span class='ocrx_word' id='word_1_43' title='bbox 704 603 804 644; x_wconf 86' lang='lat' dir='ltr'><strong>Dea</strong></span> <span class='ocrx_word' id='word_1_44' title='bbox 838 604 1081 644; x_wconf 89' lang='lat' dir='ltr'><strong>bellorum:</strong></span> <span class='ocrx_word' id='word_1_45' title='bbox 1133 608 1233 644; x_wconf 85' lang='lat' dir='ltr'><strong>ante</strong></span> <span class='ocrx_word' id='word_1_46' title='bbox 1264 602 1390 655; x_wconf 88' lang='lat' dir='ltr'><strong>cujus</strong></span> <span class='ocrx_word' id='word_1_47' title='bbox 1426 601 1636 655; x_wconf 86' lang='lat' dir='ltr'><strong>templum</strong></span> 
     </span>
     <span class='ocr_line' id='line_1_9' title="bbox 242 669 1640 724; baseline -0.001 -14"><span class='ocrx_word' id='word_1_48' title='bbox 242 674 337 710; x_wconf 88' lang='lat' dir='ltr'><strong>erat</strong></span> <span class='ocrx_word' id='word_1_49' title='bbox 356 670 624 719; x_wconf 80' lang='lat' dir='ltr'><strong>columella,y</strong></span> <span class='ocrx_word' id='word_1_50' title='bbox 647 683 746 723; x_wconf 86' lang='lat' dir='ltr'><strong>quae</strong></span> <span class='ocrx_word' id='word_1_51' title='bbox 768 671 929 711; x_wconf 87' lang='lat' dir='ltr'><strong>bellica</strong></span> <span class='ocrx_word' id='word_1_52' title='bbox 951 671 1206 719; x_wconf 83' lang='lat' dir='ltr'><strong>vocabatur,</strong></span> <span class='ocrx_word' id='word_1_53' title='bbox 1229 683 1367 724; x_wconf 88' lang='lat' dir='ltr'><strong>supra</strong></span> <span class='ocrx_word' id='word_1_54' title='bbox 1386 681 1519 723; x_wconf 89' lang='lat' dir='ltr'><strong>quam</strong></span> <span class='ocrx_word' id='word_1_55' title='bbox 1541 669 1640 709; x_wconf 85' lang='lat' dir='ltr'><strong>has-</strong></span> 
     </span>
     <span class='ocr_line' id='line_1_10' title="bbox 242 738 1247 790; baseline -0.001 -11"><span class='ocrx_word' id='word_1_56' title='bbox 242 743 330 779; x_wconf 86' lang='lat' dir='ltr'><strong>tam</strong></span> <span class='ocrx_word' id='word_1_57' title='bbox 345 744 360 759; x_wconf 63' lang='grc'>2</span> <span class='ocrx_word' id='word_1_58' title='bbox 374 738 621 790; x_wconf 86' lang='lat' dir='ltr'><strong>jaciebant,</strong></span> <span class='ocrx_word' id='word_1_59' title='bbox 642 751 741 779; x_wconf 90' lang='lat' dir='ltr'><strong>cum</strong></span> <span class='ocrx_word' id='word_1_60' title='bbox 763 738 933 780; x_wconf 90' lang='lat' dir='ltr'><strong>bellum</strong></span> <span class='ocrx_word' id='word_1_61' title='bbox 955 738 1247 780; x_wconf 87' lang='lat' dir='ltr'><strong>indicebatur.</strong></span> 
     </span>
    </p>
   </div>
   <div class='ocr_carea' id='block_1_6' title="bbox 802 858 922 870">
    <p class='ocr_par' dir='ltr' id='par_1_7' title="bbox 802 858 922 870">
     <span class='ocr_line' id='line_1_11' title="bbox 802 858 922 870; baseline 0.008 -1"><span class='ocrx_word' id='word_1_62' title='bbox 802 858 922 870; x_wconf 64' lang='lat' dir='ltr'><strong>eeeeee</strong></span> 
     </span>
    </p>
   </div>
   <div class='ocr_carea' id='block_1_7' title="bbox 229 923 598 956">
    <p class='ocr_par' dir='ltr' id='par_1_8' title="bbox 229 923 598 956">
     <span class='ocr_line' id='line_1_12' title="bbox 229 923 598 956; baseline 0.003 -2"><span class='ocrx_word' id='word_1_63' title='bbox 229 927 247 954; x_wconf 79' lang='lat'>7</span> <span class='ocrx_word' id='word_1_64' title='bbox 272 924 369 956; x_wconf 82' lang='lat' dir='ltr'><strong>vett.</strong></span> <span class='ocrx_word' id='word_1_65' title='bbox 386 923 464 955; x_wconf 86' lang='lat' dir='ltr'><strong>edd.</strong></span> <span class='ocrx_word' id='word_1_66' title='bbox 486 924 598 955; x_wconf 81' lang='lat' dir='ltr'><strong>Varus.</strong></span> 
     </span>
    </p>
   </div>
   <div class='ocr_carea' id='block_1_8' title="bbox 926 858 1027 870">
    <p class='ocr_par' dir='ltr' id='par_1_9' title="bbox 926 858 1027 870">
     <span class='ocr_line' id='line_1_13' title="bbox 926 858 1027 870; baseline 0.01 -1"><span class='ocrx_word' id='word_1_67' title='bbox 926 858 1027 870; x_wconf 62' lang='lat' dir='ltr'><em>ooooo</em></span> 
     </span>
    </p>
   </div>
   <div class='ocr_carea' id='block_1_9' title="bbox 845 1001 986 1033">
    <p class='ocr_par' dir='ltr' id='par_1_10' title="bbox 845 1001 986 1033">
     <span class='ocr_line' id='line_1_14' title="bbox 845 1001 986 1033; baseline 0.014 -2"><span class='ocrx_word' id='word_1_68' title='bbox 845 1001 986 1033; x_wconf 83' lang='lat' dir='ltr'>NOTAE</span> 
     </span>
    </p>
   </div>
   <div class='ocr_carea' id='block_1_10' title="bbox 184 1064 892 2761">
    <p class='ocr_par' dir='ltr' id='par_1_11' title="bbox 184 1064 891 1950">
     <span class='ocr_line' id='line_1_15' title="bbox 186 1064 886 1105; baseline 0 -10"><span class='ocrx_word' id='word_1_69' title='bbox 186 1074 234 1096; x_wconf 83' lang='lat' dir='ltr'><strong>res</strong></span> <span class='ocrx_word' id='word_1_70' title='bbox 250 1064 342 1096; x_wconf 83' lang='lat' dir='ltr'><strong>bellas</strong></span> <span class='ocrx_word' id='word_1_71' title='bbox 353 1064 559 1104; x_wconf 79' lang='lat' dir='ltr'><strong>appellabant.</strong></span> <span class='ocrx_word' id='word_1_72' title='bbox 605 1065 813 1105; x_wconf 72' lang='lat' dir='ltr'><strong>Perper-am:</strong></span> <span class='ocrx_word' id='word_1_73' title='bbox 839 1065 886 1095; x_wconf 90' lang='lat' dir='ltr'><strong>le-</strong></span> 
     </span>
     <span class='ocr_line' id='line_1_16' title="bbox 186 1114 888 1155; baseline 0 -10"><span class='ocrx_word' id='word_1_74' title='bbox 186 1114 332 1155; x_wconf 87' lang='lat' dir='ltr'><strong>gendum</strong></span> <span class='ocrx_word' id='word_1_75' title='bbox 350 1114 437 1145; x_wconf 89' lang='lat' dir='ltr'><strong>enim</strong></span> <span class='ocrx_word' id='word_1_76' title='bbox 460 1115 550 1155; x_wconf 90' lang='lat' dir='ltr'><strong>quod</strong></span> <span class='ocrx_word' id='word_1_77' title='bbox 574 1119 610 1146; x_wconf 90' lang='lat' dir='ltr'><strong>et</strong></span> <span class='ocrx_word' id='word_1_78' title='bbox 632 1115 711 1145; x_wconf 89' lang='lat' dir='ltr'><strong>viris</strong></span> <span class='ocrx_word' id='word_1_79' title='bbox 736 1114 888 1145; x_wconf 82' lang='lat' dir='ltr'><strong>doctissi-</strong></span> 
     </span>
     <span class='ocr_line' id='line_1_17' title="bbox 186 1164 887 1206; baseline -0.003 -10"><span class='ocrx_word' id='word_1_80' title='bbox 186 1165 248 1196; x_wconf 87' lang='lat' dir='ltr'><strong>mis</strong></span> <span class='ocrx_word' id='word_1_81' title='bbox 266 1165 394 1206; x_wconf 83' lang='lat' dir='ltr'><strong>placuit</strong></span> <span class='ocrx_word' id='word_1_82' title='bbox 406 1174 455 1195; x_wconf 85' lang='lat' dir='ltr'><strong>res</strong></span> <span class='ocrx_word' id='word_1_83' title='bbox 470 1168 559 1205; x_wconf 81' lang='lat' dir='ltr'><strong>aptas</strong></span> <span class='ocrx_word' id='word_1_84' title='bbox 572 1164 670 1204; x_wconf 83' lang='lat' dir='ltr'><strong>epulis</strong></span> <span class='ocrx_word' id='word_1_85' title='bbox 682 1165 782 1204; x_wconf 85' lang='lat' dir='ltr'><strong>appel.</strong></span> <span class='ocrx_word' id='word_1_86' title='bbox 821 1165 887 1195; x_wconf 82' lang='lat' dir='ltr'><strong>La·</strong></span> 
     </span>
     <span class='ocr_line' id='line_1_18' title="bbox 186 1214 888 1254; baseline 0 -8"><span class='ocrx_word' id='word_1_87' title='bbox 186 1215 247 1246; x_wconf 90' lang='lat' dir='ltr'><strong>tini</strong></span> <span class='ocrx_word' id='word_1_88' title='bbox 285 1215 499 1246; x_wconf 88' lang='lat' dir='ltr'><strong>bellariorum</strong></span> <span class='ocrx_word' id='word_1_89' title='bbox 542 1215 676 1246; x_wconf 90' lang='lat' dir='ltr'><strong>nomine</strong></span> <span class='ocrx_word' id='word_1_90' title='bbox 715 1214 888 1254; x_wconf 85' lang='lat' dir='ltr'><strong>accipiunt</strong></span> 
     </span>
     <span class='ocr_line' id='line_1_19' title="bbox 187 1264 889 1306; baseline -0.001 -11"><span class='ocrx_word' id='word_1_91' title='bbox 187 1275 262 1306; x_wconf 86' lang='lat' dir='ltr'><strong>quae</strong></span> <span class='ocrx_word' id='word_1_92' title='bbox 286 1264 402 1296; x_wconf 83' lang='lat' dir='ltr'><strong>Graeci</strong></span> <span class='ocrx_word' id='word_1_93' title='bbox 430 1265 522 1304; x_wconf 82' lang='grc' dir='ltr'><strong>ὧραῖα</strong></span> <span class='ocrx_word' id='word_1_94' title='bbox 558 1269 697 1303; x_wconf 90' lang='lat' dir='ltr'><strong>vocant,</strong></span> <span class='ocrx_word' id='word_1_95' title='bbox 728 1264 790 1295; x_wconf 89' lang='lat' dir='ltr'><strong>hoc</strong></span> <span class='ocrx_word' id='word_1_96' title='bbox 824 1268 889 1304; x_wconf 90' lang='lat' dir='ltr'><strong>est,</strong></span> 
     </span>
     <span class='ocr_line' id='line_1_20' title="bbox 185 1314 889 1355; baseline -0.001 -10"><span class='ocrx_word' id='word_1_97' title='bbox 185 1315 358 1355; x_wconf 84' lang='lat' dir='ltr'><strong>cupedias,</strong></span> <span class='ocrx_word' id='word_1_98' title='bbox 374 1319 412 1345; x_wconf 90' lang='lat' dir='ltr'><strong>ut</strong></span> <span class='ocrx_word' id='word_1_99' title='bbox 435 1315 564 1355; x_wconf 88' lang='lat' dir='ltr'><strong>optime</strong></span> <span class='ocrx_word' id='word_1_100' title='bbox 580 1315 668 1346; x_wconf 87' lang='lat' dir='ltr'><strong>Scal.</strong></span> <span class='ocrx_word' id='word_1_101' title='bbox 686 1324 760 1345; x_wconf 88' lang='lat' dir='ltr'><strong>nam</strong></span> <span class='ocrx_word' id='word_1_102' title='bbox 781 1314 889 1353; x_wconf 77' lang='grc' dir='ltr'>ὡραῖος</span> 
     </span>
     <span class='ocr_line' id='line_1_21' title="bbox 186 1365 889 1406; baseline 0.001 -10"><span class='ocrx_word' id='word_1_103' title='bbox 186 1366 293 1396; x_wconf 90' lang='lat' dir='ltr'><strong>bellus</strong></span> <span class='ocrx_word' id='word_1_104' title='bbox 310 1370 345 1396; x_wconf 91' lang='lat' dir='ltr'><strong>et</strong></span> <span class='ocrx_word' id='word_1_105' title='bbox 360 1366 510 1405; x_wconf 88' lang='lat' dir='ltr'><strong>pulcher.</strong></span> <span class='ocrx_word' id='word_1_106' title='bbox 548 1365 648 1396; x_wconf 89' lang='lat' dir='ltr'><strong>Unde</strong></span> <span class='ocrx_word' id='word_1_107' title='bbox 665 1369 700 1396; x_wconf 93' lang='lat' dir='ltr'><strong>et</strong></span> <span class='ocrx_word' id='word_1_108' title='bbox 722 1365 889 1406; x_wconf 86' lang='lat' dir='ltr'><strong>pulcralia</strong></span> 
     </span>
     <span class='ocr_line' id='line_1_22' title="bbox 186 1415 888 1456; baseline 0 -10"><span class='ocrx_word' id='word_1_109' title='bbox 186 1415 303 1446; x_wconf 88' lang='lat' dir='ltr'><strong>eadem</strong></span> <span class='ocrx_word' id='word_1_110' title='bbox 321 1415 407 1447; x_wconf 82' lang='lat' dir='ltr'><strong>dixit</strong></span> <span class='ocrx_word' id='word_1_111' title='bbox 425 1416 510 1447; x_wconf 91' lang='lat' dir='ltr'><strong>Cato</strong></span> <span class='ocrx_word' id='word_1_112' title='bbox 527 1415 562 1446; x_wconf 91' lang='lat' dir='ltr'><strong>in</strong></span> <span class='ocrx_word' id='word_1_113' title='bbox 586 1424 626 1446; x_wconf 89' lang='lat' dir='ltr'><strong>ea</strong></span> <span class='ocrx_word' id='word_1_114' title='bbox 646 1425 747 1456; x_wconf 87' lang='lat' dir='ltr'><strong>quam</strong></span> <span class='ocrx_word' id='word_1_115' title='bbox 770 1415 888 1446; x_wconf 88' lang='lat' dir='ltr'><strong>habuit</strong></span> 
     </span>
     <span class='ocr_line' id='line_1_23' title="bbox 185 1465 887 1507; baseline 0 -11"><span class='ocrx_word' id='word_1_116' title='bbox 185 1465 228 1497; x_wconf 85' lang='lat' dir='ltr'><strong>de</strong></span> <span class='ocrx_word' id='word_1_117' title='bbox 241 1466 345 1497; x_wconf 84' lang='lat' dir='ltr'><strong>fundo</strong></span> <span class='ocrx_word' id='word_1_118' title='bbox 360 1467 486 1497; x_wconf 87' lang='lat' dir='ltr'><strong>oleario</strong></span> <span class='ocrx_word' id='word_1_119' title='bbox 502 1477 510 1497; x_wconf 70' lang='grc' dir='ltr'>ι</span> <span class='ocrx_word' id='word_1_120' title='bbox 536 1471 544 1484; x_wconf 88' lang='lat'>‘</span> <span class='ocrx_word' id='word_1_121' title='bbox 564 1466 769 1507; x_wconf 89' lang='lat' dir='ltr'><strong>pulcralibus</strong></span> <span class='ocrx_word' id='word_1_122' title='bbox 786 1470 887 1507; x_wconf 88' lang='lat' dir='ltr'><strong>atque</strong></span> 
     </span>
     <span class='ocr_line' id='line_1_24' title="bbox 185 1515 888 1556; baseline 0 -10"><span class='ocrx_word' id='word_1_123' title='bbox 185 1516 367 1556; x_wconf 83' lang='lat' dir='ltr'><strong>cupediis.&#39;</strong></span> <span class='ocrx_word' id='word_1_124' title='bbox 403 1517 447 1547; x_wconf 89' lang='lat' dir='ltr'><strong>Et</strong></span> <span class='ocrx_word' id='word_1_125' title='bbox 465 1526 518 1547; x_wconf 87' lang='lat' dir='ltr'><strong>res</strong></span> <span class='ocrx_word' id='word_1_126' title='bbox 534 1516 641 1547; x_wconf 82' lang='lat' dir='ltr'><strong>bellas</strong></span> <span class='ocrx_word' id='word_1_127' title='bbox 659 1525 719 1556; x_wconf 88' lang='lat' dir='ltr'><strong>pro</strong></span> <span class='ocrx_word' id='word_1_128' title='bbox 735 1515 888 1556; x_wconf 88' lang='lat' dir='ltr'><strong>cupediis</strong></span> 
     </span>
     <span class='ocr_line' id='line_1_25' title="bbox 184 1567 888 1608; baseline -0.001 -10"><span class='ocrx_word' id='word_1_129' title='bbox 184 1568 322 1598; x_wconf 85' lang='lat' dir='ltr'><strong>Terent.</strong></span> <span class='ocrx_word' id='word_1_130' title='bbox 348 1568 381 1598; x_wconf 90' lang='lat' dir='ltr'><strong>in</strong></span> <span class='ocrx_word' id='word_1_131' title='bbox 397 1567 585 1608; x_wconf 87' lang='lat' dir='ltr'><strong>Adelphis:</strong></span> <span class='ocrx_word' id='word_1_132' title='bbox 609 1568 617 1584; x_wconf 87' lang='lat'><em>‘</em></span> <span class='ocrx_word' id='word_1_133' title='bbox 633 1567 746 1608; x_wconf 81' lang='lat' dir='ltr'><strong>Atque</strong></span> <span class='ocrx_word' id='word_1_134' title='bbox 771 1577 888 1598; x_wconf 89' lang='lat' dir='ltr'><strong>unum-</strong></span> 
     </span>
     <span class='ocr_line' id='line_1_26' title="bbox 185 1617 888 1658; baseline 0 -10"><span class='ocrx_word' id='word_1_135' title='bbox 185 1626 353 1658; x_wconf 84' lang='lat' dir='ltr'><strong>quemque</strong></span> <span class='ocrx_word' id='word_1_136' title='bbox 370 1617 460 1658; x_wconf 90' lang='lat' dir='ltr'><strong>quod</strong></span> <span class='ocrx_word' id='word_1_137' title='bbox 487 1617 553 1649; x_wconf 90' lang='lat' dir='ltr'><strong>erit</strong></span> <span class='ocrx_word' id='word_1_138' title='bbox 577 1617 797 1648; x_wconf 87' lang='lat' dir='ltr'><strong>bellissimum</strong></span> <span class='ocrx_word' id='word_1_139' title='bbox 814 1626 888 1648; x_wconf 86' lang='lat' dir='ltr'><strong>car-</strong></span> 
     </span>
     <span class='ocr_line' id='line_1_27' title="bbox 186 1667 888 1708; baseline -0.001 -9"><span class='ocrx_word' id='word_1_140' title='bbox 186 1667 285 1708; x_wconf 88' lang='lat' dir='ltr'><strong>pam.’</strong></span> <span class='ocrx_word' id='word_1_141' title='bbox 313 1668 403 1699; x_wconf 84' lang='lat' dir='ltr'><strong>Galli</strong></span> <span class='ocrx_word' id='word_1_142' title='bbox 418 1668 734 1705; x_wconf 79' lang='lat' dir='ltr'><strong>vocantsr·iandz&#39;ses.</strong></span> <span class='ocrx_word' id='word_1_143' title='bbox 771 1668 888 1699; x_wconf 88' lang='lat' dir='ltr'><strong>Graeci</strong></span> 
     </span>
     <span class='ocr_line' id='line_1_28' title="bbox 185 1717 890 1757; baseline 0 -9"><span class='ocrx_word' id='word_1_144' title='bbox 185 1718 391 1757; x_wconf 69' lang='grc' dir='ltr'>τραγήμαται</span> <span class='ocrx_word' id='word_1_145' title='bbox 429 1719 518 1750; x_wconf 89' lang='lat' dir='ltr'><strong>unde</strong></span> <span class='ocrx_word' id='word_1_146' title='bbox 546 1719 716 1750; x_wconf 88' lang='lat' dir='ltr'><strong>Gallicum</strong></span> <span class='ocrx_word' id='word_1_147' title='bbox 745 1717 890 1748; x_wconf 92' lang='lat' dir='ltr'><strong>vocabu-</strong></span> 
     </span>
     <span class='ocr_line' id='line_1_29' title="bbox 188 1769 891 1809; baseline 0 -10"><span class='ocrx_word' id='word_1_148' title='bbox 188 1770 256 1799; x_wconf 89' lang='lat' dir='ltr'><strong>lum</strong></span> <span class='ocrx_word' id='word_1_149' title='bbox 273 1770 412 1808; x_wconf 67' lang='lat' dir='ltr'><strong>dragees.</strong></span> <span class='ocrx_word' id='word_1_150' title='bbox 451 1770 573 1809; x_wconf 86' lang='lat' dir='ltr'><strong>Neque</strong></span> <span class='ocrx_word' id='word_1_151' title='bbox 589 1769 696 1799; x_wconf 89' lang='lat' dir='ltr'><strong>solum</strong></span> <span class='ocrx_word' id='word_1_152' title='bbox 712 1769 891 1799; x_wconf 89' lang='lat' dir='ltr'><strong>esculenta</strong></span> 
     </span>
     <span class='ocr_line' id='line_1_30' title="bbox 185 1818 891 1858; baseline -0.001 -9"><span class='ocrx_word' id='word_1_153' title='bbox 185 1818 337 1858; x_wconf 89' lang='lat' dir='ltr'><strong>bellaria,</strong></span> <span class='ocrx_word' id='word_1_154' title='bbox 365 1819 426 1850; x_wconf 90' lang='lat' dir='ltr'><strong>sed</strong></span> <span class='ocrx_word' id='word_1_155' title='bbox 457 1823 493 1850; x_wconf 88' lang='lat' dir='ltr'><strong>et</strong></span> <span class='ocrx_word' id='word_1_156' title='bbox 523 1818 781 1858; x_wconf 82' lang='lat' dir='ltr'><strong>poculentorum</strong></span> <span class='ocrx_word' id='word_1_157' title='bbox 807 1818 891 1849; x_wconf 87' lang='lat' dir='ltr'><strong>deli·</strong></span> 
     </span>
     <span class='ocr_line' id='line_1_31' title="bbox 186 1868 889 1900; baseline 0 0"><span class='ocrx_word' id='word_1_158' title='bbox 186 1869 277 1900; x_wconf 88' lang='lat' dir='ltr'><strong>cias:</strong></span> <span class='ocrx_word' id='word_1_159' title='bbox 302 1878 379 1899; x_wconf 87' lang='lat' dir='ltr'><strong>nam</strong></span> <span class='ocrx_word' id='word_1_160' title='bbox 404 1873 440 1900; x_wconf 87' lang='lat' dir='ltr'><strong>et</strong></span> <span class='ocrx_word' id='word_1_161' title='bbox 465 1868 591 1900; x_wconf 88' lang='lat' dir='ltr'><strong>‘liberi</strong></span> <span class='ocrx_word' id='word_1_162' title='bbox 618 1868 774 1900; x_wconf 84' lang='lat' dir='ltr'><strong>bellaria’</strong></span> <span class='ocrx_word' id='word_1_163' title='bbox 797 1868 889 1900; x_wconf 87' lang='lat' dir='ltr'><strong>dice·</strong></span> 
     </span>
     <span class='ocr_line' id='line_1_32' title="bbox 189 1919 393 1950; baseline 0 0"><span class='ocrx_word' id='word_1_164' title='bbox 189 1919 284 1950; x_wconf 89' lang='lat' dir='ltr'><strong>bant.</strong></span> <span class='ocrx_word' id='word_1_165' title='bbox 309 1920 393 1950; x_wconf 81' lang='lat' dir='ltr'><strong>Dae.</strong></span> 
     </span>
    </p>

    <p class='ocr_par' dir='ltr' id='par_1_12' title="bbox 186 1969 892 2460">
     <span class='ocr_line' id='line_1_33' title="bbox 231 1969 888 2010; baseline 0 -10"><span class='ocrx_word' id='word_1_166' title='bbox 231 1975 245 1989; x_wconf 83' lang='lat'><strong>¹¹</strong></span> <span class='ocrx_word' id='word_1_167' title='bbox 275 1970 483 2010; x_wconf 79' lang='lat' dir='ltr'><strong>Bellicrepam</strong></span> <span class='ocrx_word' id='word_1_168' title='bbox 514 1969 727 2009; x_wconf 73' lang='lat' dir='ltr'><strong>saltationem]</strong></span> <span class='ocrx_word' id='word_1_169' title='bbox 773 1969 888 2001; x_wconf 79' lang='lat' dir='ltr'><strong>Gloss.</strong></span> 
     </span>
     <span class='ocr_line' id='line_1_34' title="bbox 187 2018 889 2060; baseline 0 -10"><span class='ocrx_word' id='word_1_170' title='bbox 187 2018 324 2058; x_wconf 81' lang='lat' dir='ltr'><strong>Isidori,</strong></span> <span class='ocrx_word' id='word_1_171' title='bbox 348 2023 356 2036; x_wconf 91' lang='lat'><em>‘</em></span> <span class='ocrx_word' id='word_1_172' title='bbox 374 2020 568 2060; x_wconf 88' lang='lat' dir='ltr'><strong>Bellicrepa</strong></span> <span class='ocrx_word' id='word_1_173' title='bbox 591 2019 760 2060; x_wconf 84' lang='lat' dir='ltr'><strong>quoddam</strong></span> <span class='ocrx_word' id='word_1_174' title='bbox 783 2028 889 2059; x_wconf 88' lang='lat' dir='ltr'><strong>genus</strong></span> 
     </span>
     <span class='ocr_line' id='line_1_35' title="bbox 187 2069 890 2109; baseline 0.001 -9"><span class='ocrx_word' id='word_1_175' title='bbox 187 2069 342 2101; x_wconf 92' lang='lat' dir='ltr'><strong>ludorum</strong></span> <span class='ocrx_word' id='word_1_176' title='bbox 370 2079 447 2101; x_wconf 90' lang='lat' dir='ltr'><strong>cum</strong></span> <span class='ocrx_word' id='word_1_177' title='bbox 475 2069 640 2101; x_wconf 84' lang='lat' dir='ltr'><strong>armatis.’</strong></span> <span class='ocrx_word' id='word_1_178' title='bbox 675 2070 783 2109; x_wconf 84' lang='lat' dir='ltr'><strong>Lege,</strong></span> <span class='ocrx_word' id='word_1_179' title='bbox 806 2069 890 2101; x_wconf 78' lang='lat' dir='ltr'><strong>belli-</strong></span> 
     </span>
     <span class='ocr_line' id='line_1_36' title="bbox 186 2118 889 2161; baseline -0.001 -11"><span class='ocrx_word' id='word_1_180' title='bbox 186 2130 277 2161; x_wconf 84' lang='lat' dir='ltr'><strong>crepa</strong></span> <span class='ocrx_word' id='word_1_181' title='bbox 291 2120 430 2152; x_wconf 65' lang='lat' dir='ltr'><strong>saltatim</strong></span> <span class='ocrx_word' id='word_1_182' title='bbox 455 2121 505 2151; x_wconf 88' lang='lat' dir='ltr'><strong>Ea</strong></span> <span class='ocrx_word' id='word_1_183' title='bbox 525 2120 657 2151; x_wconf 76' lang='lat' dir='ltr'><strong>Gr‘aecis</strong></span> <span class='ocrx_word' id='word_1_184' title='bbox 680 2118 824 2150; x_wconf 82' lang='grc' dir='ltr'>ἐνόπλιος</span> <span class='ocrx_word' id='word_1_185' title='bbox 842 2119 889 2159; x_wconf 82' lang='grc' dir='ltr'><strong>ὄρ-</strong></span> 
     </span>
     <span class='ocr_line' id='line_1_37' title="bbox 187 2170 892 2209; baseline 0 -8"><span class='ocrx_word' id='word_1_186' title='bbox 187 2181 292 2209; x_wconf 86' lang='grc' dir='ltr'>χησις.</span> <span class='ocrx_word' id='word_1_187' title='bbox 308 2170 339 2201; x_wconf 94' lang='grc' dir='ltr'><strong>Α</strong></span> <span class='ocrx_word' id='word_1_188' title='bbox 353 2171 496 2201; x_wconf 89' lang='lat' dir='ltr'><strong>Romulo</strong></span> <span class='ocrx_word' id='word_1_189' title='bbox 510 2171 701 2201; x_wconf 89' lang='lat' dir='ltr'><strong>institutam</strong></span> <span class='ocrx_word' id='word_1_190' title='bbox 715 2171 800 2202; x_wconf 87' lang='lat' dir='ltr'><strong>dicit</strong></span> <span class='ocrx_word' id='word_1_191' title='bbox 812 2172 892 2201; x_wconf 87' lang='lat' dir='ltr'><strong>Fes-</strong></span> 
     </span>
     <span class='ocr_line' id='line_1_38' title="bbox 188 2221 891 2257; baseline -0.001 -5"><span class='ocrx_word' id='word_1_192' title='bbox 188 2226 256 2257; x_wconf 77' lang='lat' dir='ltr'><strong>tuS,</strong></span> <span class='ocrx_word' id='word_1_193' title='bbox 281 2221 339 2252; x_wconf 88' lang='lat' dir='ltr'><strong>sed</strong></span> <span class='ocrx_word' id='word_1_194' title='bbox 356 2225 435 2252; x_wconf 83' lang='lat' dir='ltr'><strong>ante</strong></span> <span class='ocrx_word' id='word_1_195' title='bbox 455 2222 634 2252; x_wconf 88' lang='lat' dir='ltr'><strong>Romulum</strong></span> <span class='ocrx_word' id='word_1_196' title='bbox 653 2230 726 2251; x_wconf 89' lang='lat' dir='ltr'><strong>eam</strong></span> <span class='ocrx_word' id='word_1_197' title='bbox 744 2221 891 2252; x_wconf 84' lang='lat' dir='ltr'><strong>Curetes</strong></span> 
     </span>
     <span class='ocr_line' id='line_1_39' title="bbox 188 2270 891 2302; baseline 0 0"><span class='ocrx_word' id='word_1_198' title='bbox 188 2275 427 2302; x_wconf 83' lang='lat' dir='ltr'><strong>exercuerant.</strong></span> <span class='ocrx_word' id='word_1_199' title='bbox 452 2271 648 2302; x_wconf 89' lang='lat' dir='ltr'><strong>Callimach.</strong></span> <span class='ocrx_word' id='word_1_200' title='bbox 661 2270 777 2301; x_wconf 88' lang='lat' dir='ltr'><strong>etalii.</strong></span> <span class='ocrx_word' id='word_1_201' title='bbox 802 2270 891 2302; x_wconf 87' lang='lat' dir='ltr'><strong>Vide</strong></span> 
     </span>
     <span class='ocr_line' id='line_1_40' title="bbox 186 2318 891 2360; baseline 0 -9"><span class='ocrx_word' id='word_1_202' title='bbox 186 2321 195 2337; x_wconf 92' lang='lat'>‘</span> <span class='ocrx_word' id='word_1_203' title='bbox 213 2320 346 2352; x_wconf 85' lang='lat' dir='ltr'><strong>Salios.&#39;</strong></span> <span class='ocrx_word' id='word_1_204' title='bbox 391 2321 480 2351; x_wconf 84' lang='lat' dir='ltr'><strong>Haec</strong></span> <span class='ocrx_word' id='word_1_205' title='bbox 496 2319 614 2351; x_wconf 88' lang='lat' dir='ltr'><strong>eadem</strong></span> <span class='ocrx_word' id='word_1_206' title='bbox 631 2318 695 2351; x_wconf 86' lang='lat' dir='ltr'><strong>fuit</strong></span> <span class='ocrx_word' id='word_1_207' title='bbox 714 2329 789 2360; x_wconf 85' lang='lat' dir='ltr'><strong>quae</strong></span> <span class='ocrx_word' id='word_1_208' title='bbox 809 2320 891 2351; x_wconf 90' lang='lat' dir='ltr'><strong>Cre-</strong></span> 
     </span>
     <span class='ocr_line' id='line_1_41' title="bbox 189 2368 890 2410; baseline -0.001 -10"><span class='ocrx_word' id='word_1_209' title='bbox 189 2370 337 2400; x_wconf 83' lang='lat' dir='ltr'><strong>tensium</strong></span> <span class='ocrx_word' id='word_1_210' title='bbox 375 2370 564 2410; x_wconf 89' lang='lat' dir='ltr'><strong>pyrrhicha,</strong></span> <span class='ocrx_word' id='word_1_211' title='bbox 598 2369 662 2401; x_wconf 85' lang='lat' dir='ltr'><strong>nisi</strong></span> <span class='ocrx_word' id='word_1_212' title='bbox 701 2368 789 2410; x_wconf 92' lang='lat' dir='ltr'><strong>quod</strong></span> <span class='ocrx_word' id='word_1_213' title='bbox 827 2369 890 2400; x_wconf 83' lang='lat' dir='ltr'><strong>ista</strong></span> 
     </span>
     <span class='ocr_line' id='line_1_42' title="bbox 190 2419 456 2460; baseline 0.008 -12"><span class='ocrx_word' id='word_1_214' title='bbox 190 2420 334 2460; x_wconf 85' lang='lat' dir='ltr'><strong>gravior.</strong></span> <span class='ocrx_word' id='word_1_215' title='bbox 358 2419 456 2451; x_wconf 82' lang='lat' dir='ltr'><strong>Idem.</strong></span> 
     </span>
    </p>

    <p class='ocr_par' dir='ltr' id='par_1_13' title="bbox 187 2469 889 2761">
     <span class='ocr_line' id='line_1_43' title="bbox 232 2469 889 2511; baseline -0.002 -10"><span class='ocrx_word' id='word_1_216' title='bbox 232 2474 247 2489; x_wconf 67' lang='grc' dir='ltr'><strong>Χ</strong></span> <span class='ocrx_word' id='word_1_217' title='bbox 271 2469 418 2509; x_wconf 83' lang='lat' dir='ltr'><strong>Bellona]</strong></span> <span class='ocrx_word' id='word_1_218' title='bbox 447 2469 561 2510; x_wconf 85' lang='lat' dir='ltr'><strong>Hujus</strong></span> <span class='ocrx_word' id='word_1_219' title='bbox 578 2469 627 2501; x_wconf 90' lang='lat' dir='ltr'><strong>rei</strong></span> <span class='ocrx_word' id='word_1_220' title='bbox 644 2470 779 2510; x_wconf 90' lang='lat' dir='ltr'><strong>penitus</strong></span> <span class='ocrx_word' id='word_1_221' title='bbox 796 2470 889 2511; x_wconf 81' lang='lat' dir='ltr'><strong>igno-</strong></span> 
     </span>
     <span class='ocr_line' id='line_1_44' title="bbox 190 2520 889 2559; baseline 0 -8"><span class='ocrx_word' id='word_1_222' title='bbox 190 2525 266 2551; x_wconf 88' lang='lat' dir='ltr'><strong>rata</strong></span> <span class='ocrx_word' id='word_1_223' title='bbox 283 2520 370 2551; x_wconf 88' lang='lat' dir='ltr'><strong>ratio</strong></span> <span class='ocrx_word' id='word_1_224' title='bbox 394 2524 490 2552; x_wconf 84' lang='lat' dir='ltr'><strong>extat</strong></span> <span class='ocrx_word' id='word_1_225' title='bbox 512 2520 600 2559; x_wconf 86' lang='lat' dir='ltr'><strong>apud</strong></span> <span class='ocrx_word' id='word_1_226' title='bbox 625 2520 889 2552; x_wconf 85' lang='lat' dir='ltr'><strong>vetustissimum</strong></span> 
     </span>
     <span class='ocr_line' id='line_1_45' title="bbox 188 2570 889 2611; baseline -0.001 -10"><span class='ocrx_word' id='word_1_227' title='bbox 188 2571 410 2611; x_wconf 84' lang='lat' dir='ltr'><strong>interpretem</strong></span> <span class='ocrx_word' id='word_1_228' title='bbox 437 2570 583 2610; x_wconf 86' lang='lat' dir='ltr'><strong>Virgilii,</strong></span> <span class='ocrx_word' id='word_1_229' title='bbox 614 2570 669 2610; x_wconf 92' lang='lat' dir='ltr'><strong>qui</strong></span> <span class='ocrx_word' id='word_1_230' title='bbox 702 2574 754 2600; x_wconf 89' lang='lat' dir='ltr'><strong>est</strong></span> <span class='ocrx_word' id='word_1_231' title='bbox 784 2579 889 2609; x_wconf 89' lang='lat' dir='ltr'><strong>penes</strong></span> 
     </span>
     <span class='ocr_line' id='line_1_46' title="bbox 187 2618 889 2654; baseline -0.003 -3"><span class='ocrx_word' id='word_1_232' title='bbox 187 2620 369 2651; x_wconf 88' lang='lat' dir='ltr'><strong>Danielem</strong></span> <span class='ocrx_word' id='word_1_233' title='bbox 394 2624 555 2651; x_wconf 88' lang='lat' dir='ltr'><strong>nostrum.</strong></span> <span class='ocrx_word' id='word_1_234' title='bbox 585 2618 595 2636; x_wconf 91' lang='lat'>‘</span> <span class='ocrx_word' id='word_1_235' title='bbox 612 2618 699 2650; x_wconf 83' lang='lat' dir='ltr'><strong>Post</strong></span> <span class='ocrx_word' id='word_1_236' title='bbox 726 2619 889 2654; x_wconf 87' lang='lat' dir='ltr'><strong>tertium‚’</strong></span> 
     </span>
     <span class='ocr_line' id='line_1_47' title="bbox 188 2668 889 2711; baseline -0.001 -11"><span class='ocrx_word' id='word_1_237' title='bbox 188 2670 310 2711; x_wconf 88' lang='lat' dir='ltr'><strong>inquit,</strong></span> <span class='ocrx_word' id='word_1_238' title='bbox 332 2670 342 2686; x_wconf 85' lang='lat'>‘</span> <span class='ocrx_word' id='word_1_239' title='bbox 359 2675 395 2701; x_wconf 84' lang='lat' dir='ltr'><strong>et</strong></span> <span class='ocrx_word' id='word_1_240' title='bbox 425 2669 631 2700; x_wconf 85' lang='lat' dir='ltr'><strong>tricesimum</strong></span> <span class='ocrx_word' id='word_1_241' title='bbox 659 2668 763 2707; x_wconf 89' lang='lat' dir='ltr'><strong>diem,</strong></span> <span class='ocrx_word' id='word_1_242' title='bbox 788 2678 889 2709; x_wconf 87' lang='lat' dir='ltr'><strong>quam</strong></span> 
     </span>
     <span class='ocr_line' id='line_1_48' title="bbox 190 2719 888 2761; baseline 0.001 -12"><span class='ocrx_word' id='word_1_243' title='bbox 190 2728 243 2750; x_wconf 89' lang='lat' dir='ltr'><strong>res</strong></span> <span class='ocrx_word' id='word_1_244' title='bbox 260 2720 465 2761; x_wconf 77' lang='lat' dir='ltr'><strong>repetissent</strong></span> <span class='ocrx_word' id='word_1_245' title='bbox 481 2719 524 2751; x_wconf 85' lang='lat' dir='ltr'><strong>ab</strong></span> <span class='ocrx_word' id='word_1_246' title='bbox 543 2719 706 2759; x_wconf 83' lang='lat' dir='ltr'><strong>hostibus,</strong></span> <span class='ocrx_word' id='word_1_247' title='bbox 734 2719 888 2750; x_wconf 87' lang='lat' dir='ltr'><strong>Feciales</strong></span> 
     </span>
    </p>
   </div>
   <div class='ocr_carea' id='block_1_11' title="bbox 941 1062 1648 1808">
    <p class='ocr_par' dir='ltr' id='par_1_14' title="bbox 941 1062 1648 1808">
     <span class='ocr_line' id='line_1_49' title="bbox 941 1062 1639 1104; baseline -0.004 -8"><span class='ocrx_word' id='word_1_248' title='bbox 941 1066 1075 1097; x_wconf 86' lang='lat' dir='ltr'><strong>hastam</strong></span> <span class='ocrx_word' id='word_1_249' title='bbox 1108 1065 1300 1096; x_wconf 85' lang='lat' dir='ltr'><strong>mittebant.</strong></span> <span class='ocrx_word' id='word_1_250' title='bbox 1364 1062 1524 1104; x_wconf 88' lang='lat' dir='ltr'><strong>Denique</strong></span> <span class='ocrx_word' id='word_1_251' title='bbox 1563 1072 1639 1094; x_wconf 88' lang='lat' dir='ltr'><strong>cum</strong></span> 
     </span>
     <span class='ocr_line' id='line_1_50' title="bbox 941 1115 1644 1157; baseline -0.003 -10"><span class='ocrx_word' id='word_1_252' title='bbox 941 1116 1063 1157; x_wconf 82' lang='lat' dir='ltr'><strong>Pyrrhi</strong></span> <span class='ocrx_word' id='word_1_253' title='bbox 1089 1117 1297 1157; x_wconf 84' lang='lat' dir='ltr'><strong>temporibus</strong></span> <span class='ocrx_word' id='word_1_254' title='bbox 1327 1115 1508 1146; x_wconf 85' lang='lat' dir='ltr'><strong>adversum</strong></span> <span class='ocrx_word' id='word_1_255' title='bbox 1533 1118 1644 1145; x_wconf 82' lang='lat' dir='ltr'><strong>trans-</strong></span> 
     </span>
     <span class='ocr_line' id='line_1_51' title="bbox 942 1164 1645 1204; baseline -0.004 -7"><span class='ocrx_word' id='word_1_256' title='bbox 942 1167 1108 1197; x_wconf 88' lang='lat' dir='ltr'><strong>marinum</strong></span> <span class='ocrx_word' id='word_1_257' title='bbox 1123 1167 1254 1197; x_wconf 87' lang='lat' dir='ltr'><strong>hostem</strong></span> <span class='ocrx_word' id='word_1_258' title='bbox 1273 1165 1398 1196; x_wconf 83' lang='lat' dir='ltr'><strong>bellum</strong></span> <span class='ocrx_word' id='word_1_259' title='bbox 1416 1164 1557 1195; x_wconf 87' lang='lat' dir='ltr'><strong>Romani</strong></span> <span class='ocrx_word' id='word_1_260' title='bbox 1572 1173 1645 1204; x_wconf 85' lang='lat' dir='ltr'><strong>ges-</strong></span> 
     </span>
     <span class='ocr_line' id='line_1_52' title="bbox 943 1215 1644 1256; baseline -0.003 -9"><span class='ocrx_word' id='word_1_261' title='bbox 943 1217 1009 1247; x_wconf 86' lang='lat' dir='ltr'><strong>turi</strong></span> <span class='ocrx_word' id='word_1_262' title='bbox 1026 1222 1157 1256; x_wconf 85' lang='lat' dir='ltr'><strong>essent,</strong></span> <span class='ocrx_word' id='word_1_263' title='bbox 1169 1226 1231 1247; x_wconf 81' lang='lat' dir='ltr'><strong>nec</strong></span> <span class='ocrx_word' id='word_1_264' title='bbox 1249 1216 1440 1247; x_wconf 88' lang='lat' dir='ltr'><strong>invenirent</strong></span> <span class='ocrx_word' id='word_1_265' title='bbox 1452 1215 1644 1254; x_wconf 89' lang='lat' dir='ltr'><strong>locum,ubi</strong></span> 
     </span>
     <span class='ocr_line' id='line_1_53' title="bbox 943 1265 1647 1306; baseline -0.001 -11"><span class='ocrx_word' id='word_1_266' title='bbox 943 1266 1027 1298; x_wconf 86' lang='lat' dir='ltr'><strong>hanc</strong></span> <span class='ocrx_word' id='word_1_267' title='bbox 1045 1266 1281 1297; x_wconf 83' lang='lat' dir='ltr'><strong>solennitatem</strong></span> <span class='ocrx_word' id='word_1_268' title='bbox 1301 1275 1362 1306; x_wconf 86' lang='lat' dir='ltr'><strong>per</strong></span> <span class='ocrx_word' id='word_1_269' title='bbox 1386 1265 1542 1296; x_wconf 87' lang='lat' dir='ltr'><strong>Feciales</strong></span> <span class='ocrx_word' id='word_1_270' title='bbox 1560 1265 1647 1295; x_wconf 90' lang='lat' dir='ltr'><strong>indi-</strong></span> 
     </span>
     <span class='ocr_line' id='line_1_54' title="bbox 943 1315 1647 1355; baseline -0.003 -7"><span class='ocrx_word' id='word_1_271' title='bbox 943 1316 1042 1348; x_wconf 83' lang='lat' dir='ltr'><strong>cendi</strong></span> <span class='ocrx_word' id='word_1_272' title='bbox 1056 1317 1136 1348; x_wconf 89' lang='lat' dir='ltr'><strong>belli</strong></span> <span class='ocrx_word' id='word_1_273' title='bbox 1149 1317 1374 1354; x_wconf 84' lang='lat' dir='ltr'><strong>celebrarent,</strong></span> <span class='ocrx_word' id='word_1_274' title='bbox 1385 1315 1554 1347; x_wconf 89' lang='lat' dir='ltr'><strong>dederunt</strong></span> <span class='ocrx_word' id='word_1_275' title='bbox 1566 1325 1647 1355; x_wconf 85' lang='lat' dir='ltr'><strong>ope·</strong></span> 
     </span>
     <span class='ocr_line' id='line_1_55' title="bbox 943 1366 1645 1408; baseline -0.004 -9"><span class='ocrx_word' id='word_1_276' title='bbox 943 1378 1027 1406; x_wconf 88' lang='lat' dir='ltr'><strong>ram,</strong></span> <span class='ocrx_word' id='word_1_277' title='bbox 1046 1373 1084 1399; x_wconf 90' lang='lat' dir='ltr'><strong>ut</strong></span> <span class='ocrx_word' id='word_1_278' title='bbox 1101 1378 1185 1399; x_wconf 89' lang='lat' dir='ltr'><strong>unus</strong></span> <span class='ocrx_word' id='word_1_279' title='bbox 1202 1368 1245 1399; x_wconf 91' lang='lat' dir='ltr'><strong>de</strong></span> <span class='ocrx_word' id='word_1_280' title='bbox 1269 1368 1392 1408; x_wconf 89' lang='lat' dir='ltr'><strong>Pyrrhi</strong></span> <span class='ocrx_word' id='word_1_281' title='bbox 1410 1366 1573 1397; x_wconf 85' lang='lat' dir='ltr'><strong>militibus</strong></span> <span class='ocrx_word' id='word_1_282' title='bbox 1592 1375 1645 1397; x_wconf 85' lang='lat' dir='ltr'><strong>ca-</strong></span> 
     </span>
     <span class='ocr_line' id='line_1_56' title="bbox 943 1415 1646 1458; baseline -0.006 -9"><span class='ocrx_word' id='word_1_283' title='bbox 943 1422 1097 1458; x_wconf 88' lang='lat' dir='ltr'><strong>peretur,</strong></span> <span class='ocrx_word' id='word_1_284' title='bbox 1115 1427 1215 1458; x_wconf 90' lang='lat' dir='ltr'><strong>quem</strong></span> <span class='ocrx_word' id='word_1_285' title='bbox 1231 1416 1385 1448; x_wconf 84' lang='lat' dir='ltr'><strong>fecerant</strong></span> <span class='ocrx_word' id='word_1_286' title='bbox 1401 1416 1433 1447; x_wconf 90' lang='lat' dir='ltr'><strong>in</strong></span> <span class='ocrx_word' id='word_1_287' title='bbox 1455 1416 1554 1447; x_wconf 87' lang='lat' dir='ltr'><strong>Circo</strong></span> <span class='ocrx_word' id='word_1_288' title='bbox 1572 1415 1646 1445; x_wconf 84' lang='lat' dir='ltr'><strong>Fla-</strong></span> 
     </span>
     <span class='ocr_line' id='line_1_57' title="bbox 943 1465 1647 1507; baseline -0.006 -9"><span class='ocrx_word' id='word_1_289' title='bbox 943 1467 1045 1498; x_wconf 89' lang='lat' dir='ltr'><strong>minio</strong></span> <span class='ocrx_word' id='word_1_290' title='bbox 1061 1468 1174 1499; x_wconf 89' lang='lat' dir='ltr'><strong>locum</strong></span> <span class='ocrx_word' id='word_1_291' title='bbox 1191 1476 1328 1506; x_wconf 84' lang='lat' dir='ltr'><strong>capere,</strong></span> <span class='ocrx_word' id='word_1_292' title='bbox 1353 1471 1390 1496; x_wconf 90' lang='lat' dir='ltr'><strong>ut</strong></span> <span class='ocrx_word' id='word_1_293' title='bbox 1412 1466 1507 1507; x_wconf 86' lang='lat' dir='ltr'><strong>quasi</strong></span> <span class='ocrx_word' id='word_1_294' title='bbox 1524 1466 1556 1495; x_wconf 90' lang='lat' dir='ltr'><strong>in</strong></span> <span class='ocrx_word' id='word_1_295' title='bbox 1573 1465 1647 1495; x_wconf 86' lang='lat' dir='ltr'><strong>hos·</strong></span> 
     </span>
     <span class='ocr_line' id='line_1_58' title="bbox 944 1516 1646 1558; baseline -0.006 -9"><span class='ocrx_word' id='word_1_296' title='bbox 944 1519 995 1549; x_wconf 90' lang='lat' dir='ltr'><strong>tili</strong></span> <span class='ocrx_word' id='word_1_297' title='bbox 1014 1518 1158 1558; x_wconf 90' lang='lat' dir='ltr'><strong>locojus</strong></span> <span class='ocrx_word' id='word_1_298' title='bbox 1177 1517 1255 1547; x_wconf 87' lang='lat' dir='ltr'><strong>belli</strong></span> <span class='ocrx_word' id='word_1_299' title='bbox 1269 1516 1439 1547; x_wconf 87' lang='lat' dir='ltr'><strong>indicendi</strong></span> <span class='ocrx_word' id='word_1_300' title='bbox 1453 1516 1646 1555; x_wconf 77' lang='lat' dir='ltr'><strong>implerent.</strong></span> 
     </span>
     <span class='ocr_line' id='line_1_59' title="bbox 944 1565 1648 1609; baseline -0.009 -9"><span class='ocrx_word' id='word_1_301' title='bbox 944 1569 1100 1609; x_wconf 88' lang='lat' dir='ltr'><strong>Denique</strong></span> <span class='ocrx_word' id='word_1_302' title='bbox 1119 1569 1151 1599; x_wconf 89' lang='lat' dir='ltr'><strong>in</strong></span> <span class='ocrx_word' id='word_1_303' title='bbox 1169 1578 1208 1599; x_wconf 89' lang='lat' dir='ltr'><strong>eo</strong></span> <span class='ocrx_word' id='word_1_304' title='bbox 1227 1568 1298 1598; x_wconf 91' lang='lat' dir='ltr'><strong>loco</strong></span> <span class='ocrx_word' id='word_1_305' title='bbox 1315 1572 1392 1598; x_wconf 85' lang='lat' dir='ltr'><strong>ante</strong></span> <span class='ocrx_word' id='word_1_306' title='bbox 1410 1565 1516 1597; x_wconf 80' lang='lat' dir='ltr'><strong>aedem</strong></span> <span class='ocrx_word' id='word_1_307' title='bbox 1536 1566 1648 1595; x_wconf 90' lang='lat' dir='ltr'><strong>Bello-</strong></span> 
     </span>
     <span class='ocr_line' id='line_1_60' title="bbox 942 1614 1646 1649; baseline -0.007 0"><span class='ocrx_word' id='word_1_308' title='bbox 942 1628 995 1649; x_wconf 87' lang='lat' dir='ltr'><strong>nae</strong></span> <span class='ocrx_word' id='word_1_309' title='bbox 1021 1622 1221 1649; x_wconf 83' lang='lat' dir='ltr'><strong>consecrata</strong></span> <span class='ocrx_word' id='word_1_310' title='bbox 1244 1622 1296 1647; x_wconf 88' lang='lat' dir='ltr'><strong>est</strong></span> <span class='ocrx_word' id='word_1_311' title='bbox 1317 1614 1499 1647; x_wconf 86' lang='lat' dir='ltr'><strong>columna.&#39;</strong></span> <span class='ocrx_word' id='word_1_312' title='bbox 1535 1614 1646 1644; x_wconf 87' lang='lat' dir='ltr'><strong>Varro</strong></span> 
     </span>
     <span class='ocr_line' id='line_1_61' title="bbox 943 1664 1648 1704; baseline -0.006 -6"><span class='ocrx_word' id='word_1_313' title='bbox 943 1668 977 1698; x_wconf 92' lang='lat' dir='ltr'><strong>in</strong></span> <span class='ocrx_word' id='word_1_314' title='bbox 995 1667 1121 1699; x_wconf 87' lang='lat' dir='ltr'><strong>Caleno</strong></span> <span class='ocrx_word' id='word_1_315' title='bbox 1139 1667 1186 1698; x_wconf 84' lang='lat' dir='ltr'><strong>ita</strong></span> <span class='ocrx_word' id='word_1_316' title='bbox 1212 1666 1280 1697; x_wconf 86' lang='lat' dir='ltr'><strong>ait:</strong></span> <span class='ocrx_word' id='word_1_317' title='bbox 1307 1667 1315 1683; x_wconf 93' lang='lat'>‘</span> <span class='ocrx_word' id='word_1_318' title='bbox 1330 1667 1460 1701; x_wconf 87' lang='lat' dir='ltr'><strong>Duces,</strong></span> <span class='ocrx_word' id='word_1_319' title='bbox 1483 1673 1559 1695; x_wconf 90' lang='lat' dir='ltr'><strong>cum</strong></span> <span class='ocrx_word' id='word_1_320' title='bbox 1581 1664 1648 1704; x_wconf 87' lang='lat' dir='ltr'><strong>pri·</strong></span> 
     </span>
     <span class='ocr_line' id='line_1_62' title="bbox 943 1713 1646 1756; baseline -0.007 -8"><span class='ocrx_word' id='word_1_321' title='bbox 943 1726 1032 1748; x_wconf 89' lang='lat' dir='ltr'><strong>mum</strong></span> <span class='ocrx_word' id='word_1_322' title='bbox 1050 1717 1208 1748; x_wconf 83' lang='lat' dir='ltr'><strong>hostilem</strong></span> <span class='ocrx_word' id='word_1_323' title='bbox 1224 1725 1341 1756; x_wconf 85' lang='lat' dir='ltr'><strong>agrum</strong></span> <span class='ocrx_word' id='word_1_324' title='bbox 1354 1714 1546 1750; x_wconf 86' lang='lat' dir='ltr'><strong>introirent,</strong></span> <span class='ocrx_word' id='word_1_325' title='bbox 1564 1713 1646 1744; x_wconf 89' lang='lat' dir='ltr'><strong>omi-</strong></span> 
     </span>
     <span class='ocr_line' id='line_1_63' title="bbox 944 1765 1646 1808; baseline -0.009 -9"><span class='ocrx_word' id='word_1_326' title='bbox 944 1767 995 1799; x_wconf 86' lang='lat' dir='ltr'><strong>nis</strong></span> <span class='ocrx_word' id='word_1_327' title='bbox 1012 1777 1113 1799; x_wconf 82' lang='lat' dir='ltr'><strong>causa</strong></span> <span class='ocrx_word' id='word_1_328' title='bbox 1126 1767 1220 1808; x_wconf 89' lang='lat' dir='ltr'><strong>prius</strong></span> <span class='ocrx_word' id='word_1_329' title='bbox 1236 1766 1365 1796; x_wconf 80' lang='lat' dir='ltr'><strong>hastam</strong></span> <span class='ocrx_word' id='word_1_330' title='bbox 1387 1765 1419 1795; x_wconf 93' lang='lat' dir='ltr'><strong>in</strong></span> <span class='ocrx_word' id='word_1_331' title='bbox 1433 1774 1510 1795; x_wconf 92' lang='lat' dir='ltr'><strong>eum</strong></span> <span class='ocrx_word' id='word_1_332' title='bbox 1528 1772 1646 1804; x_wconf 83' lang='lat' dir='ltr'><strong>agrum</strong></span> 
     </span>
    </p>
   </div>
   <div class='ocr_carea' id='block_1_12' title="bbox 943 1814 1649 2157">
    <p class='ocr_par' dir='ltr' id='par_1_15' title="bbox 943 1814 1646 1898">
     <span class='ocr_line' id='line_1_64' title="bbox 944 1814 1646 1858; baseline -0.006 -9"><span class='ocrx_word' id='word_1_333' title='bbox 944 1819 1139 1858; x_wconf 86' lang='lat' dir='ltr'><strong>mittebant,</strong></span> <span class='ocrx_word' id='word_1_334' title='bbox 1153 1822 1192 1849; x_wconf 88' lang='lat' dir='ltr'><strong>ut</strong></span> <span class='ocrx_word' id='word_1_335' title='bbox 1203 1816 1325 1848; x_wconf 86' lang='lat' dir='ltr'><strong>castris</strong></span> <span class='ocrx_word' id='word_1_336' title='bbox 1339 1816 1450 1847; x_wconf 90' lang='lat' dir='ltr'><strong>locum</strong></span> <span class='ocrx_word' id='word_1_337' title='bbox 1462 1814 1646 1855; x_wconf 83' lang='lat' dir='ltr'><strong>caperent.’</strong></span> 
     </span>
     <span class='ocr_line' id='line_1_65' title="bbox 943 1867 1113 1898; baseline -0.006 0"><span class='ocrx_word' id='word_1_338' title='bbox 943 1867 1013 1898; x_wconf 86' lang='lat' dir='ltr'><strong>Jos.</strong></span> <span class='ocrx_word' id='word_1_339' title='bbox 1029 1867 1113 1898; x_wconf 87' lang='lat' dir='ltr'><strong>Scal.</strong></span> 
     </span>
    </p>

    <p class='ocr_par' dir='ltr' id='par_1_16' title="bbox 944 1913 1649 2057">
     <span class='ocr_line' id='line_1_66' title="bbox 988 1913 1649 1957; baseline -0.008 -9"><span class='ocrx_word' id='word_1_340' title='bbox 988 1917 1138 1957; x_wconf 87' lang='lat' dir='ltr'><strong>Bellona]</strong></span> <span class='ocrx_word' id='word_1_341' title='bbox 1187 1914 1410 1953; x_wconf 88' lang='lat' dir='ltr'><strong>Glossarium,</strong></span> <span class='ocrx_word' id='word_1_342' title='bbox 1456 1913 1466 1931; x_wconf 90' lang='lat'>‘</span> <span class='ocrx_word' id='word_1_343' title='bbox 1492 1913 1649 1951; x_wconf 88' lang='lat' dir='ltr'><strong>Bellona,</strong></span> 
     </span>
     <span class='ocr_line' id='line_1_67' title="bbox 944 1963 1648 2008; baseline -0.006 -11"><span class='ocrx_word' id='word_1_344' title='bbox 944 1967 1049 2008; x_wconf 84' lang='grc' dir='ltr'>Ἐνυὼ,</span> <span class='ocrx_word' id='word_1_345' title='bbox 1079 1966 1221 2007; x_wconf 83' lang='grc' dir='ltr'>Ἐριννὺς,</span> <span class='ocrx_word' id='word_1_346' title='bbox 1252 1965 1306 1996; x_wconf 76' lang='grc' dir='ltr'><strong>θεὰ</strong></span> <span class='ocrx_word' id='word_1_347' title='bbox 1332 1963 1499 2003; x_wconf 80' lang='grc' dir='ltr'>πολεμική.</span> <span class='ocrx_word' id='word_1_348' title='bbox 1538 1964 1648 1999; x_wconf 91' lang='lat' dir='ltr'><strong>Enuo,</strong></span> 
     </span>
     <span class='ocr_line' id='line_1_68' title="bbox 945 2014 1506 2057; baseline -0.007 -10"><span class='ocrx_word' id='word_1_349' title='bbox 945 2016 1105 2057; x_wconf 84' lang='lat' dir='ltr'><strong>Erinnys,</strong></span> <span class='ocrx_word' id='word_1_350' title='bbox 1121 2017 1195 2047; x_wconf 84' lang='lat' dir='ltr'><strong>Dea</strong></span> <span class='ocrx_word' id='word_1_351' title='bbox 1211 2014 1399 2046; x_wconf 66' lang='lat' dir='ltr'><strong>bellorum!</strong></span> <span class='ocrx_word' id='word_1_352' title='bbox 1422 2014 1506 2044; x_wconf 83' lang='lat' dir='ltr'><strong>Dae.</strong></span> 
     </span>
    </p>

    <p class='ocr_par' dir='ltr' id='par_1_17' title="bbox 945 2061 1649 2157">
     <span class='ocr_line' id='line_1_69' title="bbox 987 2061 1647 2106; baseline -0.012 -8"><span class='ocrx_word' id='word_1_353' title='bbox 987 2071 1001 2093; x_wconf 68' lang='lat' dir='ltr'><strong><em>Y</em></strong></span> <span class='ocrx_word' id='word_1_354' title='bbox 1027 2066 1211 2106; x_wconf 83' lang='lat' dir='ltr'><strong>Columella]</strong></span> <span class='ocrx_word' id='word_1_355' title='bbox 1267 2065 1381 2095; x_wconf 89' lang='lat' dir='ltr'><strong>Parva</strong></span> <span class='ocrx_word' id='word_1_356' title='bbox 1432 2061 1647 2093; x_wconf 84' lang='lat' dir='ltr'><strong>columnula:</strong></span> 
     </span>
     <span class='ocr_line' id='line_1_70' title="bbox 945 2113 1649 2157; baseline -0.011 -9"><span class='ocrx_word' id='word_1_357' title='bbox 945 2126 1021 2148; x_wconf 89' lang='lat' dir='ltr'><strong>nam</strong></span> <span class='ocrx_word' id='word_1_358' title='bbox 1042 2116 1185 2157; x_wconf 85' lang='lat' dir='ltr'><strong>Antiqui</strong></span> <span class='ocrx_word' id='word_1_359' title='bbox 1211 2114 1408 2146; x_wconf 90' lang='lat' dir='ltr'><strong>scribebant</strong></span> <span class='ocrx_word' id='word_1_360' title='bbox 1434 2113 1565 2151; x_wconf 71' lang='lat' dir='ltr'><strong>column,</strong></span> <span class='ocrx_word' id='word_1_361' title='bbox 1589 2120 1649 2141; x_wconf 92' lang='lat' dir='ltr'><strong>un-</strong></span> 
     </span>
    </p>
   </div>
   <div class='ocr_carea' id='block_1_13' title="bbox 944 2161 1651 2754">
    <p class='ocr_par' dir='ltr' id='par_1_18' title="bbox 945 2161 1650 2348">
     <span class='ocr_line' id='line_1_71' title="bbox 946 2161 1647 2201; baseline -0.01 -3"><span class='ocrx_word' id='word_1_362' title='bbox 946 2167 988 2199; x_wconf 92' lang='lat' dir='ltr'><strong>de</strong></span> <span class='ocrx_word' id='word_1_363' title='bbox 1003 2171 1096 2198; x_wconf 85' lang='lat' dir='ltr'><strong>recte</strong></span> <span class='ocrx_word' id='word_1_364' title='bbox 1113 2166 1282 2197; x_wconf 83' lang='lat' dir='ltr'><strong>columella.</strong></span> <span class='ocrx_word' id='word_1_365' title='bbox 1305 2162 1446 2196; x_wconf 81' lang='lat' dir='ltr'><strong>Quintil.</strong></span> <span class='ocrx_word' id='word_1_366' title='bbox 1460 2161 1519 2192; x_wconf 88' lang='lat' dir='ltr'><strong>lib.</strong></span> <span class='ocrx_word' id='word_1_367' title='bbox 1535 2169 1559 2192; x_wconf 86' lang='lat'><strong>1.</strong></span> <span class='ocrx_word' id='word_1_368' title='bbox 1571 2170 1647 2201; x_wconf 89' lang='lat' dir='ltr'><strong>cap.</strong></span> 
     </span>
     <span class='ocr_line' id='line_1_72' title="bbox 946 2211 1650 2250; baseline -0.014 0"><span class='ocrx_word' id='word_1_369' title='bbox 946 2221 977 2250; x_wconf 87' lang='lat'><strong>8.</strong></span> <span class='ocrx_word' id='word_1_370' title='bbox 1012 2218 1021 2234; x_wconf 88' lang='lat'>‘</span> <span class='ocrx_word' id='word_1_371' title='bbox 1038 2218 1083 2248; x_wconf 87' lang='lat' dir='ltr'><strong>Et</strong></span> <span class='ocrx_word' id='word_1_372' title='bbox 1109 2217 1241 2248; x_wconf 81' lang='lat' dir='ltr'><strong>colurna</strong></span> <span class='ocrx_word' id='word_1_373' title='bbox 1269 2218 1404 2246; x_wconf 85' lang='lat' dir='ltr'><strong>exemta</strong></span> <span class='ocrx_word' id='word_1_374' title='bbox 1433 2222 1453 2242; x_wconf 86' lang='lat' dir='ltr'><strong>n</strong></span> <span class='ocrx_word' id='word_1_375' title='bbox 1479 2211 1582 2242; x_wconf 84' lang='lat' dir='ltr'><strong>litera</strong></span> <span class='ocrx_word' id='word_1_376' title='bbox 1612 2215 1650 2242; x_wconf 87' lang='lat' dir='ltr'><strong>et</strong></span> 
     </span>
     <span class='ocr_line' id='line_1_73' title="bbox 947 2260 1648 2306; baseline -0.011 -8"><span class='ocrx_word' id='word_1_377' title='bbox 947 2269 1102 2298; x_wconf 83' lang='lat' dir='ltr'><strong>consules</strong></span> <span class='ocrx_word' id='word_1_378' title='bbox 1119 2265 1289 2306; x_wconf 83' lang='lat' dir='ltr'><strong>geminata</strong></span> <span class='ocrx_word' id='word_1_379' title='bbox 1304 2273 1320 2294; x_wconf 88' lang='lat' dir='ltr'><strong>s</strong></span> <span class='ocrx_word' id='word_1_380' title='bbox 1337 2263 1435 2293; x_wconf 88' lang='lat' dir='ltr'><strong>litera</strong></span> <span class='ocrx_word' id='word_1_381' title='bbox 1451 2261 1546 2293; x_wconf 89' lang='lat' dir='ltr'><strong>Coss.</strong></span> <span class='ocrx_word' id='word_1_382' title='bbox 1565 2260 1648 2300; x_wconf 83' lang='lat' dir='ltr'><strong>legi-</strong></span> 
     </span>
     <span class='ocr_line' id='line_1_74' title="bbox 945 2316 1165 2348; baseline -0.005 0"><span class='ocrx_word' id='word_1_383' title='bbox 945 2316 1045 2348; x_wconf 87' lang='lat' dir='ltr'><strong>mus.&#39;</strong></span> <span class='ocrx_word' id='word_1_384' title='bbox 1068 2317 1165 2347; x_wconf 77' lang='lat' dir='ltr'><strong>Idem.</strong></span> 
     </span>
    </p>

    <p class='ocr_par' dir='ltr' id='par_1_19' title="bbox 944 2360 1651 2754">
     <span class='ocr_line' id='line_1_75' title="bbox 989 2360 1646 2406; baseline -0.011 -8"><span class='ocrx_word' id='word_1_385' title='bbox 989 2374 1001 2388; x_wconf 76' lang='grc' dir='ltr'><strong>Ζ</strong></span> <span class='ocrx_word' id='word_1_386' title='bbox 1025 2367 1128 2406; x_wconf 80' lang='lat' dir='ltr'><strong>Supra</strong></span> <span class='ocrx_word' id='word_1_387' title='bbox 1157 2374 1247 2405; x_wconf 81' lang='lat' dir='ltr'><strong>quam</strong></span> <span class='ocrx_word' id='word_1_388' title='bbox 1278 2361 1414 2402; x_wconf 79' lang='lat' dir='ltr'><strong>hastam]</strong></span> <span class='ocrx_word' id='word_1_389' title='bbox 1437 2360 1575 2392; x_wconf 89' lang='lat' dir='ltr'><strong>Servius</strong></span> <span class='ocrx_word' id='word_1_390' title='bbox 1602 2360 1646 2391; x_wconf 86' lang='lat' dir='ltr'><strong>ad</strong></span> 
     </span>
     <span class='ocr_line' id='line_1_76' title="bbox 944 2412 1647 2453; baseline -0.01 -4"><span class='ocrx_word' id='word_1_391' title='bbox 944 2417 1026 2449; x_wconf 93' lang='lat' dir='ltr'><strong>illud</strong></span> <span class='ocrx_word' id='word_1_392' title='bbox 1052 2417 1109 2448; x_wconf 92' lang='lat' dir='ltr'><strong>lib.</strong></span> <span class='ocrx_word' id='word_1_393' title='bbox 1134 2425 1186 2447; x_wconf 82' lang='lat' dir='ltr'><strong>rx.</strong></span> <span class='ocrx_word' id='word_1_394' title='bbox 1222 2413 1356 2445; x_wconf 82' lang='lat' dir='ltr'><strong>AEneid.</strong></span> <span class='ocrx_word' id='word_1_395' title='bbox 1395 2414 1404 2430; x_wconf 91' lang='lat'>‘</span> <span class='ocrx_word' id='word_1_396' title='bbox 1422 2413 1466 2443; x_wconf 89' lang='lat' dir='ltr'><strong>Et</strong></span> <span class='ocrx_word' id='word_1_397' title='bbox 1492 2412 1647 2453; x_wconf 90' lang='lat' dir='ltr'><strong>jaculum</strong></span> 
     </span>
     <span class='ocr_line' id='line_1_77' title="bbox 945 2461 1648 2507; baseline -0.01 -9"><span class='ocrx_word' id='word_1_398' title='bbox 945 2468 1144 2507; x_wconf 87' lang='lat' dir='ltr'><strong>intorquens</strong></span> <span class='ocrx_word' id='word_1_399' title='bbox 1171 2464 1296 2495; x_wconf 87' lang='lat' dir='ltr'><strong>emittit</strong></span> <span class='ocrx_word' id='word_1_400' title='bbox 1322 2463 1354 2493; x_wconf 92' lang='lat' dir='ltr'><strong>in</strong></span> <span class='ocrx_word' id='word_1_401' title='bbox 1376 2471 1487 2498; x_wconf 84' lang='lat' dir='ltr'><strong>auras,</strong></span> <span class='ocrx_word' id='word_1_402' title='bbox 1513 2461 1648 2493; x_wconf 88' lang='lat' dir='ltr'><strong>Princi-</strong></span> 
     </span>
     <span class='ocr_line' id='line_1_78' title="bbox 946 2512 1651 2557; baseline -0.009 -10"><span class='ocrx_word' id='word_1_403' title='bbox 946 2517 1036 2557; x_wconf 88' lang='lat' dir='ltr'><strong>pium</strong></span> <span class='ocrx_word' id='word_1_404' title='bbox 1054 2524 1176 2556; x_wconf 87' lang='lat' dir='ltr'><strong>pugnae</strong></span> <span class='ocrx_word' id='word_1_405' title='bbox 1194 2514 1218 2545; x_wconf 86' lang='lat'><strong>:&#39;</strong></span> <span class='ocrx_word' id='word_1_406' title='bbox 1242 2514 1441 2553; x_wconf 88' lang='lat' dir='ltr'><strong>docet,cum</strong></span> <span class='ocrx_word' id='word_1_407' title='bbox 1454 2512 1578 2544; x_wconf 87' lang='lat' dir='ltr'><strong>bellum</strong></span> <span class='ocrx_word' id='word_1_408' title='bbox 1595 2513 1651 2542; x_wconf 90' lang='lat' dir='ltr'><strong>in-</strong></span> 
     </span>
     <span class='ocr_line' id='line_1_79' title="bbox 946 2562 1646 2602; baseline -0.009 -5"><span class='ocrx_word' id='word_1_409' title='bbox 946 2567 1062 2598; x_wconf 82' lang='lat' dir='ltr'><strong>dicere</strong></span> <span class='ocrx_word' id='word_1_410' title='bbox 1079 2565 1207 2596; x_wconf 83' lang='lat' dir='ltr'><strong>vellent</strong></span> <span class='ocrx_word' id='word_1_411' title='bbox 1223 2563 1378 2602; x_wconf 86' lang='lat' dir='ltr'><strong>Romani,</strong></span> <span class='ocrx_word' id='word_1_412' title='bbox 1391 2562 1544 2593; x_wconf 86' lang='lat' dir='ltr'><strong>Feciales</strong></span> <span class='ocrx_word' id='word_1_413' title='bbox 1571 2562 1646 2592; x_wconf 83' lang='lat' dir='ltr'><strong>has-</strong></span> 
     </span>
     <span class='ocr_line' id='line_1_80' title="bbox 944 2614 1644 2654; baseline -0.009 -6"><span class='ocrx_word' id='word_1_414' title='bbox 944 2622 1013 2649; x_wconf 86' lang='lat' dir='ltr'><strong>tam</strong></span> <span class='ocrx_word' id='word_1_415' title='bbox 1030 2616 1202 2654; x_wconf 82' lang='lat' dir='ltr'><strong>ferratam,</strong></span> <span class='ocrx_word' id='word_1_416' title='bbox 1217 2620 1275 2646; x_wconf 84' lang='lat' dir='ltr'><strong>aut</strong></span> <span class='ocrx_word' id='word_1_417' title='bbox 1287 2614 1505 2654; x_wconf 84' lang='lat' dir='ltr'><strong>sanguineam</strong></span> <span class='ocrx_word' id='word_1_418' title='bbox 1518 2622 1644 2653; x_wconf 83' lang='lat' dir='ltr'><strong>praeus-</strong></span> 
     </span>
     <span class='ocr_line' id='line_1_81' title="bbox 944 2664 1645 2704; baseline -0.009 -6"><span class='ocrx_word' id='word_1_419' title='bbox 944 2672 1013 2698; x_wconf 87' lang='lat' dir='ltr'><strong>tam</strong></span> <span class='ocrx_word' id='word_1_420' title='bbox 1030 2666 1072 2698; x_wconf 92' lang='lat' dir='ltr'><strong>ad</strong></span> <span class='ocrx_word' id='word_1_421' title='bbox 1087 2665 1172 2697; x_wconf 87' lang='lat' dir='ltr'><strong>fines</strong></span> <span class='ocrx_word' id='word_1_422' title='bbox 1189 2675 1303 2697; x_wconf 91' lang='lat' dir='ltr'><strong>eorum</strong></span> <span class='ocrx_word' id='word_1_423' title='bbox 1320 2664 1463 2703; x_wconf 86' lang='lat' dir='ltr'><strong>misisse,</strong></span> <span class='ocrx_word' id='word_1_424' title='bbox 1483 2668 1561 2704; x_wconf 85' lang='lat' dir='ltr'><strong>post</strong></span> <span class='ocrx_word' id='word_1_425' title='bbox 1578 2668 1645 2693; x_wconf 88' lang='lat' dir='ltr'><strong>ter-</strong></span> 
     </span>
     <span class='ocr_line' id='line_1_82' title="bbox 945 2714 1641 2754; baseline -0.013 -4"><span class='ocrx_word' id='word_1_426' title='bbox 945 2718 1026 2750; x_wconf 88' lang='lat' dir='ltr'><strong>tium</strong></span> <span class='ocrx_word' id='word_1_427' title='bbox 1054 2721 1091 2749; x_wconf 90' lang='lat' dir='ltr'><strong>et</strong></span> <span class='ocrx_word' id='word_1_428' title='bbox 1117 2716 1323 2749; x_wconf 82' lang='lat' dir='ltr'><strong>tricesimum</strong></span> <span class='ocrx_word' id='word_1_429' title='bbox 1350 2714 1437 2746; x_wconf 88' lang='lat' dir='ltr'><strong>diem</strong></span> <span class='ocrx_word' id='word_1_430' title='bbox 1463 2722 1561 2754; x_wconf 88' lang='lat' dir='ltr'><strong>quam</strong></span> <span class='ocrx_word' id='word_1_431' title='bbox 1589 2721 1641 2743; x_wconf 70' lang='lat' dir='ltr'><strong>res</strong></span> 
     </span>
    </p>
   </div>
  </div>
 </body>
</html>
