1835 2906
373 162 436 191 DE
469 161 737 193 VERBORUM
772 161 1180 193 SIGNIFIGA'I'lONE
1213 165 1306 195 LlB.
1339 166 1369 195 1.

1536 155 1592 197 83

154 256 431 311 Apollinares
458 257 624 307 ludos,g
655 258 738 299 hoc
771 263 855 307 est,
878 258 922 298 in
949 258 1122 299 laudem
1150 258 1381 313 Apollinis,
1404 261 1592 313 populus

209 327 429 367 laureatus
450 327 679 379 spectabat
696 328 809 380 stipe
829 327 937 367 data
956 340 1035 379 pro
1060 327 1270 380 cujusque
1294 327 1441 380 copia.

152 392 327 448 Ap0r‚¹⁶
343 391 356 415 *¹
391 395 523 447 apud.

152 460 516 515 Appellitavisse,
540 461 802 516 appellasse.

152 527 306 582 Appia
327 527 428 579 via,i
448 535 489 571 et
509 543 626 584 aqua
642 530 697 570 ab
720 528 872 583 Appio
895 529 1084 571 Claudio
1106 533 1176 570 est
1197 529 1446 583 appellata.-

153 594 364 648 Apricum
382 593 397 617 ¹³
419 597 567 637 locum
590 595 735 637 aSole
757 599 975 649 apertum:
998 596 1201 637 aGraeco
1222 597 1442 638 vocabulo
1464 595 1594 651 φρίκης

209 664 469 716 appellatur,
484 664 609 717 quasi
629 660 800 718 ἀφςίκης,
823 663 868 703 id
884 668 950 704 est
968 664 1063 705 sine
1083 664 1274 714 horrore,
1294 663 1504 706 videlicet
1519 665 1594 706 fri·

208 731 347 782 goris:
378 731 494 771 unde
510 731 642 771 etiam
658 734 836 784 putatur
856 730 1026 772 Africa¹
1049 732 1277 785 appellari.

152 795 300 850 Aptus
318 803 343 819 ¹¹¹
374 812 472 839 cum
493 800 670 852 propria
691 799 1004 852 significatione
1027 800 1301 853 intelligatur,
1322 800 1426 854 poni
1451 805 1595 840 tamen

209 865 323 905 solet
340 879 418 919 pro
436 866 617 920 adepto:
649 867 760 907 sicut
789 866 962 920 apiscin
984 880 1062 920 pro
1085 867 1285 920 adipisci.

153 932 319 985 Apua‚⁰
340 947 474 987 genus
497 935 663 975 minimi
681 935 899 988 pisciculi.

757 1053 955 1065 eceaeeeeeeo
961 1054 994 1064 ee

199 1130 238 1159 16
263 1129 408 1161 Quidam
427 1129 521 1170 Apot.

807 1239 950 1271 NOTAE

155 1320 283 1342 summa
299 1312 422 1353 puppis
435 1317 617 1353 parte‚non
631 1313 663 1344 in
682 1323 793 1353 prora,
810 1318 849 1345 ut

153 1361 306 1402 plerique
321 1363 486 1393 Veterum
502 1364 724 1404 scripserunt,
747 1364 849 1394 collo-

155 1417 286 1443 cantur.
342 1413 428 1443 Nam
454 1423 527 1453 quae
552 1414 585 1444 in
615 1423 714 1454 prora
738 1418 848 1453 erant,

152 1461 356 1492 dicebantur
377 1463 568 1495 acrostolia.
613 1463 775 1503 Aplustria
793 1474 848 1495 au-

152 1517 220 1542 tem
245 1518 279 1543 et
301 1514 452 1552 aplustra,
477 1523 552 1544 nam
578 1518 723 1555 utroque
750 1515 848 1546 inodo

153 1561 319 1602 Antiquos
332 1563 513 1602 protulisse
526 1563 627 1595 docet
640 1565 847 1604 Priscianus,

154 1611 277 1642 Graece
294 1611 452 1652 ἄφλαστα,
472 1619 589 1653 postea
600 1616 848 1655 amplustrumet

151 1663 317 1702 amplustre
333 1664 460 1694 (lictum
475 1671 536 1694 est.
561 1665 642 1695 Dae.

194 1718 210 1740 ἐς
227 1713 426 1753 Apollinares
447 1714 548 1754 ludos]
575 1714 642 1746 Qui
659 1713 786 1744 fiebant
804 1713 849 1745 iii.

151 1772 254 1793 nouas
283 1763 429 1795 Quintil.
477 1765 600 1794 Eorum
617 1764 710 1803 origo
728 1773 768 1793 ex
786 1764 848 1794 Cn.

153 1813 273 1843 Martii
289 1813 494 1843 carminibus
512 1814 632 1853 petita,
646 1824 720 1855 quae
738 1814 849 1854 legere

153 1864 281 1903 poteris
299 1865 389 1903 apud
407 1864 478 1895 Liv.
495 1863 556 1895 lib.
574 1872 664 1896 xxv.
691 1864 784 1895 Sect.
799 1866 852 1895 12.

152 1914 250 1944 Idem.

196 1963 210 1984 ¹¹
235 1964 335 2005 Apor]
361 1964 582 2004 Glossarium,
604 1964 612 1982 ‘
632 1963 720 2005 Ape,
744 1964 849 2005 παρά.’

152 2019 191 2045 ut
221 2015 253 2045 in
285 2016 448 2046 alterutro
489 2014 647 2045 mendum
686 2016 741 2047 sit.
778 2017 848 2047 Jos.

152 2064 237 2096 Scal.

194 2115 296 2156 Apor]
323 2115 392 2146 Pro
409 2124 497 2155 apur,
514 2119 551 2145 ut
570 2114 712 2155 Antiqui
726 2114 851 2146 scribe-

151 2164 235 2196 bant
258 2175 319 2205 pro
340 2167 430 2205 apud.
474 2165 521 2194 Ut
539 2167 701 2194 arvenlum
717 2174 778 2204 pro
795 2165 849 2195 ad-

150 2219 285 2246 ventum.
332 2216 424 2246 Male
440 2215 575 2255 quidam
591 2217 674 2254 aput.
697 2215 786 2245 Dae.

194 2265 202 2286 ἰ
224 2266 327 2306 Appia
344 2267 410 2308 ria]
435 2267 521 2298 Quae
540 2266 582 2295 ab
598 2265 680 2297 urbe
697 2264 852 2295 Brundu-

152 2315 235 2346 sium
253 2327 359 2357 usque
378 2316 545 2357 lapidibus
570 2320 679 2346 strata
701 2321 788 2355 erat,
807 2315 851 2346 ab

153 2369 266 2408 Appio
278 2369 423 2400 Claudio
436 2372 621 2400 exstructa.
646 2368 759 2409 Appia
774 2370 851 2399 sim·

153 2419 289 2459 pliciter
320 2418 425 2457 dicta,
456 2419 579 2450 Horat.
614 2419 623 2435 ‘
652 2419 768 2449 Minus
799 2423 852 2449 est

154 2470 267 2510 gravis
288 2468 403 2508 Appia
425 2468 552 2498 tardis?
596 2469 647 2498 De
670 2477 757 2508 aqna
780 2468 852 2509 Ap-

152 2521 209 2560 pia
233 2519 274 2549 ab
299 2519 416 2549 eodem
442 2518 585 2549 Claudio
609 2520 641 2548 in
670 2519 785 2550 urbem
803 2520 850 2550 in-

153 2569 313 2600 troducta
336 2568 489 2599 meminit
512 2568 635 2600 Cicero
665 2569 699 2599 in
731 2570 849 2600 Coelio.

155 2619 253 2650 Idem.

196 2669 210 2689 k
227 2669 391 2710 Apricum]
416 2670 541 2701 Melius
563 2670 659 2710 quasi
683 2670 849 2710 aperstum,

155 2721 224 2752 Soli
242 2726 408 2761 apertum.
436 2721 531 2751 [clem.

947 1313 953 1333 ¹
982 1314 1071 1345 Unde
1085 1315 1178 1345 etiam
1191 1316 1321 1354 putatur
1333 1313 1459 1355 Africa]
1475 1314 1601 1345 Melius

905 1364 961 1405 qui
978 1364 1020 1395 ab
1036 1365 1116 1402 Afro
1140 1373 1204 1394 nno
1228 1373 1269 1394 ex
1292 1363 1437 1403 posteris
1455 1363 1601 1395 Abraliae

903 1414 945 1445 de
963 1415 1126 1446 Cetliura.
1173 1414 1240 1444 Alii
1266 1413 1376 1444 aliter.
1421 1414 1488 1445 Sed
1513 1415 1602 1444 solus

905 1474 1016 1495 veram
1057 1465 1219 1504 originem
1258 1463 1409 1495 ostendit
1456 1464 1605 1495 Doctiss.

905 1516 1097 1547 Bocliartus
1115 1517 1147 1547 in
1166 1526 1226 1547 suo
1243 1516 1380 1546 Canaan
1398 1515 1455 1546 lib.
1469 1524 1495 1545 1.
1510 1525 1538 1546 c.
1551 1518 1607 1546 25.

904 1568 959 1599 ubi
976 1568 1077 1599 docet
1098 1568 1249 1599 Africam
1273 1569 1321 1598 sic
1346 1568 1469 1599 dictam
1489 1578 1506 1598 a
1525 1568 1604 1598 Poe-

903 1619 951 1649 nis
968 1619 1010 1649 ab
1030 1618 1176 1649 Arabico
1200 1618 1307 1658 plzerz'c
1323 1618 1392 1649 sive
1409 1617 1494 1655 ferie
1508 1617 1604 1656 spica,

903 1670 997 1709 quasi
1030 1674 1155 1699 terram
1186 1669 1302 1708 spicae,
1332 1667 1366 1698 id
1398 1672 1461 1705 est,
1489 1666 1603 1706 phrasi

903 1728 994 1749 mere
1007 1719 1138 1749 Punica
1149 1719 1191 1757 ’γῆ
1208 1718 1377 1757 εὔσταχυς,
1389 1724 1479 1747 terra
1496 1717 1604 1756 spica-

905 1777 975 1798 rum
1006 1767 1115 1807 ferax,
1152 1769 1286 1809 qualem
1320 1767 1424 1798 fuisse
1449 1765 1604 1797 Africam

904 1827 1019 1848 omnes
1052 1818 1204 1856 tradunt,
1236 1817 1322 1848 uude
1354 1822 1388 1848 et
1418 1817 1452 1847 in
1483 1817 1605 1847 notitia

903 1867 1041 1907 Imperii
1057 1867 1243 1907 symbolum
1266 1873 1320 1898 est
1338 1866 1468 1898 Africae
1486 1867 1605 1897 mulier

904 1917 999 1948 binas
1018 1923 1161 1958 utraque
1179 1927 1279 1948 mauu
1293 1918 1405 1957 spicas
1420 1920 1606 1955 ostentans,

903 1972 940 1999 et
967 1968 1028 1999 sub
1060 1969 1202 2008 pedibus
1228 1968 1311 1999 duas
1340 1968 1468 1998 liabens
1500 1976 1605 1997 naves

902 2017 1075 2050 frumento
1092 2024 1242 2055 onustas,
1258 2028 1332 2049 cum
1357 2018 1406 2048 his
1426 2017 1533 2048 literis
1551 2026 1604 2046 su-

905 2079 1010 2110 perne
1041 2069 1236 2109 inscriptis:
1271 2077 1424 2101 Pnocos.
1452 2075 1605 2098 AmicAE.

903 2121 1003 2152 Idem.

946 2175 968 2190 m
993 2169 1110 2209 Aptus]
1134 2169 1276 2209 Adeptus
1298 2168 1339 2199 ab
1361 2168 1498 2208 antiquo
1523 2168 1605 2207 apis-

905 2231 968 2251 cor.
1011 2221 1112 2252 Unde
1128 2220 1294 2260 adipiscor.
1338 2219 1475 2249 Terent.
1492 2218 1607 2248 Heau-

906 2277 974 2303 ton.
991 2280 1042 2303 iv.
1059 2274 1090 2303 3.
1113 2272 1122 2289 ‘
1139 2271 1287 2301 Deorum
1317 2269 1419 2299 vitam
1451 2268 1523 2309 apti
1552 2277 1607 2298 su-

906 2321 999 2353 mus!
1025 2323 1123 2352 Idem.

949 2377 964 2392 ¹¹
988 2372 1079 2403 Sicut
1108 2370 1220 2411 apisci]
1258 2369 1373 2400 Plaut.
1399 2368 1433 2399 iu
1465 2367 1606 2407 Prolog.

905 2422 1055 2452 Rudent.
1080 2422 1088 2438 ‘
1101 2421 1169 2453 Qui
1186 2420 1238 2450 hic
1257 2419 1351 2450 litem
1365 2417 1471 2459 apisci
1491 2421 1603 2458 postu-

903 2473 977 2504 lant
995 2470 1168 2512 perjurio?
1191 2471 1288 2501 Idem.

946 2527 961 2542 ⁰
983 2521 1089 2562 Apua]
1112 2520 1229 2560 Ἀφύην
1256 2520 1380 2551 Graece
1397 2518 1530 2556 dicunt,
1545 2518 1603 2548 sed

905 2572 1018 2603 Latini
1036 2572 1127 2602 tenui
1147 2580 1207 2611 pro
1223 2572 1372 2610 aspirata
1393 2574 1548 2608 utuntur,
1568 2575 1605 2599 ut

905 2622 937 2652 in
955 2622 1037 2651 aliis.
1081 2621 1170 2652 Vide
1189 2622 1198 2638 ‘
1212 2619 1361 2651 Album!
1384 2620 1461 2649 Ant.
1474 2618 1557 2657 Aug.

946 2669 1055 2710 Apua]
1074 2670 1206 2701 Graecis
1223 2668 1315 2709 ἀφύη.
1353 2668 1444 2698 Plin.
1459 2668 1481 2698 l.
1498 2676 1604 2698 xxm.

904 2730 933 2751 c.
950 2723 979 2750 8.
1003 2721 1011 2737 ‘
1030 2719 1300 2762 Apiianrnosti·i,
1318 2719 1477 2759 Ampliyn
1490 2718 1602 2749 Gra‘ci
