1835 2906
188 99 273 141 :302

190 205 414 256 Heluela,‘²
443 206 594 248 holera
613 209 794 250 minuta.

645 114 793 145 SEXTI
832 117 1031 147 POMPEH
1068 119 1203 149 FESTI

189 273 366 314 Heluor
406 273 552 315 dictus
583 281 652 317 est
683 277 968 319 immoderate
1001 279 1116 320 bona
1152 294 1234 321 sua
1270 295 1540 334 consumens,
1578 285 1633 325 ab

243 341 445 382 eluendo.
478 342 561 383 Cui
576 347 606 393 †
628 344 861 397 aspiratur,
887 350 932 387 ut
949 346 1137 388 aviditas
1154 349 1294 402 magis
1316 351 1632 404 exprobretur:

244 407 294 448 fit
314 409 430 449 enim
447 422 535 451 vox
558 411 798 452 incitatior.

186 474 382 517 Helus⁵⁵
413 481 457 518 et
490 478 643 519 helusa
670 479 841 531 antiqui
869 478 1088 531 dicebant,
1120 482 1240 534 quod
1271 495 1385 524 nunc
1417 483 1562 533 holus,
1590 490 1634 527 et

241 541 406 583 holera.

185 609 407 660 Hemina,t
436 623 493 650 ex
514 610 675 652 Graeco
695 611 837 663 ἤμισυ;
870 614 992 666 quod
1009 620 1076 655 est
1090 615 1271 656 dimidia
1287 628 1389 669 pars
1407 616 1602 658 sextarii.

183 676 418 718 Hemonau
448 678 652 728 humana,
672 684 714 720 et
733 680 960 722 hemonem
981 682 1196 724 hominem
1219 683 1441 725 dicebant.

183 743 383 786 Herbam
405 746 495 795 do,x
527 760 626 788 cum
644 747 706 788 ait
725 747 930 798 Plautus,
951 750 1183 802 significat,
1200 751 1363 793 victum
1378 765 1446 792 me
1463 752 1627 801 fate0r;

785 856 900 868 eeeeee

223 941 236 969 †
262 935 389 968 Eadem
414 937 468 968 ed.
495 937 558 972 Qui

181 977 306 1009 Helesa.

903 857 1019 869 ’’’’’’

586 946 647 977 pro
674 937 808 967 Cui—5
833 936 1030 977 Legendum
1070 944 1206 971 monent
1234 939 1324 971 Scal.
1355 939 1440 972 Dae.
1464 940 1567 972 Helas
1597 945 1626 972 et

833 1065 974 1098 NOTAE

220 1134 233 1154 ‘³
262 1128 406 1170 Heluela]
428 1129 616 1161 Titinnius:
641 1131 650 1147 ‘
667 1131 768 1162 Lenti
791 1131 873 1161 cali-

177 1178 233 1217 do,
257 1179 378 1219 eluela,
420 1182 546 1220 rapula,
588 1181 757 1212 rumices.'
801 1182 871 1212 Jos.

176 1229 259 1260 Scal.

219 1279 368 1320 Heluela]
405 1280 549 1311 Veteres
578 1290 639 1321 pro
667 1281 754 1312 holus
780 1282 870 1313 dice-

174 1328 257 1359 bant
272 1329 371 1367 helus,
388 1336 423 1360 nt
444 1331 453 1346 ‘
467 1329 589 1370 Apelle
601 1330 609 1343 '
626 1341 685 1370 pro
703 1332 712 1349 ‘
726 1331 873 1372 Apollo‚’

174 1382 209 1408 et
224 1378 266 1408 ab
282 1379 379 1419 helas,
396 1380 524 1416 heluela,
543 1390 646 1420 parva
659 1382 773 1412 holera.
816 1382 870 1412 Ti-

173 1428 326 1460 tinnius:
363 1431 372 1446 ‘
391 1430 491 1460 Lenti
517 1431 639 1471 calido,
671 1431 794 1470 eluela,
820 1440 870 1461 ra—

173 1480 262 1518 pula,
288 1480 457 1511 rumices?
510 1481 666 1511 Glossae:
694 1482 704 1498 ‘
725 1482 870 1521 heluola,

170 1529 367 1570 λαχανάρια.’
406 1530 492 1562 Inde
510 1537 544 1562 et
561 1531 700 1562 heluones
716 1532 869 1563 Meursio

170 1588 237 1610 non
266 1590 415 1616 voraces,
440 1585 475 1611 ut
500 1580 585 1611 infra
609 1581 731 1611 Festus
757 1581 869 1619 docet,

170 1631 229 1661 sed
259 1630 397 1662 delicati
425 1636 459 1662 et
490 1632 633 1672 opipari,
661 1631 703 1662 ab
730 1633 867 1672 aegrotis

171 1690 252 1711 voce
284 1681 460 1717 translata,
485 1682 541 1722 qni
571 1682 803 1713 nauseabundi
834 1688 868 1714 et

169 1729 334 1762 fastidiosi
360 1732 508 1763 oleribus
526 1737 657 1763 tantum
674 1732 751 1762 olim
771 1732 865 1764 victi-

169 1781 301 1812 tabant.
327 1782 407 1812 Duc.

210 1835 221 1851 Γ
237 1831 356 1872 Heluo]
380 1831 432 1862 Ab
449 1832 593 1862 eluendo
609 1834 688 1870 elno,
706 1833 761 1873 qni
779 1833 866 1864 bona

167 1893 228 1913 sua
253 1884 349 1924 eluit,
379 1884 398 1915 i.
423 1884 572 1924 dissipat,
600 1885 724 1925 perdit.
781 1887 864 1917 Cum

166 1934 374 1973 aspiratione
391 1935 490 1965 heluo.
530 1935 641 1966 Gloss.
657 1937 666 1951 ‘
681 1937 790 1974 heluo,
807 1942 864 1967 λα-

165 1984 309 2023 φύκτης-3
326 1990 334 2003 ‘
346 1986 501 2025 Helnari,
515 1985 712 2027 λαφύσσειν,’
727 1988 864 2020 haurire.

166 2032 343 2067 Quomodo
367 2036 522 2067 ‘haurire
540 2036 642 2077 opes'
668 2037 754 2068 dixit
771 2038 863 2069 Mar-

166 2087 264 2118 tialis.
325 2086 391 2117 Sed
424 2087 500 2118 vide
536 2097 639 2128 supra
673 2088 682 2105 ‘
706 2088 863 2121 heluela.'

163 2137 263 2167 Idem.

205 2193 215 2207 ⁵
241 2188 340 2219 Helas
364 2191 395 2219 et
421 2186 540 2229 helusa]
578 2188 683 2227 Lege,
719 2188 804 2219 helus
830 2193 861 2220 et

163 2238 276 2275 helesa,
291 2244 325 2269 et
342 2239 390 2269 ita
403 2239 565 2278 Scaliger.
611 2239 729 2269 Helesa
745 2244 858 2270 autem

164 2297 226 2326 pro
242 2288 354 2324 holesa,
371 2288 459 2329 quod
478 2298 536 2329 pro
552 2289 666 2319 holera.
703 2289 750 2319 Ut
766 2290 775 2306 ‘
790 2290 857 2320 Va·

162 2338 261 2378 lesii‚'
289 2340 297 2355 ‘
315 2338 468 2374 Valerii‚’
498 2339 507 2354 ‘
524 2337 622 2379 dasi,'
645 2339 654 2355 ‘
671 2337 769 2374 dari‚’
792 2340 857 2370 &c.

164 2387 260 2418 Idem.

202 2438 211 2455 ῑ
232 2436 385 2477 Hemina]
422 2438 574 2469 Dimidia
601 2448 680 2478 pars
706 2438 857 2479 sextarii,

161 2496 251 2525 nam,
270 2486 279 2502 ⁴
294 2486 455 2518 Heminas
478 2488 601 2528 recipit
617 2487 765 2527 geminas
782 2497 855 2518 sex-

161 2537 267 2567 tarius
283 2536 390 2567 unus?
426 2538 452 2567 A
469 2539 594 2569 Graeco
604 2539 716 2576 ἥμισυ;
735 2538 854 2569 melius

160 2596 179 2616 a
196 2586 319 2617 Graeco
333 2585 397 2624 ἥμι,
414 2588 505 2619 semi.
537 2589 589 2619 Na
605 2594 657 2620 est
671 2588 760 2620 vocis
779 2598 853 2629 pro-

160 2636 286 2668 ductio.
312 2636 406 2667 Idem.

972 1138 985 1152 ¹¹
1010 1133 1168 1173 Hemona]
1192 1133 1363 1164 Hemonem
1381 1143 1441 1172 pro
1458 1132 1623 1164 hominem

927 1182 1088 1213 dicebant
1115 1184 1268 1214 Veteres.
1314 1184 1461 1214 Ennius:
1487 1185 1626 1214 ‘Voltu-

927 1233 973 1263 ris
999 1233 1031 1263 in
1056 1233 1157 1273 sylvis
1183 1234 1340 1264 miserum
1365 1233 1548 1264 mandebat
1571 1234 1627 1265 he-

927 1284 1084 1314 monem.’
1138 1284 1182 1314 Et
1211 1284 1252 1314 ab
1280 1284 1376 1323 hemo,
1402 1284 1577 1324 hemonus,
1605 1285 1624 1316 i.

927 1333 1099 1364 humanus.
1123 1334 1220 1364 Idem.

967 1387 983 1402 x
1008 1383 1148 1414 Herbam
1174 1383 1227 1423 do]
1251 1384 1338 1415 Nam
1366 1393 1465 1415 nemo
1488 1388 1623 1424 poterat

926 1432 993 1464 dici
1009 1433 1131 1474 victor,
1156 1434 1218 1464 nisi
1237 1435 1329 1473 prius
1347 1434 1386 1472 is,
1409 1443 1507 1474 quem
1526 1434 1622 1465 vicis-

925 1489 987 1523 set,
1010 1494 1046 1516 se
1075 1486 1202 1516 victum
1230 1484 1409 1523 fateretur,
1433 1490 1468 1516 et
1496 1485 1622 1517 victum

925 1540 1139 1574 agnosceret.
1168 1535 1316 1566 Ennius:
1341 1538 1349 1553 ‘
1364 1535 1429 1568 Qui
1447 1535 1542 1574 vicit,
1557 1545 1621 1565 non

925 1590 977 1616 est
993 1585 1112 1621 victor,
1129 1586 1191 1616 nisi
1217 1586 1319 1617 victu’
1335 1584 1485 1616 fatetur.'
1531 1585 1622 1616 Cita-

925 1635 1030 1666 turin
1048 1634 1246 1676 fragmentis
1261 1636 1384 1674 Servii,
1409 1646 1485 1676 quae
1502 1641 1622 1667 extant

923 1685 957 1716 in
984 1686 1107 1725 pluteis
1126 1686 1167 1717 P.
1185 1686 1349 1716 Danielis.
1394 1686 1522 1716 Versus
1541 1695 1620 1716 vero

923 1734 1025 1773 Attii,
1059 1736 1114 1776 qui
1145 1736 1293 1767 citantur
1323 1745 1366 1766 ex
1395 1736 1573 1775 Meleagro
1601 1746 1621 1766 a

923 1786 1047 1822 Nonio,
1075 1787 1157 1817 nihil
1183 1786 1224 1817 ad
1259 1796 1349 1817 rem:
1376 1786 1475 1817 immo
1501 1792 1620 1817 contra

921 1837 1124 1868 sententiam
1150 1837 1253 1877 ipsius
1282 1836 1398 1871 Nonii,
1423 1836 1479 1876 qui
1501 1845 1557 1866 eos
1576 1835 1618 1866 ad

920 1886 981 1916 hoc
1008 1886 1221 1925 proverbium
1246 1885 1491 1916 accommodat.
1535 1886 1620 1916 Sunt

920 1940 1031 1966 autem
1057 1936 1109 1967 izi:
1136 1936 1145 1953 ‘
1161 1935 1339 1973 Gaudent,
1360 1940 1512 1974 currunt,
1529 1935 1618 1966 cele·

918 1985 1030 2024 brant,
1050 1986 1188 2017 herbam
1205 1984 1395 2020 conferunt,
1412 1985 1551 2023 donant,
1567 1991 1617 2015 te-

919 2041 1010 2067 nent.
1063 2037 1132 2067 Pro
1156 2046 1191 2066 se
1219 2036 1361 2076 quisque
1390 2044 1465 2065 cnm
1492 2044 1616 2065 corona

918 2086 1045 2117 clarum
1071 2087 1258 2117 conlustrat
1283 2084 1410 2124 caput.’
1455 2085 1542 2116 Nam
1559 2085 1614 2115 hic

917 2136 1052 2176 quidem
1079 2136 1276 2176 agnoscitur
1303 2134 1423 2173 victor,
1445 2139 1480 2164 at
1508 2143 1572 2165 non
1594 2145 1613 2165 a

918 2186 1028 2216 victis.
1072 2186 1158 2216 Sunt
1184 2184 1271 2215 enim
1299 2184 1378 2215 socii
1405 2188 1440 2215 et
1464 2185 1612 2225 aequales

914 2236 1096 2276 Meleagri,
1126 2235 1247 2266 victori
1274 2234 1316 2264 de
1341 2243 1399 2264 sue
1430 2233 1612 2266 interfecto

913 2286 1138 2325 gratulantes.
1161 2285 1229 2315 Jos.
1245 2283 1331 2314 Scal.

955 2335 1095 2366 Her-bam
1109 2335 1164 2375 do]
1190 2334 1282 2365 Plin.
1298 2332 1358 2363 lib.
1376 2341 1470 2363 xxu.
1487 2341 1562 2372 cap.
1581 2335 1609 2363 l.

912 2385 922 2402 ‘
934 2385 1034 2426 Apud
1050 2385 1208 2425 antiquos
1224 2384 1354 2423 signum
1370 2382 1518 2413 victoriae
1535 2387 1610 2412 erat

911 2437 1087 2477 porrigere
1105 2434 1242 2465 herbam
1257 2433 1377 2471 victos,
1388 2432 1449 2462 hoc
1463 2437 1526 2471 est,
1541 2437 1608 2462 ter-

911 2496 948 2516 ra
965 2491 998 2516 et
1018 2486 1136 2516 altrice
1153 2485 1227 2524 ipsa
1239 2484 1351 2517 humo,
1364 2487 1395 2512 et
1413 2481 1606 2513 humatione

910 2537 1044 2575 cedere,
1065 2545 1160 2576 quem
1180 2543 1305 2565 morem
1321 2531 1422 2562 etiam
1439 2541 1527 2562 nunc
1545 2531 1605 2562 ‹lu-

909 2596 983 2617 rare
1002 2586 1035 2617 in
1052 2584 1233 2616 Germania
1250 2581 1344 2613 scio.'
1388 2581 1493 2611 Vides
1514 2581 1603 2612 bunc

908 2646 1033 2669 morem
1050 2636 1083 2668 in
1101 2634 1285 2667 Germania
1301 2635 1404 2663 aetate
1428 2631 1544 2668 Plinii,
1569 2637 1603 2663 et
