1835 2906
168 110 254 152 544

636 117 784 149 SEXTI
819 115 1024 147 POMPEI!
1059 114 1197 146 FESTI

228 217 372 260 tiones
384 216 533 258 habet.
564 213 685 256 Nam
703 213 903 256 Cloatius
924 215 1054 267 putat
1074 223 1128 254 eo
1148 210 1367 253 vocabulo
1388 207 1632 264 significari

229 298 418 335 sacrum,
451 297 540 339 quo
570 283 701 325 etiam
740 283 861 335 leges
888 283 1075 321 sacratae
1111 278 1245 322 Oscae
1265 283 1300 310 ¹4
1329 279 1556 321 dicuntur:
1587 282 1630 319 et

229 355 275 395 in
306 354 512 395 omnibus
532 352 624 393 fere
646 351 838 405 antiquis
860 349 1185 391 commentariis
1206 348 1413 390 scribitur
1434 346 1629 401 Opicum

230 435 312 477 pro
349 426 492 471 usco,a
530 425 582 462 ut
619 420 665 461 in
704 418 858 461 Titinii
899 417 1053 460 sabula
1084 418 1264 472 quinta:
1311 415 1402 467 Qui
1433 415 1551 457 Osce
1587 419 1633 456 et

230 490 398 532 Volsce
426 490 697 538 fabulantur,
728 499 830 528 nam
867 486 1025 528 Latine
1059 486 1291 528 nesciunt.-
1321 498 1349 527 a
1380 497 1468 539 quo
1501 483 1632 525 etiam

229 559 369 600 verba
403 556 679 613 impudentia
700 559 744 597 et
776 555 894 597 elata
931 555 1210 610 appellantur
1240 551 1492 603 obscoena?
1527 552 1636 607 quia

230 626 610 682 frequentissimus
645 624 731 665 fuit
763 636 868 665 usus
912 622 1047 666 Oscis
1081 623 1316 665 libidinum
1357 634 1633 676 spurcarum.

234 695 322 737 Sed
338 695 491 737 eodem
510 695 643 736 etiam
659 692 837 734 nomine
859 693 1111 747 appellatur
1128 692 1254 734 locus
1275 692 1319 733 in
1340 703 1445 745 agro
1466 687 1634 731 Veien-

789 824 909 837 ‘‘‘‘‘‘

222 919 263 948 14
286 916 366 948 Vet.
395 915 453 947 lib.
481 915 609 947 Oscitae.
654 914 743 946 Vide
768 913 893 946 Notas.

911 825 1029 838 eeeeee

840 1033 982 1068 NOTAE

182 1122 366 1162 Ausonius,
381 1123 390 1141 ‘
407 1123 538 1164 Opieus
553 1124 714 1164 magister
727 1123 747 1156 :’
771 1124 804 1156 id
822 1129 885 1161 est,

181 1174 392 1214 ἆῤῥητοποιός.
440 1175 524 1207 Inde
541 1177 744 1215 convicium,
764 1177 773 1192 ‘
790 1186 886 1217 spur·

181 1235 221 1256 co
247 1225 329 1266 ore‚'
362 1226 404 1257 de
441 1226 558 1267 quovis
592 1227 737 1268 impuro.
784 1227 888 1259 Luci·

182 1277 268 1307 lius:
300 1278 309 1294 ‘
326 1277 465 1308 Praetor
490 1283 606 1309 noster
636 1278 759 1317 adhuc,
786 1288 887 1320 quam

182 1338 306 1369 spurco
322 1335 372 1360 est
390 1339 459 1365 ore,
474 1329 562 1371 quod
578 1331 686 1361 omnis
701 1331 806 1362 Extra
819 1340 889 1361 cas-

183 1384 250 1418 tra,
266 1384 304 1410 ut
321 1379 445 1410 stercu'
462 1379 551 1411 foras
573 1381 675 1421 ejecit
698 1382 740 1412 ad
767 1381 891 1414 unum.'

182 1432 191 1447 ⁶
209 1430 344 1470 Spurco
361 1440 419 1461 ore
434 1429 442 1443 '
470 1436 533 1468 est,
559 1431 703 1473 μισητὸς,
723 1432 801 1463 odio
818 1432 892 1473 dig-

183 1491 268 1512 nus:
308 1482 356 1512 sic
385 1483 490 1522 opicus
529 1483 768 1523 accipiendum
799 1483 891 1524 apud

184 1532 409 1564 juvenalem:
433 1533 441 1549 ‘
462 1533 506 1563 Et
531 1533 645 1564 divina
673 1533 764 1574 opici
795 1533 892 1565 rode-

185 1583 266 1614 bant
303 1584 455 1615 carmina
493 1584 630 1615 mures.'
690 1588 892 1627 Quanquam

186 1634 396 1666 Glossarium
431 1635 515 1674 legit
546 1636 650 1677 Apici.
712 1638 721 1654 ‘
750 1637 894 1677 Apicus,

186 1683 384 1725 ὀππικιστὴς,
409 1686 448 1717 ὡς
475 1685 707 1722 Ἰουβενάλιος.’
751 1688 819 1718 Sed
846 1688 894 1717 vi-

187 1736 348 1775 dendum,
374 1747 453 1767 num
482 1738 537 1769 liic
566 1738 657 1778 apud
684 1738 824 1769 Festum
847 1739 894 1769 lc-

187 1787 334 1827 gendum
353 1788 501 1827 Opscum,
518 1798 584 1820 non
605 1790 757 1829 Opicum.-
782 1795 817 1820 et
840 1799 896 1820 ve-

188 1846 261 1867 rum
290 1842 356 1868 cst.
403 1838 459 1869 Ita
484 1839 589 1879 igitur
612 1840 722 1879 leges,
744 1840 897 1872 scribitur

192 1889 340 1929 Opscum,
359 1899 415 1929 pro
432 1899 520 1921 osco:
538 1895 573 1921 et
589 1891 620 1921 in
638 1900 740 1921 versu
756 1892 894 1923 Titinii:

192 1940 256 1975 Qui
274 1941 374 1980 Opsce
395 1944 425 1971 et
445 1941 571 1973 Volsce:
599 1942 715 1981 Opscos
731 1951 811 1972 vero
838 1952 898 1982 pro

193 1993 291 2022 Oscos
317 1991 431 2023 dicere
467 1993 584 2023 solitos
608 1993 756 2024 Veteres
796 2004 900 2034 supra.

190 2042 303 2075 docui.
373 2044 464 2085 Lege
503 2049 696 2085 praeterea:
727 2044 761 2075 in
785 2045 900 2082 sabula

194 2095 325 2135 Quinto,
353 2105 418 2126 non
450 2096 582 2131 Quinta.
627 2096 684 2127 lta
709 2096 800 2137 apud
827 2097 898 2128 No-

192 2145 295 2176 nium.
319 2146 391 2177 Jos.
408 2145 493 2177 Scal.

238 2202 252 2217 ‘²
275 2197 434 2228 Scribitur
453 2198 586 2239 Opicum
610 2207 667 2238 pro
692 2196 776 2237 osco]
801 2198 902 2238 Legit

192 2247 348 2288 Scaliger
363 2250 510 2289 Opscum,
524 2259 581 2289 pro
597 2259 683 2279 oscos
701 2254 737 2279 et
754 2249 787 2279 in
803 2257 901 2279 versu

193 2298 322 2338 Titinii,
348 2299 402 2338 qui
430 2300 529 2339 Opsce
560 2302 589 2330 et
620 2298 737 2329 volsce.
784 2298 902 2338 Opsce

196 2347 355 2385 fabulari,
375 2350 557 2389 sordidius,
580 2349 702 2380 Latine
725 2358 816 2386 vero,
831 2359 903 2380 cas—

196 2399 275 2430 tius.
322 2400 388 2431 Sed
429 2400 556 2432 frustra
588 2406 641 2432 est
677 2401 727 2431 vir
761 2400 903 2433 doctiss.

197 2450 286 2480 Nam
302 2460 416 2482 verum
435 2458 497 2487 est,
512 2451 601 2493 quod
617 2452 664 2483 ait
683 2452 813 2488 Festus,
825 2452 902 2492 Opi-

197 2510 267 2530 cum
307 2500 339 2530 in
375 2503 523 2543 antiquis
556 2503 811 2533 commentariis
842 2512 903 2543 pro

197 2561 300 2582 oscum
322 2551 477 2590 inveniri,
496 2560 530 2585 et
559 2555 652 2594 Opice
676 2564 738 2595 pro
761 2564 827 2584 osce
848 2553 904 2584 Ti-

198 2602 317 2633 tinium
336 2602 472 2634 dixisse.
519 2605 658 2635 Certum
679 2610 731 2636 est
755 2606 842 2636 enim
861 2614 904 2636 ex

199 2653 311 2684 verbis
330 2653 426 2684 Festi
445 2654 476 2684 in
495 2665 591 2685 versu
612 2656 729 2686 Titinii
753 2656 820 2696 legi
846 2656 903 2686 de·

200 2704 294 2745 bere,
318 2704 371 2746 qui
391 2706 487 2746 Opice
511 2710 539 2737 ct
570 2706 687 2748 Volsce,
709 2710 764 2747 ἔμ’.
814 2708 907 2748 Opici

941 1129 976 1157 et
992 1124 1068 1156 Osci
1084 1123 1187 1155 iidem
1204 1126 1296 1163 suut,
1309 1121 1430 1162 utjam
1448 1129 1551 1161 supra
1568 1128 1646 1161 pro-

942 1175 1098 1207 bavimus
1128 1175 1162 1206 in
1190 1184 1273 1206 voce
1303 1174 1312 1191 ‘
1332 1171 1497 1211 Maesius‚’
1525 1176 1562 1202 et
1591 1170 1645 1200 hic

942 1227 1046 1258 etiam
1070 1236 1159 1257 novo
1183 1229 1386 1267 argumento
1406 1223 1588 1265 probamus
1604 1230 1646 1251 ex

943 1278 1041 1309 Fulv.
1058 1277 1205 1308 Ursino:
1231 1276 1346 1307 Livius
1368 1274 1453 1306 dicit
1472 1272 1646 1313 Fregellas

943 1329 1169 1360 Sidicinorum
1197 1337 1327 1367 agrum,
1358 1324 1483 1357 deinde
1507 1324 1648 1355 Volsco-

944 1389 1016 1410 rum
1035 1377 1152 1410 fuisse.
1201 1377 1278 1408 Hoc
1295 1377 1385 1407 idem
1402 1380 1465 1410 est,
1485 1384 1524 1406 ac
1541 1375 1568 1404 si
1587 1383 1648 1414 pro

947 1429 1160 1460 Sidicinorum
1188 1428 1333 1459 dixisset
1367 1428 1537 1458 Oscorum:
1571 1434 1649 1456 nam

945 1480 1089 1511 Sidicini
1117 1479 1221 1511 Osci:
1249 1478 1309 1510 sed
1335 1477 1448 1509 Strab.
1479 1477 1651 1515 Σιδικινῶν,

947 1528 1030 1562 οὗτοι
1054 1531 1079 1562 δ’
1101 1530 1227 1572 Ὄσκοι,
1250 1528 1507 1568 ‘Sidicinorum‚
1530 1527 1586 1569 qui
1615 1531 1652 1557 et

948 1582 1012 1622 ipsi
1040 1580 1150 1614 Osci!
1197 1581 1282 1612 Cum
1311 1580 1428 1621 itaque
1449 1579 1533 1610 Livii
1557 1579 1652 1609 locus

949 1633 1103 1664 imitatus
1127 1633 1320 1673 Stephanus
1344 1640 1405 1672 pro
1430 1629 1652 1670 Sidicinorum,

950 1684 984 1715 id
999 1689 1062 1724 est,
1079 1685 1239 1719 Oscorum,
1256 1682 1407 1723 posuerit
1423 1681 1570 1718 Ὀπικῶν,
1586 1689 1655 1710 ma·

951 1734 1112 1765 uifestum
1132 1740 1197 1772 est,
1216 1733 1332 1774 Opicos
1350 1738 1386 1763 et
1405 1732 1501 1762 Oscos
1517 1730 1654 1762 eosdem

951 1795 1042 1824 esse,
1057 1783 1235 1825 Φρέγελλα,
1252 1783 1377 1824 inquit,
1397 1781 1488 1813 πόλις
1506 1779 1656 1818 Ἰταλίας,

951 1835 970 1873 ἢ
996 1836 1034 1867 τὸ
1059 1835 1116 1875 μὲν
1132 1835 1265 1877 ἀρχαῖον
1286 1835 1421 1866 Ὀπικῶν
1435 1833 1483 1872 ἦν,
1500 1833 1608 1865 ἔπειτα
1624 1831 1656 1864 δὲ

952 1887 1165 1919 Οὖαλούσκων
1200 1887 1336 1927 ἐγίνετο,
1360 1892 1369 1904 ‘
1387 1887 1546 1928 Fregella
1577 1885 1656 1916 urbs

953 1941 1078 1980 Italiae,
1102 1940 1195 1982 prius
1221 1939 1356 1980 quidem
1374 1937 1560 1978 Opicorum
1578 1935 1656 1974 fuit,

955 1996 1076 2032 postea
1107 2000 1187 2022 vero
1214 1990 1416 2021 Volscorum
1457 1988 1549 2019 dicta
1580 1984 1657 2016 est.’

953 2042 1065 2083 Supra
1087 2043 1120 2073 in
1137 2042 1251 2073 Titinii
1266 2040 1378 2079 sabula
1398 2040 1518 2075 Quinta
1542 2038 1658 2077 legen-

954 2093 1033 2124 dum
1053 2093 1183 2131 Quinto,
1203 2097 1240 2122 ut
1255 2090 1344 2132 apud
1358 2090 1505 2121 Nonium
1520 2099 1528 2126 3
1559 2087 1659 2123 Quin-

955 2147 1005 2175 tus
1021 2153 1141 2174 nomen
1159 2148 1231 2173 erat
1249 2140 1388 2172 fabnloe.
1413 2141 1495 2172 Dac-

998 2194 1012 2215 ὓ
1037 2194 1247 2234 Appellantur
1273 2189 1428 2230 obscoena]
1454 2191 1589 2230 Nempe
1617 2189 1659 2220 al)

956 2246 1072 2286 opicus,
1083 2245 1236 2285 opicenns,
1253 2243 1395 2274 obscenus
1411 2244 1480 2273 sive
1496 2241 1652 2272 obscoenus

959 2303 995 2328 et
1021 2297 1069 2327 ita
1097 2295 1256 2335 Guyetus
1285 2293 1326 2325 ad
1352 2303 1444 2324 oram
1474 2292 1568 2323 Festi
1597 2292 1661 2324 sui.

959 2347 1027 2378 Sed
1060 2345 1148 2377 infra
1179 2350 1283 2386 negat
1314 2345 1455 2375 Festus:
1491 2344 1661 2374 obscaenum

958 2400 1047 2430 enim
1067 2397 1203 2439 proprie
1231 2396 1369 2436 dicitur,
1388 2395 1477 2437 quod
1505 2400 1559 2426 est
1582 2395 1661 2425 mali

958 2449 1091 2490 ominis,
1118 2447 1207 2479 unde
1232 2453 1325 2479 recte
1350 2457 1426 2478 cum
1444 2448 1595 2477 Varrone
1619 2446 1660 2476 ab

958 2501 994 2532 ob
1023 2505 1059 2532 et
1083 2510 1196 2531 scoeva.
1243 2499 1292 2531 Ut
1313 2498 1483 2529 obscoenum
1505 2498 1548 2528 sit
1570 2497 1661 2538 quod

961 2553 1060 2584 bonae
1085 2560 1220 2589 scaevae,
1246 2550 1309 2581 hoc
1327 2555 1393 2589 est,
1416 2549 1503 2580 bono
1521 2549 1663 2588 augurio

961 2602 1166 2634 contrarium
1200 2606 1270 2632 est:
1302 2601 1359 2631 alii
1391 2600 1509 2630 dicunt
1539 2609 1614 2630 esse
1644 2610 1663 2630 a

961 2663 1107 2693 screnum,
1132 2657 1170 2683 ut
1191 2652 1320 2693 antiqui
1337 2651 1499 2681 dicebant
1524 2660 1585 2690 pro
1607 2661 1664 2681 coe-

961 2716 1047 2748 num,
1065 2711 1103 2738 ut
1118 2714 1219 2737 scoena
1236 2714 1298 2746 pro
1313 2713 1408 2736 coena.
1432 2702 1540 2734 Idem.
