1835 2906
205 131 288 171 140

653 141 802 172 SEXTI
836 142 963 172 POMP
974 141 1037 171 1311
1072 142 1208 173 FESTI

207 234 463 277 Carissamh
495 236 614 290 apud
637 234 860 277 Lucilium
883 236 1051 277 vasram
1070 241 1102 260 ¹2
1135 236 1364 289 sig-nificat.

205 302 436 345 Carnificis
456 302 580 346 locoi
603 304 845 346 habebatur
871 303 927 354 is,
950 305 1027 358 qui
1055 317 1103 344 se
1130 304 1420 353 vulnerasset,
1441 309 1491 346 ut
1510 318 1647 346 more-

260 375 390 413 retur.

794 479 1036 492 aeeaeeeeeoaeeaeO

248 558 288 587 12
312 556 407 588 Vett.
425 556 503 588 edd.
525 557 703 597 Caprissam
717 579 724 589 .
739 580 747 589 .
760 580 768 589 .
781 558 912 595 vafrum.

857 665 1004 699 NOTAE

205 737 338 769 bantur.
373 738 442 769 Sed
471 739 548 780 quia
578 738 690 771 obstat
716 741 901 783 quantitas,

204 798 279 819 cum
305 789 453 821 secunda
477 789 511 820 in
526 790 665 821 carinari
683 792 901 832 corripiatur,

203 843 323 869 contra
349 849 449 879 quam
474 840 508 870 in
533 841 653 880 carina,
680 841 774 873 addit
797 842 899 874 Voss.

206 891 355 922 Cat-inari
371 892 423 922 vel
443 901 516 923 esse
532 902 550 923 a
569 892 687 932 χαρίεν,
705 893 753 925 ita
769 898 804 925 ut
819 895 900 926 cari-

203 940 274 971 nari
287 940 330 971 sit
345 941 434 982 quod
445 941 587 974 dicimus
597 944 787 984 plaisanter:
813 945 900 976 uude

204 991 238 1021 in
258 991 369 1022 Gloss.
383 992 531 1032 cariuurz',
552 993 818 1034 χαρινετίζεσθαιε
847 997 900 1026 vel

203 1041 330 1080 potius,
349 1041 455 1082 (quod
476 1043 572 1074 unice
590 1044 733 1085 placet,)
750 1055 769 1076 a
784 1055 901 1082 carere,

203 1090 236 1121 id
255 1096 319 1127 est,
336 1092 467 1132 radere,
481 1103 640 1134 carpere:
659 1105 678 1126 a
693 1097 702 1112 ‘
716 1096 812 1127 caro’
828 1098 900 1128 ‘ca-

204 1142 298 1172 rino'
328 1147 365 1174 ut
395 1152 414 1174 a
442 1144 451 1160 ‘
470 1144 568 1175 nato¹
597 1147 606 1162 ⁴
625 1145 761 1178 natino.’
797 1146 902 1179 Juvat

204 1192 292 1232 quod
320 1198 357 1224 ut
386 1203 490 1225 carere
517 1194 645 1226 Latinis
677 1195 718 1226 de
746 1201 842 1228 veste
865 1201 902 1228 et

204 1243 306 1274 dictis
321 1244 535 1276 mordacibus
553 1246 686 1281 dicitur,
706 1247 753 1278 sic
770 1247 902 1278 Graecis

203 1293 341 1329 πλύνειν,
359 1299 472 1326 vestes
488 1296 614 1336 lavare,
629 1301 664 1328 et
682 1298 843 1330 conviciis
866 1304 902 1330 et

203 1344 395 1375 maledictis
429 1345 609 1377 lacessere.
655 1348 831 1380 Quomodo
866 1354 902 1380 et

204 1393 311 1425 Gallis
322 1404 385 1426 vox
400 1395 492 1426 laver.
507 1396 689 1428 Carinandi
706 1398 809 1429 verbo
823 1409 901 1430 usus

203 1445 344 1477 Ennius.
372 1446 429 1477 lib.
455 1456 480 1478 1.
504 1447 628 1479 Annai.
672 1449 764 1480 ‘Sed
791 1459 901 1491 neque

203 1503 257 1524 me
291 1495 392 1526 decet
427 1496 499 1527 haec
527 1498 760 1530 carinantibus
800 1500 903 1532 edere

203 1544 352 1576 chartis.’
384 1546 428 1576 Et
451 1546 554 1577 alibi:
583 1549 591 1565 ‘
609 1547 659 1579 Ac
684 1555 802 1580 contra
819 1551 903 1581 cari-

204 1603 298 1634 naus,
316 1594 419 1625 verba
436 1601 536 1636 atque
553 1597 712 1628 ohscoena
726 1598 903 1638 profatus.'

204 1644 253 1674 Ut
269 1654 343 1676 eum
362 1644 469 1676 iocum
489 1647 684 1678 emendavit
706 1648 901 1681 Salmasius.

204 1693 316 1734 Vulgo
333 1699 437 1726 contra
453 1697 639 1728 carimmtes.
667 1699 749 1729 Dac.

247 1743 260 1763 ¹¹
287 1746 459 1785 Caris—sam]
483 1746 521 1776 In
545 1747 718 1778 veteribus
747 1748 903 1780 editioni-

204 1794 265 1824 bus
288 1794 420 1833 rnfrum,
437 1805 503 1826 non
520 1795 651 1833 vafrum.
688 1798 749 1828 Cui
774 1800 902 1839 astipu-

203 1845 266 1875 lari
295 1845 427 1876 videtur
454 1852 573 1877 auctor
598 1847 783 1880 Glossarii:
810 1851 819 1867 ‘
839 1851 901 1881 Ca-

202 1896 282 1934 risa,
306 1898 495 1937 μαυλιστὴς,
520 1897 738 1936 πορνοβοσκός.
777 1899 901 1930 Isidori

205 1944 335 1977 Glossae
363 1952 483 1978 contra
507 1946 701 1978 foeminino:
732 1948 741 1964 ‘
759 1949 903 1989 Carissa,

203 1996 279 2027 lena
300 2001 409 2036 vetus,
426 2002 462 2028 et
479 1997 647 2037 litigiosa:
673 1999 793 2029 ancilia
808 1999 900 2031 dolo-

203 2052 293 2086 sa‚et
304 2047 429 2079 fallax?
439 2048 598 2079 dos-Scal.
614 2049 758 2079 Retineo
771 2050 901 2088 vasi-am,

204 2102 240 2127 et
276 2097 380 2130 verba
419 2098 598 2139 Glossarii,
635 2109 708 2140 quae
747 2101 903 2141 ambigua

205 2151 295 2183 sunt,
323 2148 544 2188 interpretor,
569 2149 577 2164 ⁶
594 2149 670 2181 lena
683 2155 718 2181 et
733 2160 808 2191 quae
825 2161 903 2191 pro-

205 2197 330 2227 stibula
347 2197 429 2228 alit!
458 2198 515 2229 Sic
532 2198 565 2229 in
581 2197 755 2231 foeminino
772 2200 904 2231 Glossae

206 2246 340 2286 Isidori,
357 2248 365 2264 ‘
380 2248 526 2286 Carissa,
538 2249 613 2279 lena
625 2253 732 2289 vetus,
744 2250 904 2290 litigiosa,

208 2298 328 2328 ancilla
352 2298 468 2329 dolosa
499 2304 534 2330 et
560 2298 689 2330 fallax)
736 2302 863 2333 Carissa
885 2311 902 2332 a

207 2346 329 2378 Graeco
354 2347 455 2387 χάρις,
479 2353 516 2379 ut
534 2350 606 2380 vult
622 2350 721 2382 Voss.
762 2352 904 2392 Legitur

208 2396 308 2427 etiam
324 2402 357 2428 et
372 2399 505 2437 caprissa
524 2409 542 2430 a
553 2410 656 2440 capra,
674 2401 807 2433 scilicet
823 2412 904 2444 qua-

208 2446 235 2476 si
254 2455 327 2477 eam
348 2447 459 2486 signet
483 2459 558 2488 quae
582 2459 694 2491 caprae
720 2452 773 2482 vel
799 2461 904 2483 mere-

209 2496 302 2527 tricis
329 2506 438 2528 mores
466 2499 627 2532 imitetur.
665 2502 731 2533 Sed
760 2504 905 2535 omnium

208 2547 334 2587 optime
346 2547 454 2578 Lucas
464 2548 650 2590 Fruterius,
663 2552 764 2592 quiin
778 2553 905 2593 episto-

208 2597 242 2627 la
258 2597 401 2637 quadam
419 2597 461 2628 ad
478 2599 650 2631 Muretum
675 2603 905 2641 reponendum

211 2646 345 2686 putavit
359 2646 483 2679 caussa.
521 2648 609 2680 Nam
626 2654 719 2682 catos
736 2661 797 2692 pro
814 2653 904 2684 calli-

955 744 1007 775 dis
1025 747 1061 775 et
1087 743 1268 784 ingeniosis
1294 743 1383 785 apud
1410 743 1556 775 Veteres
1583 742 1651 774 dic-

954 796 1018 825 tos.
1041 794 1121 824 Dae.

996 842 1004 863 ¹
1029 843 1194 885 Carnificis
1231 843 1308 884 loco]
1350 844 1526 884 Originem
1554 843 1650 884 hujus

955 893 1057 925 moris
1074 895 1227 935 explicat
1243 900 1340 925 vetus
1353 894 1503 934 scriptor
1514 893 1650 924 Cassius

956 944 1077 975 Emina
1097 944 1187 985 apud
1209 944 1380 975 Servium:
1406 948 1415 960 ‘
1430 943 1652 984 Tarquinius,'

954 995 1076 1036 inquit,
1090 995 1099 1012 ‘
1109 994 1294 1036 Superbus,
1309 1004 1384 1025 cum
1398 994 1531 1026 cloacas
1546 1003 1652 1034 popu·

954 1045 1023 1075 lum
1041 1044 1155 1076 facere
1170 1043 1348 1084 coe'gisset,
1361 1048 1395 1075 et
1409 1043 1450 1074 ob
1464 1043 1548 1074 hanc
1564 1042 1652 1083 inju-

956 1094 1039 1125 riam
1072 1095 1169 1125 multi
1196 1103 1232 1125 se
1266 1093 1448 1134 suspendio
1476 1096 1652 1131 necarent,

949 1144 1056 1186 jussit
1094 1153 1238 1185 corpora
1273 1153 1387 1175 eorum
1423 1142 1515 1174 cruci
1551 1140 1652 1182 affigi.

955 1195 1054 1226 Tunc
1092 1195 1237 1235 primum
1275 1193 1425 1225 habitum
1462 1196 1516 1223 est
1553 1197 1653 1232 turpe

955 1250 1095 1277 mortem
1109 1245 1171 1277 sibi
1185 1243 1421 1277 consciscere.’
1444 1244 1492 1275 Ut
1503 1253 1569 1274 non
1583 1247 1653 1274 tan-

957 1301 1028 1326 tum
1044 1295 1086 1326 de
1102 1306 1141 1327 eo
1158 1297 1214 1337 qui
1239 1305 1273 1326 se
1289 1295 1514 1329 vulnerasset,
1532 1298 1566 1323 ut
1582 1302 1652 1323 mo-

957 1352 1101 1385 reretur,
1122 1345 1381 1387 intelligendum
1405 1345 1461 1384 sit,
1476 1344 1535 1376 sed
1553 1343 1594 1374 de
1612 1353 1652 1374 eo

957 1396 1013 1437 qui
1028 1396 1144 1437 quovis
1161 1396 1260 1427 modo
1273 1400 1414 1427 mortem
1431 1394 1495 1425 sibi
1507 1393 1654 1425 conscis-

957 1451 1064 1478 ceret.
1089 1447 1204 1479 Quare
1221 1446 1306 1477 adeo
1322 1445 1487 1487 ejusmodi
1501 1445 1653 1476 homines

957 1496 1238 1529 abominabantur
1256 1495 1476 1527 vetustissimi
1500 1494 1653 1532 Romani,

957 1551 995 1578 ut
1012 1556 1052 1577 ne
1066 1547 1114 1577 eis
1133 1546 1370 1588 quidemjusta
1386 1544 1552 1576 facerent.
1575 1545 1653 1575 Ser-

958 1597 1029 1627 vius
1042 1597 1074 1627 in
1091 1596 1253 1628 Schedis:
1279 1601 1287 1613 ‘
1305 1596 1415 1626 Varro
1440 1595 1488 1626 ait
1512 1604 1652 1635 suspen-

956 1647 1072 1687 diosis,
1088 1647 1207 1688 quibus
1226 1647 1323 1687 justa
1343 1645 1484 1685 fierijus
1508 1654 1574 1676 non
1597 1646 1654 1680 sit,

958 1698 1129 1738 suspensis
1145 1698 1284 1736 oscillis,
1298 1696 1403 1727 veluti
1417 1705 1478 1736 per
1493 1695 1655 1726 imitatio-

957 1757 1033 1779 nem
1050 1748 1166 1779 mortis
1191 1746 1436 1788 parentandum
1458 1745 1555 1777 esse.'
1592 1744 1655 1776 Ar-

957 1798 1142 1830 temidorus
1159 1798 1217 1829 lib.
1235 1807 1259 1828 1.
1286 1795 1414 1835 ’Άτιμός
1435 1808 1472 1827 τε
1487 1795 1536 1827 καὶ
1552 1795 1654 1835 φυγὰς

956 1849 1133 1888 γενόμενος,
1150 1847 1325 1888 ἀναρτήσας
1345 1846 1454 1878 ἑαυτὸν
1467 1844 1653 1882 ἐτελεύτησε

956 1899 1012 1930 τὸν
1026 1899 1107 1939 βίον,
1127 1899 1166 1930 ὡς
1187 1898 1264 1937 μηδὲ
1281 1898 1438 1929 ἀποθανὼν
1453 1897 1538 1936 ἔχειν
1551 1897 1654 1932 ὄνομα·

956 1950 1085 1981 τούτους
1097 1949 1158 1989 ’γὰρ
1172 1949 1281 1988 μόνους
1297 1949 1330 1979 ἐν
1352 1950 1463 1988 νεκρῶν
1478 1947 1606 1978 δείπνοις
1619 1947 1653 1977 οὐ

956 2001 1103 2031 καλοῦσιν
1113 2000 1142 2030 οἱ
1152 1999 1375 2039 προσήκοντες.
1393 1999 1433 2030 ld
1444 2003 1508 2037 est,
1521 2003 1528 2015 ‘
1541 1998 1651 2037 lngio—

956 2052 1024 2082 rius
1042 2057 1077 2082 et
1092 2050 1254 2091 fugitivus
1281 2059 1316 2079 se
1341 2049 1450 2088 ipsum
1473 2047 1653 2087 suspendio

955 2101 1100 2137 necavit,
1112 2110 1159 2141 ¹ne
1179 2104 1255 2141 post
1278 2103 1420 2130 mortem
1438 2097 1574 2139 quidem
1596 2107 1654 2128 no-

955 2160 1033 2181 meu
1047 2150 1221 2180 habiturus
1237 2160 1242 2177 :
1268 2147 1432 2188 ejusmodi
1445 2148 1533 2178 enim
1550 2147 1654 2177 homi-

956 2210 1015 2232 nes
1032 2201 1118 2231 solos
1144 2199 1184 2231 ad
1213 2204 1423 2230 mortuorum
1448 2207 1560 2229 coenas
1587 2206 1653 2227 non

956 2254 1081 2282 vocant
1097 2248 1301 2291 propinqui.'
1335 2249 1376 2280 In
1399 2247 1550 2279 Caristiis
1567 2248 1654 2278 enim

956 2306 992 2332 et
1008 2300 1240 2342 parentalibus
1257 2299 1404 2330 omnium
1420 2306 1572 2330 carorum
1582 2298 1654 2337 jam

958 2351 1028 2383 vita
1057 2350 1252 2382 functorum
1282 2350 1416 2381 nomina
1444 2348 1535 2379 ciere
1570 2348 1655 2378 soie-

961 2401 1053 2432 bant.
1101 2400 1272 2431 Ausonius
1287 2410 1295 2431 :
1333 2399 1342 2415 ‘
1359 2398 1493 2430 nomina
1520 2402 1654 2429 tantum

959 2452 1053 2482 Voce
1081 2450 1187 2489 ciere,
1217 2450 1284 2481 suis
1316 2448 1462 2481 sufficiet
1494 2447 1653 2478 tumulis.’

959 2501 1047 2533 Quae
1071 2501 1265 2532 Ausoniaua
1289 2500 1389 2540 paulo
1415 2498 1580 2529 diversius
1604 2497 1652 2529 in-

960 2555 1172 2591 terpretatur
1186 2549 1375 2590 Turnebus,
1400 2547 1490 2590 quod
1514 2556 1580 2579 non
1596 2546 1653 2578 de-

960 2601 1044 2634 buit.
1067 2603 1139 2633 Jos.
1153 2600 1237 2633 Scal-
