1835 2906
359 141 420 171 DE
454 136 725 168 VERBORUM
759 129 1173 165 SIGNIFIGATIONE
1209 130 1302 158 LIB.
1337 128 1407 158 XI.

1524 116 1607 157 413

225 242 383 285 nautae,
407 238 481 277 aut
511 235 606 288 ejus
638 230 830 286 generis:
862 228 951 268 dici
973 227 1027 267 ab
1058 226 1279 265 inventore
1309 223 1402 275 ejus
1425 220 1609 262 Mesone

228 303 427 345 comoedo
451 302 513 343 ait
536 299 850 352 Aristophanes
872 292 1213 336 Grammaticus.

172 367 431 424 Messapiad
464 368 664 422 Appulia
686 380 711 407 a
737 365 949 415 Messapo
971 373 1066 412 rege
1088 359 1326 412 appellata.

1434 357 1611 407 [PAUL.

173 438 481 491 Metaphoram
495 442 508 458 Ε
541 448 670 489 quam
692 433 1023 478 Graecivoeant‚
1037 440 1118 468 nos
1137 426 1426 474 tralationem,
1448 424 1613 474 [FEST.

227 506 271 546 id
294 510 379 554 est,
402 505 530 545 domo
555 505 796 544 mutuatum
816 499 1010 545 verbum,
1032 508 1121 549 quo
1142 494 1321 542 utimur,
1343 492 1486 545 inquit
1504 491 1615 532 Ver-

228 573 320 613 rius
342 573 386 612 in
409 585 471 612 or.
490 585 544 612 ne
567 570 734 623 saepius
766 566 940 620 quidem
964 563 1136 605 honesti
1158 575 1211 603 ac
1241 558 1506 614 significantis
1527 572 1617 598 ver-

232 639 289 679 bis
307 639 477 693 defectu,
494 642 540 679 ut
562 636 831 692 speciosiore
849 638 970 687 atque
992 629 1123 671 eodem
1143 627 1265 669 etiam
1280 623 1618 681 significantior&

230 721 361 761 quam
384 707 561 760 proprio
582 700 782 746 vocabulo
804 714 894 742 rem
925 699 1178 740 indicemus.
1203 727 1212 738 .
1233 726 1267 737 ..
1289 693 1404 735 redit
1432 705 1513 733 sua
1532 695 1619 732 tra-

202 809 206 812 .
230 776 365 815 latum
400 773 609 814 manebit.
719 783 807 824 quo
836 767 1066 822 perveni.¹³
1177 777 1228 805 as
1261 762 1407 803 alieno
1440 759 1618 814 perinde

233 855 283 883 ac
301 855 381 882 suo
404 842 474 882 ab.

785 943 979 957 “tedere“

223 1031 260 1059 13
287 1026 336 1058 Ed
353 1026 440 1058 Scal.
457 1026 605 1067 pervenit.

983 943 1019 955 ‘0

832 1107 975 1141 NOTAE

180 1193 272 1228 nent,
294 1194 363 1220 tam
388 1198 461 1228 quae
486 1187 529 1219 de
553 1187 689 1218 notione
704 1186 801 1227 hujus
818 1195 872 1216 vo-

180 1242 238 1279 cis,
253 1249 352 1280 quam
368 1238 410 1269 de
428 1238 656 1279 Aristophane
671 1235 875 1268 Grammati-

181 1302 232 1332 co,
249 1291 313 1323 huc
330 1301 371 1322 ex
388 1291 552 1322 Athenaeo
569 1290 737 1330 conjicere
753 1287 853 1318 libuit
868 1297 874 1314 :

181 1340 312 1373 ἐκάλουν
326 1340 358 1371 δὲ
375 1341 403 1371 οἱ
418 1339 544 1371 παλαιοὶ
568 1338 623 1369 τὸν
645 1338 702 1377 μὲν
716 1335 878 1368 πολιτικὸν

181 1392 330 1434 μάγειρον
346 1391 509 1429 Μαίσωνα,
527 1390 584 1420 τὸν
597 1389 629 1420 δὲ
643 1388 787 1420 ἐκτόπιον
802 1387 878 1418 Τέτ-

181 1455 267 1482 τιγα.
313 1442 491 1482 Χρύσιππος
521 1440 546 1470 δ’
578 1441 594 1470 ὁ
625 1438 801 1479 φιλόσοφος
825 1437 880 1468 τὸν

185 1493 332 1524 Μαίσωνα
353 1492 412 1522 ἀπὸ
436 1493 492 1522 τοῦ
516 1492 672 1528 μασᾶσθαι
695 1490 789 1520 οἴεται
812 1500 880 1519 κεκ-

184 1546 306 1583 λῆσθαι,
323 1542 386 1574 οἷον
397 1543 454 1573 τὸν
469 1543 581 1581 ἀμαθῆ,
605 1540 655 1572 καὶ
672 1540 744 1580 πρὸς
766 1538 881 1578 ’γαστέ-

185 1607 223 1635 ρα
240 1592 414 1625 νενευκότα·
435 1593 555 1630 ἀγνοῶν
572 1591 619 1621 ὅτι
631 1590 756 1620 Μαίσων
770 1589 883 1627 ’γέγονε

186 1644 339 1684 κωμῳδίας
355 1643 528 1683 ὑποκριτὴς,
544 1640 703 1681 Μεγαρεὺς
726 1640 763 1670 τὸ
782 1640 883 1678 γένος,

186 1696 220 1726 ’ὸς
235 1695 335 1726 καὶτὸ
360 1694 551 1735 προσωπεῖον
575 1690 640 1732 εὗρε
658 1691 695 1721 τὸ
717 1692 766 1722 ἀπ’
791 1691 884 1720 αὐτοῦ

190 1746 381 1785 καλούμενον
409 1745 566 1780 Μαίσωνα,
591 1745 630 1776 ὡς
661 1740 885 1784 Ἀριστοφάνης

191 1796 284 1836 φησὶν
295 1798 310 1827 ὁ
327 1795 503 1835 Βυζάντιος,
520 1797 552 1826 ἐν
564 1796 607 1835 τῷ
622 1794 690 1834 περὶ
706 1793 886 1833 προσώπων,

191 1850 288 1888 εὑρεῖν
310 1847 403 1878 αὐτὸν
418 1846 544 1886 φάσκων
562 1844 611 1876 καὶ
626 1844 663 1875 τὸ
674 1845 729 1874 τοῦ
745 1843 888 1884 θεράπον-

190 1912 244 1931 τος
256 1899 432 1940 πρόσωπον,
447 1897 497 1928 καὶ
516 1897 554 1928 τὸ
571 1897 628 1927 τοῦ
642 1894 801 1935 μαγείρου,
822 1896 887 1926 &c-

192 1952 262 1981 Jos.
280 1950 364 1980 Scul.

233 1999 360 2039 Mesoa]
393 1997 615 2030 Scribendum
632 2006 693 2037 per
709 1994 888 2036 diphthon-

195 2059 271 2090 gum
289 2050 421 2079 Moeson.
466 2049 522 2078 De
547 2048 611 2078 hac
635 2056 715 2077 voce
738 2055 781 2076 ex
797 2044 891 2076 Aris·

195 2099 343 2139 tophane
369 2098 601 2129 Grammatico
633 2097 679 2127 sic
708 2095 892 2126 Athenaeus

195 2151 252 2181 lib.
271 2159 345 2180 xrv.
362 2151 427 2180 διε.
450 2148 459 2163 ‘
474 2148 626 2188 Coquum
650 2146 842 2186 indigenam
859 2149 893 2176 et

197 2200 304 2230 civem
340 2199 494 2231 Maesona
537 2197 640 2237 prisci
672 2199 894 2234 vocaverunt,

199 2253 373 2279 externum
401 2258 439 2278 ac
472 2247 700 2287 peregrinum,
723 2246 895 2284 Tettigen.

201 2299 260 2329 Ch·
269 2298 409 2338 ysippus
429 2297 649 2336 Philosophus
660 2297 812 2327 Maesona
823 2295 895 2326 dic-

202 2354 272 2379 tum
298 2352 396 2387 putat
421 2346 484 2377 ἆπὺ
500 2347 556 2377 τοῦ
580 2348 748 2384 μασᾶσθαι,
763 2356 782 2376 a
805 2355 896 2376 man-

202 2396 324 2432 dendo,
342 2397 435 2427 velut
451 2397 591 2426 inscium
609 2406 647 2426 ac
667 2397 797 2433 rudem,
820 2404 897 2425 ven-

203 2448 315 2488 trique
332 2446 498 2485 deditum,
522 2446 657 2484 ignarus
682 2446 835 2476 Maesona
848 2444 898 2475 fu-

204 2497 268 2528 isse
279 2495 526 2527 Comoediarum
543 2495 749 2533 histrionem,
762 2496 899 2525 natione

204 2548 455 2586 Megarensem,
484 2545 694 2575 inventorem
736 2553 901 2584 personae,

206 2607 304 2638 quam
323 2596 364 2627 ab
381 2605 419 2625 eo
438 2599 559 2625 vocant
585 2595 748 2629 Maesona,
765 2597 803 2624 ut
823 2593 901 2623 scri-

207 2647 257 2678 bit
274 2646 513 2686 Aristophanes
538 2644 735 2684 Byzantius,
757 2643 843 2674 libro
862 2643 903 2673 de

209 2697 373 2737 personis,
398 2695 453 2737 qui
476 2699 511 2726 et
538 2704 612 2726 euni
639 2694 744 2725 tradit
761 2703 836 2725 cum
856 2692 903 2723 fa-

931 1181 1010 1213 muli
1034 1187 1208 1220 personam
1234 1176 1459 1216 excogitasse,
1484 1177 1552 1205 tum
1573 1182 1628 1204 coo

931 1230 1010 1273 qui‚’
1028 1232 1093 1261 διο.
1138 1227 1226 1259 Vide
1244 1227 1394 1267 Hesych.
1416 1226 1448 1256 in
1472 1223 1573 1263 μαίσω
1593 1229 1629 1255 et

931 1283 1045 1322 τέττιξ.
1070 1283 1152 1313 Duc.

974 1336 988 1356 ‘¹
1013 1334 1186 1374 Messapia]
1200 1332 1322 1373 Apulia
1333 1330 1520 1370 aMessapo
1535 1329 1631 1368 Nep-

933 1387 1005 1418 tuni
1024 1386 1103 1417 filio.
1149 1384 1245 1424 Virg.
1270 1382 1346 1413 AEn.
1362 1390 1427 1413 v11.
1453 1384 1462 1398 ‘
1477 1380 1524 1411 At
1540 1380 1632 1410 Mes-

935 1448 1033 1479 sapus
1051 1446 1174 1478 equum
1191 1434 1351 1473 domitor,
1363 1431 1540 1472 Neptunia
1555 1439 1632 1471 pro·

935 1489 1007 1520 les.'
1033 1489 1129 1518 Idem.

979 1544 992 1559 θ
1016 1536 1248 1578 Metaphoram]
1285 1535 1320 1566 Si
1343 1533 1415 1575 quis
1433 1530 1635 1565 Quintiliani

938 1600 1013 1630 cap.
1039 1593 1071 1620 6.
1097 1588 1138 1619 de
1159 1588 1267 1627 tropis
1283 1585 1361 1617 libri
1377 1584 1489 1616 octavi
1512 1582 1637 1623 legerit

939 1639 1114 1677 attentius,
1143 1638 1246 1669 verba
1272 1636 1366 1668 Festi
1389 1634 1491 1666 facile
1512 1632 1639 1664 intelli-

939 1696 1009 1732 get,
1026 1695 1060 1720 et
1077 1698 1195 1720 manca
1212 1687 1381 1718 restituet.
1405 1684 1483 1716 Ant.
1495 1684 1580 1722 Aug.

983 1739 1216 1780 Metaplzoram]
1240 1739 1330 1777 Lege
1347 1734 1457 1767 infra:
1492 1735 1563 1769 Qua
1577 1733 1639 1764 uti-

940 1801 1020 1826 τηαν,
1050 1790 1152 1830 inquit
1192 1788 1323 1819 Verrius
1350 1786 1385 1816 in
1413 1784 1563 1824 oratione,
1588 1785 1642 1823 &c-

943 1841 1087 1881 Reliqua
1116 1843 1191 1869 sunt
1217 1836 1423 1870 obscuriora,
1447 1843 1564 1865 eorum
1591 1837 1641 1864 ta-

943 1901 1019 1922 men
1037 1891 1063 1921 si
1080 1899 1146 1920 non
1166 1888 1279 1926 verba,
1305 1890 1340 1917 at
1356 1894 1489 1917 sensum
1506 1883 1642 1915 odorari

943 1941 1022 1972 mihi
1040 1939 1167 1970 videor.
1201 1938 1256 1970 Ita
1269 1937 1358 1968 enim
1375 1936 1449 1966 fere
1465 1934 1642 1975 scripsisse

945 1993 1086 2023 Festum
1109 1995 1212 2030 puto:
1240 1999 1304 2020 rem
1323 1987 1505 2017 indicemus.
1555 1985 1644 2020 Quod

946 2042 973 2073 si
987 2042 1146 2082 proprium
1168 2050 1258 2079 quam
1283 2038 1431 2068 tralatum
1446 2034 1547 2073 magis
1561 2034 1643 2064 vale-

946 2097 1007 2129 ret,
1022 2092 1104 2122 redit
1120 2091 1159 2120 ad
1182 2099 1237 2120 sua
1260 2087 1387 2119 verbum
1405 2086 1565 2123 tralatum,
1580 2092 1645 2113 ma-

948 2142 1090 2181 nebitque
1107 2144 1178 2170 tunc
1201 2141 1321 2169 tantum
1344 2146 1412 2168 cum
1435 2145 1492 2175 quo
1506 2133 1647 2174 pervenit

949 2202 982 2223 eo
995 2191 1153 2232 proprium
1167 2189 1328 2230 pervenire
1342 2196 1402 2217 non
1416 2185 1523 2225 possit.
1559 2184 1648 2214 Prae-

950 2243 1057 2274 sertim
1081 2242 1163 2281 apud
1185 2240 1290 2280 poetas
1318 2238 1370 2278 qui
1397 2235 1496 2266 alieno
1521 2233 1649 2274 perinde

951 2303 986 2323 ac
1000 2302 1054 2322 suo
1069 2291 1249 2322 abutuntur.
1304 2288 1349 2318 Et
1364 2287 1410 2317 ita
1425 2284 1498 2315 fere
1515 2283 1648 2316 Quinti-

951 2343 1031 2373 lian.
1062 2341 1120 2372 lib.
1153 2348 1232 2370 vm.
1257 2347 1334 2378 cap.
1360 2339 1391 2367 6.
1413 2332 1649 2365 ‘Transfertur

953 2390 1056 2432 ergo‚’
1074 2390 1195 2431 inquit,
1221 2389 1229 2404 ‘
1244 2396 1365 2418 nomen
1380 2388 1438 2416 ant
1451 2384 1590 2417 verbum
1607 2392 1649 2414 ex

954 2452 992 2472 eo
1010 2443 1099 2480 loco,
1121 2441 1153 2470 in
1169 2449 1234 2480 quo
1252 2437 1425 2478 proprium
1443 2439 1506 2475 est,
1524 2434 1556 2464 in
1572 2443 1650 2464 enm

955 2492 986 2521 in
1004 2501 1068 2532 quo
1086 2495 1143 2521 aut
1157 2489 1330 2530 proprium
1346 2487 1453 2522 deest,
1466 2489 1523 2516 aut
1543 2489 1651 2515 trans-

955 2543 1059 2572 latum
1076 2540 1213 2581 proprio
1230 2539 1348 2569 melius
1363 2541 1426 2569 est.
1451 2536 1492 2567 Id
1509 2534 1651 2566 facimus

957 2596 1014 2622 aut
1031 2591 1109 2632 quia
1124 2599 1263 2621 necesse
1282 2592 1344 2628 est,
1359 2590 1417 2618 aut
1432 2586 1511 2627 quia
1526 2584 1652 2625 signifi·

958 2642 1091 2673 cantius
1109 2644 1180 2679 est;
1205 2644 1274 2675 aut,
1288 2643 1325 2670 ut
1341 2639 1423 2678 dixi,
1438 2638 1514 2678 quia
1529 2636 1652 2667 decen-

959 2692 1038 2724 tius.
1056 2691 1121 2723 Ubi
1135 2691 1218 2721 nihil
1231 2691 1347 2721 horum
1358 2686 1548 2729 praestabit,
1563 2685 1651 2726 quod
