1835 2906
371 137 434 167 DE
468 131 739 164 VERBORUM
774 126 1185 160 SIGNIFICATIONE
1221 126 1315 155 Llss.
1349 124 1453 155 xlv,

1559 112 1637 153 (517

199 231 582 275 Postliminiumze
614 229 850 280 receptum,
882 221 1040 264 Gallus
1066 221 1227 270 AElius,
1257 220 1302 261 in
1330 219 1444 260 libro
1479 217 1644 271 [Fsss'r.

255 301 396 355 primo
419 295 803 351 significationum,
823 304 925 346 quae
946 289 1003 332 ad
1017 289 1094 344 jus
1106 288 1344 342 pertinent,
1360 287 1420 328 ait
1433 298 1533 326 esse
1546 298 1645 325 eum

255 369 331 423 qui
364 367 491 415 liber,
514 377 571 405 ex
599 376 689 417 qua
719 361 900 402 civitate
922 359 968 400 in
988 357 1124 399 aliam
1146 356 1372 397 civitatem
1401 353 1583 401 abierat,
1605 352 1648 392 in

253 435 446 477 eandem*
472 433 697 474 civitatem
733 428 847 470 redit
884 440 940 468 eo
966 426 1082 480 jure,
1123 422 1241 477 quod
1272 421 1558 464 constitutum
1581 426 1651 463 est

257 505 311 545 de
330 500 628 557 postliminiis.
689 498 803 539 Item
833 496 909 550 qui
944 497 1125 535 servus³
1161 504 1188 532 a
1219 490 1348 531 nobis
1385 490 1428 530 in
1458 488 1650 529 hostium

254 574 520 626 potestatem
540 565 749 622 pervenit,
770 568 929 618 postea
950 562 1006 604 ad
1026 573 1106 602 nos
1128 558 1256 610 redit,
1276 558 1320 598 in
1342 557 1435 610 ejus
1454 560 1651 610 potesta-

256 646 356 691 tem,
379 638 507 692 cujus
527 640 654 677 antea
674 633 768 684 suit,
790 634 889 688 jure
911 628 1196 686 postliminii:
1228 625 1347 681 equi,
1377 629 1421 666 et
1443 623 1585 673 mulli,
1608 626 1653 662 et

801 753 1034 768 ΟΙΟΝΙΙΝΟΟΟ

245 855 264 883 2
287 851 348 882 Vir
363 851 456 882 doct.
475 850 509 881 in
527 859 634 890 marg.
653 847 708 880 ed.
723 847 812 879 Scal·
831 843 1108 877 Postumium—3
1132 842 1211 873 Vet.
1235 839 1311 873 cod.
1340 839 1477 879 Itemque
1499 845 1613 868 servos.

865 987 1006 1021 NOTIE

246 1096 259 1111 e
283 1090 529 1130 postliminium]
569 1089 725 1121 Glossae:
756 1085 903 1117 ‘Postli-

204 1139 474 1180 ηιεη,ἐπιίνοδος.’
508 1139 642 1170 Falsum
659 1142 725 1176 est,
742 1136 830 1178 quod
850 1145 905 1166 ve-

205 1192 382 1223 tustissimi
398 1189 640 1223 Jurisconsulti
658 1186 854 1229 prodidere,
870 1185 905 1215 in

204 1242 339 1273 nornine
357 1243 366 1259 ‘
381 1237 640 1272 Postliminium’
664 1236 814 1278 spectari
831 1240 906 1267 tan-

205 1298 276 1323 tum
295 1291 574 1333 praepositionem
600 1290 609 1305 ‘
624 1287 726 1330 post‚’
742 1287 907 1329 reliquum

205 1343 441 1385 productionis
486 1353 560 1375 esse
618 1341 774 1381 caudam,
823 1339 908 1371 limi-

206 1396 309 1425 nium.
355 1395 443 1425 Nam
475 1393 720 1434 postliminium
743 1394 837 1422 recte
866 1399 910 1420 ex

208 1445 320 1477 Latini
350 1445 512 1476 sermonis
532 1443 754 1484 proportione
783 1440 911 1472 dicitur

206 1496 226 1533 ἡ
258 1494 421 1531 ἐπάνοδος,
449 1499 622 1526 utcontra
657 1492 863 1532 Elimininm,
890 1489 911 1528 ἦ

209 1547 322 1587 ἔξοδος.
368 1544 645 1585 Postliminiijus
666 1548 702 1575 et
729 1542 850 1583 religio
866 1551 909 1572 ex

208 1597 467 1629 Atheniensium
489 1595 643 1627 fontibus
667 1593 855 1628 derivatur,
872 1595 910 1623 ut

209 1650 371 1689 pleraque
399 1648 628 1679 Romanorum
655 1645 737 1676 alia.
778 1643 909 1675 Eodem

205 1700 285 1740 jure
311 1698 402 1740 apud
428 1699 598 1729 Romanos
615 1699 723 1731 erant,
739 1694 796 1736 qui
821 1697 912 1734 post-

210 1750 339 1781 liminio
365 1749 406 1780 ab
445 1747 597 1779 hostibus
638 1744 914 1780 revertebantur,

211 1810 278 1841 quo
294 1799 383 1840 apud
401 1797 627 1830 Athenienses
644 1796 677 1831 ii,
700 1795 755 1836 qui
771 1792 913 1834 δευτερό-

210 1862 335 1890 ποτμοι,
360 1848 411 1880 καὶ
432 1847 668 1888 ὑστερόποτμοι,
699 1846 915 1878 dicebantur.

213 1903 356 1934 Romani
381 1901 543 1933 nolebant
559 1910 647 1934 eum,
674 1899 728 1930 cui
752 1903 914 1940 tanquam

212 1959 344 1985 mortuo
369 1954 466 1994 justa
494 1951 651 1983 funerum
680 1949 772 1981 facta
802 1953 913 1988 erant,

211 2005 371 2036 reducem
388 2005 491 2034 limen
518 2002 688 2041 insistere,
706 2001 785 2042 quia
800 1999 916 2031 funes-

214 2055 279 2087 tari
293 2062 333 2086 eo
358 2054 536 2095 putabant,
563 2057 631 2084 tam
661 2052 763 2085 limen
787 2055 915 2082 utrum-

215 2115 280 2147 que
297 2110 332 2137 et
348 2114 521 2146 superum,
537 2108 571 2134 et
585 2101 743 2141 inferum,
758 2101 817 2133 sia
829 2110 915 2132 mor-

213 2162 273 2188 tuo
288 2157 489 2189 calcaretur,
506 2164 604 2195 quam
621 2157 656 2184 et
672 2153 841 2184 homiuem
866 2151 915 2192 ip-

216 2217 301 2237 sum.
346 2207 432 2238 Nam
451 2210 486 2236 et
510 2203 636 2235 mortui
652 2203 685 2234 in
707 2203 822 2233 limine
849 2202 917 2233 col-

214 2256 429 2293 locabantur,
444 2253 536 2295 quod
548 2253 679 2284 Graecis
692 2252 830 2291 dicitur,
844 2249 917 2293 πρό-

217 2310 298 2337 θεσις
315 2306 431 2345 νεκροῦ.
478 2304 612 2335 Iccirco
636 2307 727 2334 tecto
744 2302 918 2343 perforato

217 2359 249 2389 iu
260 2356 350 2387 aedes
360 2353 663 2388 admittebatur-‚ne
673 2353 857 2384 ominosum
870 2363 920 2384 es-

219 2407 340 2447 set,illi
357 2406 568 2446 pen-januam
590 2402 807 2444 ingredi,per
819 2412 919 2444 quam

219 2465 380 2501 tanquam
395 2459 504 2489 elatus
518 2460 604 2488 erat.
650 2455 751 2488 Quod
767 2455 856 2486 enim
872 2454 920 2485 illi

213 2511 308 2552 justa
324 2508 415 2540 facta
430 2512 538 2542 erant,
554 2507 597 2538 ob
613 2506 646 2537 id
673 2511 831 2547 tanquam
855 2505 919 2537 ela-

221 2567 276 2593 tus
289 2560 495 2600 fingebatur.
526 2557 753 2588 Athenienses
765 2565 833 2591 e08‚
845 2556 919 2597 qui-

222 2612 284 2643 bus
314 2609 513 2641 absentibus
543 2607 642 2638 funus
667 2607 796 2639 factum
832 2612 922 2647 erat,

222 2672 292 2693 norr
305 2662 395 2702 prius
412 2660 503 2691 aedes
530 2658 662 2699 ingredi
690 2657 924 2698 patiebantur,

218 2721 322 2754 quam
348 2720 408 2753 per
433 2710 541 2742 sinum
564 2709 652 2741 laxae
677 2708 774 2740 stolae
804 2707 924 2740 mulier

958 1094 1035 1116 eum
1051 1082 1262 1116 demitteret,
1284 1084 1444 1120 tanquam
1468 1075 1579 1107 denuo
1607 1082 1660 1104 re-

959 1135 1052 1166 nasci
1069 1134 1255 1165 videretur.
1292 1129 1393 1162 Unde
1409 1124 1659 1167 δευτερόποίη.ι,οι7

958 1187 1022 1218 hoc
1036 1190 1101 1224 est,
1114 1183 1348 1224 δευτερινγενεῖς.
1364 1179 1483 1218 πότμος
1499 1177 1600 1212 enim,
1614 1174 1663 1206 fa·

962 1242 1034 1270 tum
1054 1236 1238 1268 nascentis.
1284 1233 1351 1267 Qui
1376 1233 1466 1263 euim
1491 1227 1596 1260 semel
1619 1234 1662 1257 ex

964 1287 1094 1319 aedibus
1119 1286 1199 1317 elati
1227 1289 1315 1320 sunt,
1341 1289 1513 1322 nunqnam
1543 1280 1664 1319 postea

964 1349 1020 1371 eas
1044 1337 1294 1379 ingrediuntur.
1338 1333 1425 1365 Inde
1454 1330 1597 1367 factum,
1625 1331 1665 1358 ut

965 1399 1049 1431 quos
1075 1391 1225 1419 mortuos
1253 1386 1471 1426 putaverant,
1498 1383 1555 1411 aut
1581 1387 1665 1419 quos

964 1448 1134 1480 nunquam
1166 1436 1334 1468 redituros
1360 1431 1557 1473 sperabant,
1586 1437 1665 1459 cum

965 1491 1236 1527 reverterentur,
1250 1495 1293 1516 ex
1305 1493 1385 1515 orco
1397 1491 1454 1513 eos
1464 1479 1603 1511 rediisse
1615 1477 1665 1508 di-

965 1543 1094 1572 cerent.
1118 1536 1373 1570 Artemidorus:
1391 1531 1449 1563 τὸν
1462 1528 1544 1571 παρὰ
1566 1538 1663 1569 προσ-

964 1589 1068 1622 δοκίαν
1082 1587 1221 1621 σωθέντα
1234 1584 1336 1627 φαμὲν
1351 1584 1383 1624 ἐξ
1405 1582 1483 1624 ᾅδου
1511 1580 1667 1615 ἀναβεβη-

964 1641 1061 1673 κέναι.
1108 1638 1274 1679 Apuleius
1290 1635 1349 1667 lib.
1366 1643 1416 1665 x1.
1449 1633 1458 1649 ‘
1478 1629 1667 1663 Confestim

967 1691 1115 1732 denique
1136 1688 1321 1720 familiares
1347 1694 1386 1716 ac
1407 1682 1569 1720 vernulae,
1596 1678 1669 1721 qui-

968 1751 1033 1782 que
1049 1740 1129 1772 mihi
1146 1737 1299 1780 proximo
1321 1744 1410 1766 nexu
1425 1730 1596 1773 sanguinis
1612 1739 1669 1760 co-

967 1791 1158 1826 haerebant,
1182 1790 1277 1820 luctu
1307 1785 1477 1827 deposito,
1501 1791 1600 1824 quem
1625 1779 1670 1811 de

970 1852 1054 1874 meae
1071 1840 1189 1873 mortis
1202 1838 1285 1869 falso
1299 1835 1421 1867 nuncio
1434 1834 1672 1873 susceperant,

970 1893 1151 1935 repentino
1176 1889 1283 1922 laetati
1301 1886 1434 1929 gaudio,
1461 1883 1554 1914 varie
1579 1881 1670 1923 quis-

969 1955 1033 1985 que
1049 1939 1306 1975 munerabundi,
1319 1938 1360 1969 ad
1377 1945 1487 1968 meum
1504 1933 1673 1965 festinant

970 1995 1062 2026 illico
1086 1993 1268 2029 diutinum,
1296 1989 1525 2027 reducemque
1550 1983 1593 2015 ab
1619 1983 1667 2013 in-

968 2045 1051 2077 feris
1068 2039 1312 2083 conspectum‚’
1329 2039 1386 2081 qui
1403 2038 1496 2068 locus
1512 2035 1612 2076 plane
1629 2032 1671 2064 ad

969 2098 1059 2128 hunc
1076 2104 1204 2127 morem
1221 2090 1344 2123 allusit.
1365 2090 1434 2120 Jos.
1452 2086 1535 2118 Scal.

1017 2145 1247 2179 Poslliminium
1274 2138 1447 2181 receptum]
1473 2135 1670 2168 ‘Postlimi-

972 2199 1062 2230 nium
1079 2201 1130 2228 est
1146 2207 1165 2227 a
1179 2194 1293 2226 limine
1310 2196 1344 2223 et
1361 2196 1458 2232 post;
1482 2187 1572 2219 unde
1594 2195 1671 2217 eum

972 2250 1028 2292 qui
1044 2249 1086 2280 ab
1102 2246 1254 2279 hostibus
1266 2246 1386 2283 captus
1402 2241 1434 2271 in
1446 2239 1529 2270 fines
1540 2241 1673 2268 nostros

973 2304 1094 2343 postea
1122 2295 1293 2339 pervenit,
1317 2289 1521 2334 postliminio
1560 2296 1672 2319 rever-

974 2362 1047 2384 sum
1063 2353 1158 2382 recte
1174 2346 1329 2378 dicimus.
1354 2343 1442 2374 Nam
1455 2339 1571 2371 limina
1587 2338 1675 2369 sicut

976 2404 1008 2435 in
1024 2400 1180 2433 domibus
1201 2398 1302 2429 finem
1332 2392 1499 2436 quendam
1529 2390 1672 2427 faciunt,

975 2454 1024 2485 sic
1041 2457 1076 2484 et
1092 2449 1224 2491 imperii
1239 2447 1340 2479 finem
1362 2444 1462 2475 limen
1478 2450 1550 2472 esse
1572 2440 1676 2470 Vete-

975 2513 1028 2535 res
1044 2502 1238 2533 voluerunt.
1284 2496 1375 2528 Hinc
1391 2498 1426 2525 et
1442 2493 1543 2524 limen
1560 2490 1673 2521 dictus

975 2559 1041 2593 est,
1055 2550 1150 2594 quasi
1175 2549 1252 2581 finis
1278 2545 1413 2588 quidam
1437 2547 1473 2574 et
1500 2541 1674 2574 terminus.

976 2603 1031 2635 Ab
1047 2612 1087 2633 eo
1104 2598 1346 2643 postliminium
1361 2595 1503 2628 dictum,
1525 2591 1601 2633 quia
1618 2599 1674 2621 eo-

977 2654 1052 2685 dem
1068 2651 1183 2683 limine
1210 2645 1461 2680 revertebatur,
1486 2651 1552 2684 quo
1577 2640 1676 2672 amis-

978 2714 1034 2737 sus
1047 2699 1185 2735 fuerat-²
1227 2699 1314 2731 Haec
1328 2695 1510 2731 Justinian.
1534 2693 1615 2725 Dae.
