1835 2906
227 129 313 171 386

283 237 428 277 omnia
450 235 629 278 aetheria
651 240 905 292 terrenaque
926 251 1095 278 manare
1124 236 1401 279 credebantur.

687 140 835 171 SEXTI
872 141 1073 171 POMPEI}
1109 141 1245 172 Fsss'rt

1466 237 1572 279 Item
1596 237 1673 280 Dii

285 304 426 357 superi
454 309 587 357 atque
617 304 742 346 inferi
774 304 1011 347 dicebantur
1031 323 1043 347 .·
1075 319 1171 361 quos
1199 305 1287 347 ideo
1318 306 1562 348 invocabant
1582 308 1674 348 Au-

284 384 409 425 gures
430 372 548 426 quod
572 371 616 412 lez·
631 372 1126 428 existimabanturfavere
1147 374 1239 414 vitaz
1254 374 1437 415 hominis.

232 439 396 481 Manes
419 439 497 480 Dii
525 440 581 480 ab
604 439 859 493 Auguribus
883 442 1171 491 vocabantur,
1199 442 1316 495 quod
1350 455 1430 483 eos

1492 443 1672 496 [PAUL.

282 521 358 560 por
376 507 525 548 omnia
546 520 722 549 manare
745 509 997 559 credebant,
1015 523 1181 563 eosque
1199 510 1325 550 Deos
1343 523 1530 563 superos
1545 514 1673 564 atque

282 577 441 617 inferos
467 577 683 618 dicebant.

228 644 421 685 Manuos
436 650 497 674 ¹7ss
532 645 577 685 in
609 644 872 685 carminibus
898 646 1131 687 saliaribus
1160 645 1306 687 AElius
1329 646 1439 686 Stilo
1456 645 1487 669 ¹⁸
1510 644 1675 699 signifi-

830 764 947 775 eeeeee

952 765 1067 779 eeeeee

269 848 308 876 17
333 845 482 886 Conjicit
500 847 585 878 Dac-
602 846 715 877 Manes
731 846 786 877 vel
809 846 941 877 Manes.-
966 847 1024 878 sed
1048 848 1127 880 nihil
1144 846 1384 880 affirmas—18
1407 848 1487 879 Vet.
1505 847 1562 879 lib.
1575 847 1675 880 Aure·

224 888 283 919 lius
297 889 350 920 vel
363 888 487 920 Ateius.

879 965 1019 997 NOTAE

223 1048 282 1071 nes
313 1043 445 1071 tantum
474 1040 568 1071 Deos
600 1044 734 1080 putant,
772 1050 833 1081 per
864 1050 920 1072 eos

224 1090 390 1131 dejerant,
416 1100 473 1122 eos
500 1096 537 1121 ut
565 1092 701 1122 oracula
730 1091 922 1132 consulunt,

224 1142 354 1182 precati
368 1152 442 1182 quae
458 1142 573 1173 volunt
585 1153 594 1181 3
608 1142 663 1173 ubi
679 1143 813 1173 tumulis
829 1144 920 1174 incu-

222 1192 339 1232 buere,
365 1203 425 1233 pro
451 1193 617 1233 responsis
635 1193 749 1224 ferunt
774 1194 922 1225 somnia.'

224 1244 308 1275 Quae
337 1244 452 1285 verba,
479 1253 519 1274 ex
545 1244 721 1276 Herodoto
742 1244 813 1276 fere
833 1250 920 1276 tran-

220 1294 360 1334 scripta,
391 1294 433 1325 ab
459 1294 577 1325 eodem
606 1295 783 1326 Herodoto
810 1296 921 1327 lucem

222 1345 373 1384 capient,
396 1345 452 1386 qui
476 1345 508 1375 in
536 1346 768 1386 Melpomene,
795 1346 851 1378 ubi
877 1348 920 1378 de

223 1393 482 1430 Nazamonibus,
515 1395 560 1426 ita
591 1396 731 1428 scribit:
756 1396 920 1435 Ὀμνύουσι

219 1442 276 1482 μὲν
293 1442 365 1476 τοὺς
380 1445 461 1485 παρὰ
475 1446 565 1485 σφίσι
581 1445 689 1487 ἄνδρας
711 1447 920 1480 δικαιοτάτους

221 1496 270 1526 καὶ
293 1496 435 1537 ἀρίστους
459 1498 647 1537 λεγομένους
676 1499 821 1538 ’γενέσθαι
848 1501 918 1533 τού-

220 1559 305 1588 τους,
320 1550 381 1579 τῶν
395 1547 519 1587 τύμβων
528 1549 704 1589 ἁπτόμενοι·
716 1551 919 1589 μαντεύονται

219 1597 252 1629 δὲ
265 1599 313 1630 ἐπὶ
328 1601 391 1630 τῶν
403 1600 560 1640 προγόνων
576 1601 755 1640 φοιτέοντες
770 1603 810 1634 τὰ
824 1604 921 1642 σῆμα·

219 1661 270 1689 τα,
288 1650 338 1681 καὶ
361 1650 576 1691 κατευξάμενοι
595 1653 920 1696 ἐπικατακοιμέωνται,

218 1701 256 1731 τὸ
272 1701 299 1731 δ’
312 1701 350 1732 ἂν
360 1702 455 1733 ἴδοιεν
467 1704 500 1733 ἐν
514 1705 557 1744 τῇ
570 1703 649 1744 ὄψει,
662 1704 760 1744 τούτῳ
775 1706 919 1745 χρῶνται.

220 1752 303 1792 Leg.
335 1752 453 1783 τούτων
478 1756 541 1784 τῶν
561 1753 697 1793 τύμβων,
721 1758 784 1787 ἃς.
831 1756 920 1787 ‘Per

219 1801 408 1840 defunctos,
426 1805 666 1844 quijustissimi
684 1811 786 1847 atque
801 1807 919 1847 optimi

221 1853 311 1892 apud
330 1853 400 1884 illos
418 1853 520 1885 fuisse
538 1855 711 1895 dicuutur,
726 1856 857 1896 jurant,
881 1858 918 1887 il-

219 1903 326 1934 lorum
338 1905 492 1944 sepulcra
504 1909 681 1945 tangentes
693 1917 700 1937 ε
713 1907 865 1938 divinant
877 1907 917 1938 ad

220 1962 355 1984 suorum
383 1954 586 1985 accedentes
625 1961 854 1996 monumenta,
883 1963 918 1988 et

219 2003 301 2040 illic,
327 2003 382 2034 ubi
412 2014 530 2044 preces
559 2012 777 2046 peregerunt,
805 2007 917 2038 indor-

218 2053 337 2089 miunt‚
355 2054 412 2084 ubi
440 2054 675 2096 quodcumque
693 2065 753 2096 per
770 2057 918 2097 quietem

219 2104 420 2136 insomnium
435 2105 605 2144 viderunt,
625 2116 664 2136 eo
681 2107 843 2138 utuntur.'
872 2109 918 2140 Ut

219 2154 328 2193 vides,
353 2156 445 2186 Mela
466 2165 570 2187 maanes
588 2157 732 2197 vocavit,
749 2167 831 2198 quos
848 2159 918 2189 He-

222 2205 360 2236 rodotus
372 2206 579 2246 justissimos
593 2212 695 2247 atque
709 2208 853 2247 optimos
869 2208 915 2238 vi-

220 2260 255 2286 ta
271 2255 463 2287 defunctos.
498 2257 563 2288 Qui
581 2257 810 2297 viriquouiam
823 2257 915 2288 iuiu-

218 2304 300 2335 feris
311 2305 435 2346 degere
451 2307 670 2346 putabantur,
687 2306 763 2338 iude
778 2307 917 2347 Plinius,

220 2364 294 2385 cum
320 2356 391 2387 baec
409 2366 427 2387 a
444 2357 537 2388 Mela
561 2358 764 2397 accepisset,
781 2358 828 2388 sic
845 2367 916 2389 mu-

221 2406 320 2443 tavit,
347 2407 471 2445 Augilae
508 2406 623 2445 inseres
657 2410 777 2438 tantum
803 2408 916 2439 colunt.

221 2454 265 2485 Et
283 2461 360 2494 post
378 2457 523 2488 Plinium
539 2458 686 2498 Solinus,
702 2457 830 2497 Augila>
846 2469 917 2490 vero

219 2505 299 2534 solos
322 2506 423 2536 colunt
446 2507 567 2544 inferos.
614 2507 666 2538 Ita
690 2507 829 2539 enimet
846 2508 916 2538 Pli-

220 2554 294 2584 nius
325 2559 360 2585 et
388 2556 517 2587 Solinus
554 2557 819 2597 interpretandi:
855 2558 912 2588 sed

221 2607 277 2646 qui
295 2616 371 2636 vere
396 2607 504 2637 Manes
524 2607 646 2639 fuerint
664 2610 809 2639 omnium
828 2610 913 2649 opti-

221 2666 273 2687 me
299 2658 467 2688 intellexit
491 2659 608 2689 illustr.
634 2660 862 2699 Huetius,qui
881 2661 914 2690 in

221 2707 359 2740 doctiss,
377 2708 444 2738 suis
461 2708 494 2738 in
509 2708 691 2748 Origenem
707 2709 912 2740 observatio-

977 1041 1074 1073 nibus
1112 1043 1259 1075 ostendit
1297 1042 1542 1074 vetustissimos
1577 1041 1675 1074 Chal·

976 1092 1066 1123 daeos
1080 1097 1114 1124 et
1126 1093 1304 1134 AEgyptios
1329 1093 1513 1132 astrologos
1529 1090 1673 1123 fortnnae

976 1148 1099 1174 sortem
1127 1144 1232 1175 Lunae
1259 1143 1426 1183 tribuisse,
1450 1148 1487 1173 ut
1514 1141 1675 1173 daemonis

975 1200 1098 1225 sortem
1117 1195 1197 1233 Soli,
1211 1194 1289 1225 huic
1307 1204 1360 1224 res
1378 1193 1418 1224 ad
1437 1192 1582 1223 animum
1602 1201 1676 1232 per·

975 1245 1135 1285 mentes,
1153 1246 1198 1276 illi
1218 1255 1270 1276 res
1295 1253 1477 1285 corporeas
1494 1252 1584 1273 curae
1600 1251 1674 1272 esse

975 1295 1219 1326 existimantes.
1266 1295 1351 1326 Inde
1382 1294 1518 1325 Vettius
1549 1293 1674 1323 Valens

976 1345 1032 1377 lib.
1049 1354 1099 1377 iv.
1122 1345 1261 1377 Anthol.
1278 1355 1355 1386 cap.
1372 1348 1403 1376 5.
1421 1344 1524 1375 docet
1541 1343 1672 1374 Lunam

975 1405 1048 1426 esse
1065 1395 1233 1427 fortunam
1250 1398 1282 1426 in
1306 1399 1473 1436 potestate
1490 1393 1673 1424 habentem

975 1455 1098 1487 corpus
1118 1452 1153 1477 et
1174 1447 1342 1488 spiritum,
1365 1446 1476 1476 Solem
1500 1454 1579 1474 vero
1600 1452 1673 1474 esse

975 1502 1122 1528 mentem
1149 1502 1184 1528 et
1205 1497 1392 1528 daemonem
1416 1496 1544 1527 animas
1563 1494 1603 1525 ad
1621 1503 1673 1525 res

976 1550 1141 1589 gerendas
1170 1549 1378 1580 excitantem
1409 1552 1443 1580 et
1467 1552 1671 1579 moventem.

977 1600 1061 1631 Inde
1077 1600 1145 1640 Sol,
1158 1601 1213 1641 qui
1227 1609 1319 1630 mens
1334 1604 1397 1638 est,
1412 1603 1447 1630 et
1460 1598 1591 1639 genius,
1601 1597 1672 1629 sive

975 1650 1121 1690 daemon,
1138 1657 1174 1682 ut
1191 1654 1328 1681 vertunt
1346 1658 1431 1681 Lxx.
1445 1649 1671 1688 Interpretes,

975 1700 1132 1732 Hebraeis
1148 1701 1229 1732 meni
1246 1701 1369 1739 dictus,
1386 1704 1423 1731 ut
1435 1700 1469 1730 iu
1481 1699 1537 1729 illo
1550 1698 1672 1729 Isaiae:

976 1752 984 1767 ‘
996 1755 1030 1781 et
1046 1751 1194 1790 impletis
1211 1751 1298 1782 meni
1314 1750 1458 1780 libamen
1474 1747 1496 1787 ;’
1519 1752 1554 1779 et
1572 1753 1608 1779 ut
1621 1754 1673 1779 est

975 1802 1063 1841 apud
1089 1802 1273 1842 Origeuem
1300 1800 1501 1841 λατρεύοντες
1523 1798 1606 1837 μηνὶ,
1631 1808 1673 1830 ex

973 1851 1103 1891 origine
1132 1863 1234 1891 mana,
1257 1851 1289 1882 id
1315 1857 1366 1882 est
1392 1860 1570 1881 numerare:
1596 1849 1672 1890 quia

973 1902 1028 1931 Sol
1058 1903 1268 1942 temporibus
1292 1901 1509 1933 numerandis
1533 1905 1567 1931 et
1587 1900 1671 1930 divi-

973 1951 1093 1982 dendis
1116 1957 1254 1992 praeest.
1301 1951 1405 1993 Atqui
1423 1960 1492 1981 sors
1510 1949 1671 1981 daemonis

974 2010 1031 2032 seu
1047 2003 1150 2042 genii,
1167 2004 1175 2019 ‘
1189 2003 1283 2042 cujus
1302 2003 1333 2033 in
1352 2003 1459 2033 tutela
1476 2006 1510 2031 ut
1528 2000 1669 2042 quisque

973 2057 1070 2083 natus
1096 2058 1158 2088 est,
1186 2052 1293 2091 vivit‚’
1322 2057 1358 2084 ut
1384 2053 1431 2083 ait
1452 2051 1669 2083 Censorinus.

973 2103 1019 2134 Et
1042 2104 1176 2137 ‘natale
1203 2113 1314 2134 comes
1338 2103 1394 2143 qui
1416 2106 1586 2143 temperat
1616 2111 1668 2132 as-

971 2153 1081 2193 trum,'
1108 2158 1145 2184 ut
1172 2154 1321 2194 loquitur
1344 2153 1522 2192 Horatius,
1542 2152 1668 2183 tribue-

971 2203 1070 2234 batur
1096 2204 1165 2234 Soli
1189 2204 1230 2234 ab
1256 2204 1402 2245 antiquis
1432 2203 1667 2235 astronomicae

971 2253 1159 2293 disciplinae
1177 2255 1358 2295 magistris,
1374 2259 1406 2285 et
1428 2255 1481 2285 Sol
1500 2254 1571 2294 ipse
1588 2253 1668 2284 Dae-

971 2313 1047 2334 mon
1063 2304 1311 2344 appellabatur.
1329 2303 1484 2335 Macrob.
1501 2303 1557 2334 lib.
1576 2312 1597 2333 1.
1609 2303 1667 2334 Sa-

972 2359 1062 2386 turn.
1089 2364 1118 2385 c.
1146 2358 1196 2386 19.
1234 2354 1522 2388 Quemadmodum
1553 2358 1664 2383 autem

971 2406 1003 2436 iu
1021 2406 1077 2436 illo
1091 2406 1190 2436 Isaiae
1208 2415 1430 2447 cap.1,xv.vs.
1448 2408 1497 2436 11.
1513 2403 1666 2443 ‘Quipo-

971 2455 1050 2486 nitis
1069 2465 1217 2486 mensam
1240 2455 1340 2495 Gad‚’
1364 2457 1464 2496 (Lxx.
1490 2453 1665 2493 Interpre-

972 2510 1022 2536 tes
1044 2507 1086 2546 τῇ
1101 2504 1215 2547 τύχῃ,)
1240 2510 1247 2522 ¹
1263 2511 1296 2537 et
1314 2505 1463 2545 impletis
1480 2503 1567 2534 meni
1584 2502 1664 2533 liba-

970 2555 1070 2594 men‚’
1087 2565 1149 2596 pro
1164 2557 1253 2586 Luna
1267 2560 1392 2586 sortem
1410 2554 1473 2594 ipsi
1489 2552 1663 2588 tributam,

970 2606 1139 2637 fortunam
1153 2607 1321 2642 nimirum,
1343 2604 1507 2645 propheta
1523 2612 1663 2644 expres-

969 2658 1033 2695 sit;
1051 2657 1097 2688 ita
1120 2657 1161 2687 ad
1178 2654 1428 2696 significandum
1453 2654 1576 2689 Solem,
1594 2663 1662 2684 sor-

970 2714 1036 2737 tem
1058 2707 1127 2737 Soli
1145 2706 1355 2745 deputatam,
1380 2704 1570 2736 Daemonem
1599 2705 1662 2735 sci·
