1835 2906
372 176 433 205 DE
468 170 740 203 VERBORUM
775 164 1184 198 SIGNIFICATIONE
1220 164 1315 193 [AB.
1349 162 1421 191 XI.

1536 148 1620 190 4109

180 268 458 313 Membrumk
499 267 698 310 abscindi
729 270 901 306 mortuo
938 261 1180 308 dicebatur,
1204 272 1303 299 cum
1334 257 1495 310 digitus
1526 256 1619 308 ejus

235 338 535 387 decidebatur,
557 336 612 377 ad
633 334 755 389 quod
772 334 991 374 servatum
1017 330 1139 384 justa
1160 327 1315 367 fierent
1336 325 1506 378 reliquo
1529 335 1621 363 cor·

234 419 338 461 pore
360 407 603 447 combusto.

178 476 422 516 Memorare
463 473 697 526 significat,
736 481 848 510 nunc
890 466 1051 514 dicere,
1090 474 1204 504 nunc
1244 461 1466 501 memoriae
1504 470 1621 498 man-

233 543 354 583 dare.

177 608 498 659 Memoriosus,¹
544 605 862 655 memoriosim,
898 608 942 643 et
975 598 1298 645 memoriosius,
1336 594 1420 650 (et)
1457 605 1622 633 memo-

232 679 476 720 riosissime
498 677 620 717 facit.

177 746 435 787 Mendicum
458 745 546 785 dici
568 746 726 797 putant
748 741 905 789 velum,
924 736 1039 792 quod
1060 736 1102 776 in
1124 746 1253 788 prora
1273 732 1466 786 ponitur.

178 814 430 855 Mendicum
455 813 542 853 dici
570 811 752 852 Verrius
770 813 895 863 putat
926 821 953 848 a
972 808 1112 846 mente
1134 802 1243 857 ejus,
1274 812 1406 855 quem
1427 796 1621 839 fefellerit

230 883 403 923 fortuna
421 895 430 922 :
462 880 532 921 vel
552 878 670 933 quod
692 882 894 932 precetur
916 885 1144 929 quemque,
1168 875 1217 911 ut
1237 870 1342 911 vitae
1362 880 1454 908 suae
1475 863 1623 906 mede-

231 953 327 989 atur
348 948 467 989 cibo.

177 1015 418 1058 Mendicnm
435 1020 460 1036 ¹¹¹
495 1013 574 1054 dici
604 1011 766 1054 Verrius
781 1015 908 1065 putat
929 1023 953 1048 α
976 1014 1104 1048 mente
1126 1006 1236 1060 ejus,
1257 1017 1388 1058 quem
1409 1007 1419 1031 ³
1454 1001 1618 1052 [FEST.

231 1081 384 1137 fefellz't
399 1081 597 1136 fertum,
630 1079 694 1121 vel
729 1078 837 1134 quod
860 1083 1046 1132 precetur
1068 1087 1274 1130 quemque,
1311 1077 1361 1112 ut
1396 1070 1500 1111 vitae
1535 1079 1620 1107 suae

231 1151 438 1192 medeatur
459 1151 560 1191 cibo.

177 1219 353 1269 Mensa,
384 1219 668 1271 frugibusque
694 1215 859 1269 jurato,
877 1212 1096 1266 significat
1116 1223 1194 1264 per
1214 1218 1407 1249 mensam
1439 1202 1567 1258 [Pin
1581 1212 1621 1241 L.

231 1292 274 1328 et
299 1287 475 1340 fruges.4

771 1404 907 1416 ‘‘‘‘‘‘‘

909 1403 1005 1415 eeeee

217 1520 235 1547 3
261 1517 324 1548 Ed.
343 1517 430 1548 Scal.
447 1527 546 1558 quam.
591 1516 679 1548 Vide
697 1515 820 1547 infe-4
845 1514 926 1553 Alii,
944 1513 1046 1545 Messe
1061 1511 1214 1551 frugibus
1229 1509 1257 1547 j.
1273 1518 1297 1538 s.
1319 1516 1374 1547 per
1401 1513 1526 1536 messem
1551 1513 1577 1534 e.
1592 1503 1623 1539 f.

176 1558 216 1590 In
234 1560 365 1592 schedis
381 1570 494 1591 mensa.

827 1653 969 1687 NOTAE

216 1743 230 1763 k
254 1743 444 1783 Membrum]
479 1743 526 1774 At
554 1744 586 1774 in
615 1743 682 1774 tab.
716 1745 766 1774 12.
794 1747 870 1774 est:

172 1794 181 1810 ‘
200 1794 337 1825 Homini
358 1799 489 1825 mortuo
515 1803 556 1824 ne
574 1803 649 1825 ossa
666 1793 781 1834 legito,
806 1801 872 1834 quo

173 1849 251 1884 post
267 1843 366 1874 funus
382 1843 510 1875 faciat.’
538 1844 608 1874 Ful.
629 1844 736 1875 Ursin.

216 1894 405 1935 Membrum]
428 1894 506 1925 Huc
534 1895 708 1935 pertinent
731 1904 806 1936 quae
828 1893 870 1925 de

174 1945 389 1985 praecidanea
407 1955 520 1985 porca.
543 1945 612 1976 Jos.
631 1945 714 1977 Scal.

215 1994 391 2026 Membrum
405 1994 560 2033 abscindi]
586 1995 697 2026 Etiam
715 2005 751 2026 os
768 1993 870 2035 quod-

172 2045 249 2076 dam
277 2046 318 2076 ad
345 2046 486 2077 eandem
514 2054 583 2076 rem
605 2046 705 2076 adimi
724 2051 871 2077 testatur

172 2097 282 2126 Varro
308 2096 368 2127 lib.
393 2105 442 2127 1v.
467 2096 560 2127 ‘Aut
578 2097 604 2126 si
626 2106 662 2127 os
686 2101 868 2136 exceptum

172 2152 224 2178 est
254 2148 378 2178 mortni
410 2148 451 2178 ad
484 2145 645 2177 familiam
678 2156 868 2187 expurgan-

173 2197 272 2229 dam!
318 2198 358 2228 Id
377 2199 464 2228 enim
482 2198 521 2228 ad
545 2197 755 2238 purgandam
772 2197 869 2227 fami-

171 2247 248 2277 liam
266 2252 360 2278 certo
377 2257 500 2287 genere
514 2246 637 2283 februi,
662 2247 749 2288 quod
773 2256 871 2277 voca-

174 2296 255 2327 bant
268 2297 436 2327 ean-errius.
481 2296 548 2327 Sed
565 2296 645 2327 illud
662 2302 782 2337 postea
798 2298 869 2328 De·

173 2347 313 2378 cemviri
330 2347 544 2388 prohibuere,
554 2348 615 2378 nisi
628 2348 702 2388 quis
720 2353 779 2379 aut
796 2358 870 2388 per-

172 2407 253 2438 egre
281 2402 340 2428 aut
364 2398 398 2428 in
425 2398 554 2428 hostico
582 2403 673 2429 esset
707 2403 870 2430 mortuus.

172 2449 264 2480 Hinc
280 2449 499 2489 intelligenda
514 2450 570 2480 lex
586 2453 637 2481 12.
661 2450 846 2481 tabularum
862 2462 867 2479 :

174 2499 323 2530 HomNr
354 2508 505 2531 Μοκτυο
537 2508 583 2529 NE
612 2509 696 2530 OSSA
727 2509 869 2540 ιΕΕιΤο,

174 2560 247 2584 Quo
270 2559 357 2581 POST
372 2559 483 2581 FcNUs
500 2558 604 2580 FiAT:
630 2558 751 2580 EXTRA
767 2558 870 2582 QUAM

174 2610 203 2631 S!
228 2609 374 2632 MlLlTlA
404 2609 476 2631 Αυτ
506 2608 674 2630 PEREGRE
704 2608 870 2631 MORTUUS

175 2660 238 2682 srr.
271 2650 380 2682 Crinis
397 2650 499 2681 etiam
511 2649 702 2688 secabatur,
716 2649 757 2680 ad
771 2659 871 2690 quem

176 2711 236 2741 pro
254 2705 327 2732 toto
344 2709 486 2741 corpore
502 2700 594 2739 justa
610 2699 742 2731 fierent.
791 2699 870 2730 Vid.

925 1741 1010 1773 Stat.
1026 1749 1078 1772 rx.
1094 1737 1262 1770 Thebaid.
1308 1735 1397 1766 Vide
1411 1732 1499 1765 infra
1516 1732 1524 1749 ‘
1539 1740 1624 1773 prae·

926 1792 1069 1823 cidanea
1086 1789 1195 1830 agna.'
1219 1790 1300 1820 Daci

968 1843 975 1864 ¹
999 1840 1218 1880 Memoriosus]
1254 1836 1487 1871 Glossarium:
1524 1832 1624 1864 ‘Me-

926 1894 1102 1930 moriosus,
1118 1890 1265 1930 μνήμων.’
1282 1890 1352 1919 Jos.
1370 1888 1454 1918 Scal.

967 1949 989 1964 11¹
1014 1943 1123 1974 Mend.
1141 1940 1201 1980 ...]
1237 1941 1287 1970 Ex
1315 1939 1367 1977 iis,
1395 1945 1469 1977 qnae
1497 1933 1625 1965 Paulus

925 1994 1056 2033 scribit,
1092 1992 1273 2027 Illeizdicum
1299 1989 1361 2019 dici
1392 1986 1531 2021 Verrius,
1572 1985 1623 2022 850.

924 2046 997 2076 haec
1027 2042 1219 2084 supplenda
1244 2044 1333 2071 sunt.
1378 2037 1548 2075 Scriptum
1566 2043 1624 2063 au-

926 2101 993 2127 tem
1018 2094 1122 2124 fuisse
1145 2092 1300 2123 videtur:
1326 2091 1426 2119 mente
1442 2086 1519 2124 ejus,
1535 2094 1625 2124 quam

914 2146 1070 2184 fefellerit
1102 2144 1259 2181 fortuna.-
1298 2148 1364 2170 non
1402 2146 1501 2178 quem.
1540 2134 1622 2165 Ant.

925 2197 1013 2236 Aug.

968 2244 1164 2284 Mendicum]
1188 2244 1296 2275 Immo
1325 2238 1436 2281 potius
1461 2236 1624 2266 Mendicus

925 2308 944 2329 a
958 2298 1068 2328 menda
1084 2293 1290 2330 immediate,
1313 2296 1350 2321 ut
1374 2288 1501 2329 optime
1518 2286 1622 2317 Scali-

926 2358 985 2389 ger
1001 2349 1033 2378 in
1051 2344 1278 2386 conjectaneis
1293 2354 1298 2370 z
1317 2345 1368 2372 est
1386 2342 1497 2370 autem
1515 2337 1623 2367 menda

925 2409 999 2430 cum
1017 2396 1143 2438 aliquid
1164 2395 1282 2425 deest:
1308 2402 1326 2422 a
1343 2390 1454 2420 minus.
1500 2386 1622 2418 Isidor.

924 2449 983 2479 lib.
1003 2457 1038 2479 x.
1063 2445 1278 2482 ‘Mendicus,
1296 2442 1374 2483 quia
1395 2440 1502 2470 minus
1518 2436 1623 2467 habet

925 2499 1014 2530 unde
1033 2498 1134 2529 vitam
1152 2493 1276 2535 degat.'
1310 2491 1466 2533 Ejusdem
1483 2487 1622 2527 originis

926 2554 977 2580 est
997 2548 1181 2585 mendicum,
1196 2545 1262 2586 vel,
1280 2548 1317 2575 ut
1334 2543 1402 2578 alii,
1427 2539 1621 2575 mendic-ium,

925 2599 1036 2630 velum
1064 2598 1095 2628 in
1123 2606 1237 2638 prora,
1263 2598 1346 2636 puta
1369 2591 1447 2634 quia
1462 2590 1494 2621 id
1512 2588 1620 2620 minus

926 2651 1035 2682 velum
1052 2653 1152 2680 esset.
1176 2648 1256 2679 Duc.
