1835 2906
388 153 450 182 DE
484 148 757 180 VERBORUM
793 143 1205 178 SIGNlFiCATIONE
1241 143 1333 172 LlB.
1369 142 1438 172 XI·
1555 127 1631 169 391

247 250 404 291 fiendis
427 249 562 290 etiam
583 251 732 287 nostro
768 242 931 285 saeculo
962 240 1057 289 fuit,
1086 239 1202 280 unde
1223 235 1498 279 manticulari
1522 234 1640 275 dice-

246 320 419 367 bantur,
443 316 520 369 qui
541 315 713 356 furandi
732 312 870 366 gratia
887 307 1153 350 manticulas
1172 305 1478 347 attrectabant.
1512 301 1641 342 Unde

247 385 397 440 poetae
420 397 499 438 pro
522 383 675 424 dolose
696 380 800 435 quid
822 377 992 432 agendo
1017 376 1085 416 usi
1109 379 1213 416 sunt
1234 386 1286 413 eo
1303 372 1451 414 verbo.
1498 370 1642 410 Pacu-

247 455 372 494 vius:
398 452 469 493 Ad
486 448 866 492 manticulandum
888 450 987 487 astu
1009 443 1281 497 aggreditur:
1304 440 1387 481 scit
1403 439 1516 480 enim
1536 436 1643 491 quid

246 521 563 575 promeruerit.⁷
581 550 590 559 .
612 549 620 558 .
639 546 650 558 .
671 517 835 558 modici
856 513 1205 555 manticulatur..
1226 540 1234 548 .
1256 540 1264 549 .
1282 510 1344 549 ita
1362 521 1429 548 me
1443 505 1549 547 facti
1566 517 1644 557 op-

247 590 389 644 pressi
407 590 527 643 jugo.
585 587 694 628 Item
717 583 899 626 deinde:
924 579 1188 633 Aggreditur
1208 580 1307 618 astu
1328 586 1499 627 regem3
1520 584 1644 612 man-

248 657 515 699 ticulandum
543 660 611 697 est
643 654 715 694 hic
741 651 861 692 mihi.
922 649 1001 690 Et:
1034 647 1287 688 Machinam
1309 641 1467 684 ordiris
1486 651 1647 680 novam

248 725 486 766 manticula
500 724 514 747 3
536 727 676 771 tactu,
698 734 752 761 an
775 719 1000 760 sanctiora
1022 716 1135 757 dicis
1150 709 1452 769 jurejuranda.
1513 707 1649 747 Plau-

249 804 319 834 tus
338 793 422 833 hoc
445 791 691 844 significare
714 787 901 838 videtur,
916 786 1077 841 quibus
1099 781 1264 824 cotidie
1283 792 1433 834 parvae
1468 775 1647 830 [PAUL.

245 874 376 902 noxae
399 873 453 901 ex
463 863 744 913 tei·gea11tui·.9

194 928 417 971 Mantisat
448 927 799 968 additamentum
821 923 981 964 dicitur
1001 921 1151 973 lingua
1172 918 1378 966 Tusca,¹0
1404 911 1522 967 quod
1543 924 1651 967 pon-

803 1036 1043 1052 eeeeeeeeeeee

237 1115 255 1143 7
281 1113 371 1144 Vide
390 1113 498 1145 Notas
516 1111 640 1143 inf.—S
664 1111 724 1140 Vir
740 1109 863 1140 doctus
886 1107 918 1136 in
945 1113 1051 1143 marg.
1068 1101 1121 1132 ed.
1139 1101 1229 1132 Scal.
1247 1098 1385 1139 conjicit
1402 1096 1654 1128 manticuloe.—-9

196 1156 247 1186 Ex
265 1156 399 1187 schedis
424 1156 615 1186 addendum
633 1158 747 1184 monet
765 1153 851 1183 Dac.
876 1150 1035 1188 Frequens
1050 1145 1131 1177 enim
1146 1143 1284 1184 antiquis
1298 1143 1338 1173 ad
1362 1150 1468 1172 manus
1492 1138 1657 1178 tergendas

196 1199 347 1238 asusfuz't
362 1199 702 1230 manticularum—10
727 1196 806 1226 Vet.
822 1193 880 1225 lib.
902 1193 992 1222 Osca.

853 1280 996 1313 NOTAE

197 1352 306 1382 citur:
331 1351 420 1382 unde
447 1350 624 1382 indefinito
646 1349 758 1387 modo,
773 1348 896 1387 Aggre-

196 1402 272 1433 diri.
307 1403 415 1443 Spero
431 1402 587 1443 equidem
605 1401 701 1441 hujus
717 1404 785 1430 tam
802 1407 897 1436 egre-

197 1453 241 1493 gii
259 1453 321 1485 loci
340 1463 358 1484 a
374 1453 469 1484 nobis
487 1452 635 1484 restituti
651 1449 814 1482 candidos
830 1449 897 1479 ἰεῦ·

198 1509 288 1535 tores
319 1505 464 1544 gratiam
493 1504 672 1534 relaturos.
717 1499 784 1531 Sed
815 1498 898 1530 illud

196 1555 473 1597 praetereundum
496 1564 561 1585 non
593 1558 658 1593 est,
683 1561 787 1593 quare
803 1551 898 1591 jure-

192 1605 342 1647 jurando
358 1605 444 1636 dixit
469 1604 643 1644 extergeri
668 1612 772 1634 noxas
790 1601 899 1642 quoti-

198 1657 329 1688 dianas.
376 1655 503 1687 Allusit
523 1664 605 1695 ergo
629 1654 670 1685 ad
695 1651 899 1684 satisfactio-

199 1716 274 1745 neS,
290 1716 364 1747 quae
380 1705 520 1746 fiebant,
537 1715 613 1736 cum
638 1705 669 1735 in
688 1704 832 1745 gratiam
850 1712 901 1733 re-

200 1758 362 1789 dibatur:
392 1757 463 1798 ejus
480 1757 675 1797 exemplum
692 1755 796 1786 hahes
810 1753 901 1794 apud

201 1809 363 1840 Plautum
387 1808 638 1848 Amphitruone
655 1818 662 1838 ι
688 1809 696 1823 ⁴
713 1807 831 1845 Mane,
851 1814 901 1834 ar-

201 1860 329 1892 bitratu
355 1865 413 1891 tuo
447 1858 685 1900 jusjurandum
714 1857 814 1895 dabo,
843 1856 902 1887 Me

200 1921 308 1942 meam
327 1911 484 1951 pudicam
501 1919 577 1940 esse
602 1918 741 1940 uxorem
759 1907 901 1938 arbitra-

202 1963 279 1994 rier.
326 1962 366 1993 Id
384 1972 448 2003 ego
464 1962 489 1992 si
507 1960 602 2000 fallo,
622 1965 693 1992 tum
712 1965 756 2000 te,
773 1968 901 1989 summe

201 2013 379 2054 Juppiter,
416 2014 567 2052 Quaeso,
591 2010 830 2052 Amphitruoni
865 2015 902 2041 ut

202 2075 338 2106 semper
355 2066 458 2096 iratus
475 2064 541 2095 sies
554 2063 575 2094 :¹
598 2067 633 2094 et
658 2072 728 2093 mos
746 2060 902 2101 exigendi

203 2115 234 2147 id
263 2125 282 2146 a
306 2116 408 2155 laesis,
429 2125 486 2146 seu
509 2114 629 2154 injuria
648 2111 789 2147 affectis,
807 2115 904 2141 extat

202 2168 235 2198 iu
249 2166 365 2197 eadem
378 2165 512 2197 fabula:
536 2166 545 2181 ‘
560 2164 631 2195 Aut
644 2161 832 2194 satisfaciat
845 2162 903 2192 mi-

202 2218 235 2248 hi
252 2229 258 2249 :
279 2224 381 2260 atque
397 2217 530 2258 adjuret
546 2216 696 2256 insuper,
710 2214 811 2246 Nolle
829 2222 905 2244 esse

204 2268 308 2303 dicta,
322 2278 396 2309 quae
424 2269 456 2298 in
474 2278 526 2299 me
543 2268 709 2298 insontem
728 2265 871 2306 protulit
887 2263 906 2294 ε’

205 2328 247 2349 ex
271 2319 321 2349 his
348 2319 539 2350 luculenter
560 2318 751 2348 illustratur
766 2314 907 2354 insignis

206 2369 298 2400 locus
316 2369 470 2400 Pacuvii.
514 2367 631 2399 Habes
645 2367 724 2398 etin
740 2365 905 2405 Adelphis

204 2419 371 2451 Terentii.
394 2420 464 2450 εΙοε.
480 2418 564 2449 Scal.

249 2469 513 2509 Manticularum]
537 2469 699 2503 Manticoe,
716 2472 751 2498 et
768 2467 909 2498 diminu-

207 2524 288 2557 tive,
306 2523 501 2562 Manticaloe,
526 2531 630 2556 zonae,
659 2520 781 2560 quibus
802 2520 909 2549 instar

209 2584 300 2615 perae
337 2574 483 2605 Veteres
524 2572 723 2609 utebantur,
757 2576 792 2601 et
831 2570 909 2601 inde

208 2624 371 2655 mantiaeari
394 2629 428 2655 et
452 2622 663 2659 manticulari,
679 2621 781 2651 furari
799 2625 834 2651 et
853 2620 911 2651 do-

208 2677 278 2706 lose
309 2684 423 2715 agere.
471 2674 580 2705 Gloss.
614 2673 621 2688 ‘
640 2670 913 2709 Maritimum-ius,

211 2726 369 2764 κλέπτης.’
394 2730 400 2743 ‘
421 2724 624 2757 Manticulor
645 2721 857 2763 rexvcz'gouat!
885 2723 915 2752 1-

952 1349 1020 1375 tem
1039 1343 1157 1374 dolose
1179 1344 1327 1372 tentare.
1375 1337 1489 1368 Gloss.
1517 1334 1656 1365 Graeco—

952 1396 1029 1426 Lat.
1044 1391 1209 1433 ίπειροὶζω,
1222 1395 1331 1425 tento,
1345 1387 1520 1420 manculor
1534 1385 1554 1416 ε’
1569 1385 1661 1416 dice-

952 1447 1052 1478 batur
1064 1446 1166 1477 etiam
1181 1449 1214 1475 et
1228 1442 1442 1473 manticulare.
1468 1438 1580 1470 Gtoss.
1597 1435 1659 1466 Isi-

953 1498 1025 1529 dor.
1051 1494 1314 1533 ‘Manticulare,
1340 1490 1498 1523 fraudare
1524 1488 1577 1518 vel
1601 1486 1659 1517 de-

954 1548 1091 1591 cipere.'
1139 1546 1215 1578 Nisi
1246 1545 1292 1576 ibi
1325 1543 1428 1574 etiam
1460 1538 1661 1570 manticulari

955 1601 999 1632 sit
1016 1596 1285 1631 rescribendum.
1323 1593 1390 1625 Sed
1408 1591 1490 1623 nihil
1507 1597 1660 1620 necesse.

956 1651 1068 1682 Gloss.
1099 1646 1344 1680 Arabico-Lat.
1380 1644 1388 1660 ‘
1408 1639 1661 1677 MamiculatiQ

956 1701 1094 1733 fallacia
1110 1699 1164 1730 vel
1180 1694 1408 1729 lenociuium.'
1432 1693 1539 1724 Immo
1557 1689 1659 1721 etiam

958 1753 1066 1784 videri
1085 1754 1200 1793 potest
1216 1745 1416 1780 manticulari
1433 1743 1560 1774 dictum
1579 1740 1660 1771 fuis-

959 1814 993 1834 se
1011 1813 1071 1843 pro
1088 1800 1238 1833 mantilia
1261 1798 1331 1828 sive
1349 1793 1551 1827 manticulas
1569 1791 1662 1823 colli-

959 1863 1062 1896 gere:
1089 1853 1109 1885 i.
1130 1861 1183 1883 res
1207 1849 1350 1881 furtivas
1373 1853 1572 1881 convasare,
1597 1851 1662 1883 quo

958 1916 1055 1938 sensu
1070 1904 1144 1936 fere
1158 1902 1248 1934 Galli
1260 1901 1391 1939 dicunt,
1403 1896 1661 1939 phet-latoilette.

958 1957 1058 1990 Quod
1090 1961 1124 1987 et
1152 1962 1298 1985 manicare
1325 1950 1413 1981 dixit
1442 1946 1622 1982 Laberius,
1645 1954 1664 1974 a

957 2008 1091 2047 mannis,
1129 2006 1161 2037 id
1201 2009 1266 2043 est,
1303 2000 1495 2040 manipulis.
1552 1997 1665 2028 Gloss.

958 2062 967 2078 ⁴
984 2061 1124 2098 Manna,
1160 2051 1376 2095 manipulus.¹
1422 2050 1512 2080 Item
1551 2047 1662 2078 Gloss.

959 2109 1179 2142 Graeco-Lat.
1201 2107 1209 2122 ⁴
1223 2102 1355 2144 δράγμα,
1368 2099 1571 2140 manipulus,
1596 2105 1666 2126 ma-

960 2173 1039 2198 nua,
1054 2156 1216 2199 ‹lragma.'
1244 2157 1327 2186 Duc.

1003 2214 1012 2233 ῑ
1039 2209 1197 2250 Mantisa]
1223 2208 1302 2239 Non
1331 2208 1382 2236 est
1412 2203 1572 2237 Tuscum,
1604 2197 1664 2229 sed

961 2273 1080 2305 purum
1099 2267 1218 2302 putum
1237 2257 1414 2290 Latinum:
1432 2252 1589 2289 Mantisa,
1605 2259 1666 2290 pro

961 2317 1141 2346 manutensa
1154 2323 1163 2341 .·
1187 2315 1225 2341 ut
1255 2310 1263 2326 ‘
1278 2305 1481 2339 manterium
1495 2302 1503 2315 ’
1520 2300 1668 2332 Varroni

963 2376 1023 2407 pro
1045 2367 1054 2382 t
1069 2358 1326 2395 manuteriumz'
1351 2353 1514 2387 ‘Tesum'
1539 2351 1668 2393 antiqui

964 2427 1026 2457 pro
1048 2417 1056 2433 ‘
1075 2411 1226 2446 tensum’
1251 2409 1426 2442 dicebant,
1444 2409 1478 2437 et
1501 2405 1509 2421 ‘
1526 2402 1669 2445 pesum,'

964 2477 1023 2499 seu
1060 2467 1069 2483 ‘
1089 2461 1246 2506 pessum,'
1288 2469 1348 2501 pro
1391 2463 1397 2474 ¹
1418 2465 1558 2498 pensum
1575 2453 1594 2485 :¹
1635 2457 1669 2484 ct

963 2521 971 2535 ‘
984 2526 1119 2558 passum
1132 2516 1139 2528 '
1155 2523 1215 2555 pro
1233 2512 1242 2529 ‘
1259 2508 1422 2552 pausum!
1449 2507 1561 2547 Igitur
1575 2506 1670 2536 Man-

966 2570 1038 2605 tisa,
1053 2577 1111 2598 seu
1128 2564 1297 2601 Mantissa,
1312 2559 1402 2602 quod
1420 2558 1539 2589 melius
1554 2561 1616 2593 est,
1635 2561 1670 2587 et

966 2624 1064 2650 extat
1087 2619 1118 2648 iu
1140 2613 1339 2657 quibusdam
1359 2609 1529 2641 veteribus
1548 2606 1669 2638 editio-

969 2670 1079 2708 nibus,
1104 2667 1231 2698 dictum
1249 2674 1310 2705 pro
1329 2664 1530 2698 Manicheum,
1549 2668 1611 2699 pro
1630 2667 1669 2687 co

971 2720 1059 2763 quod
1091 2728 1190 2751 manu
1226 2715 1421 2758 porrigitur,
1458 2716 1586 2752 praeter
1624 2710 1668 2744 iti.
