1835 2906
188 137 243 176 22
679 149 729 178 M.
762 148 935 179 VERRH
970 149 1143 180 FLAccl

189 245 352 294 aperte,
389 246 433 282 et
461 242 659 291 breviter,
689 246 738 283 ut
769 245 925 293 sciero,
952 245 1119 297 scripta
1138 245 1179 284 in
1199 245 1266 285 his
1287 245 1409 287 libris
1430 247 1538 287 meis
1561 247 1626 287 in-

187 309 425 359 venientur,
448 310 769 351 inscribuntur:
795 311 1088 353 Pmsconum
1113 323 1385 354 VERBORUM
1408 326 1509 355 cum
1537 325 1627 354 Ex-

188 388 385 418 EMPLIS.

245 443 436 494 Quatere
470 457 732 498 suspensum
762 450 806 486 et
840 446 1031 487 vicinum
1059 447 1121 487 rei
1144 447 1331 501 alicujus
1350 453 1516 490 motum
1540 450 1626 502 sig-

186 511 356 552 nificat:
378 525 480 561 non,
501 516 548 553 ut
572 512 750 553 Verrius
772 517 912 566 putat,
936 514 1077 564 ferire,
1099 517 1178 556 διο.

244 579 399 621 Refert
420 592 519 620 cum
541 579 740 629 dicimus,
768 593 910 621 errare
942 594 1024 622 nos
1052 583 1113 623 ait
1141 582 1350 624 Verrius:
1386 596 1482 624 esse
1511 584 1625 624 enim

185 652 351 687 rectum
374 647 457 687 Rei
477 646 572 697 fert,
594 650 671 689 διο.
695 648 773 689 sed
793 661 890 689 esse
905 648 1000 702 jam
1020 663 1102 690 usu
1126 663 1390 703 possessum.

244 713 478 767 Repagula
505 720 622 764 sunt,
651 719 699 755 ut
729 715 910 756 Verrius
940 717 1016 766 ait,
1046 730 1146 770 quae
1172 718 1467 771 patefaciundi
1489 718 1626 770 gratia

185 781 248 821 ita
269 780 473 833 figuntur,
495 787 543 821 ut
562 794 617 821 ex
634 783 847 823 contrario
864 796 965 837 quae
984 790 1300 838 oppanguntur,
1320 788 1398 826 &c.

243 847 528 901 Repastinari
563 862 667 901 ager
696 850 735 889 is
764 850 935 901 dicitur,
965 857 1012 892 ut
1032 851 1215 893 Verrius
1235 854 1476 902 existimat,
1497 853 1625 906 cujus

186 917 337 955 natura
358 918 543 955 mutatur
562 915 786 966 fodiendo,
807 920 885 958 &c.

244 983 498 1036 Repudium
531 983 710 1024 Verrius
745 986 805 1027 ait
837 985 1016 1036 dictum,
1049 987 1165 1040 quod
1197 987 1244 1028 fit
1268 988 1325 1028 ob
1346 1000 1435 1028 rem
1459 986 1626 1040 puden-

186 1051 299 1099 dam,
322 1053 399 1091 &a

243 1118 459 1171 Rhegium
482 1121 705 1173 appellare
734 1125 931 1174 oportere
960 1121 1020 1162 ait
1043 1120 1224 1162 Verrius
1250 1121 1292 1162 id
1322 1122 1625 1175 municipium,

186 1186 305 1238 quod
325 1186 366 1226 in
381 1187 489 1228 freto
511 1201 534 1228 e
555 1190 726 1241 regione
749 1189 913 1229 Siciliae
935 1193 1014 1238 est,
1036 1192 1114 1230 ἃς.

242 1252 494 1295 Romuliam
512 1256 686 1305 tribum,
708 1258 785 1297 &a
807 1256 1017 1297 invenisse
1034 1257 1094 1297 ait
1116 1256 1297 1297 Verrius
1317 1255 1498 1305 vetitam,
1519 1259 1596 1297 διε,

242 1320 438 1362 Ruscum
461 1328 543 1373 est,
565 1329 612 1364 ut
634 1325 696 1364 ait
716 1324 911 1373 Verrius,
933 1325 1123 1378 amplius
1143 1325 1274 1378 paulo
1296 1324 1445 1373 herba,
1465 1328 1510 1364 et
1531 1324 1626 1363 exi-

183 1387 266 1428 lius
283 1388 495 1441 virgultis,
516 1392 595 1432 διο.

242 1456 421 1496 Sacram
454 1459 571 1498 viam
599 1459 775 1512 quidam
813 1460 1079 1513 appellatam
1112 1472 1208 1500 esse
1250 1459 1515 1507 existimant,
1549 1460 1624 1498 &c.

184 1536 264 1563 nee
286 1525 500 1577 appellari
523 1526 677 1567 debere
700 1528 762 1567 ait
782 1527 978 1576 Verrius,
1010 1527 1085 1567 sed
1120 1527 1354 1580 disjuncte,
1386 1529 1434 1565 ut
1457 1530 1625 1565 ceteras

184 1590 278 1630 vias
303 1591 581 1642 Flaminiam,
599 1591 806 1647 Appiam,
820 1594 1017 1635 Latinam
1035 1608 1044 1635 ;
1069 1599 1116 1634 ut
1136 1608 1188 1634 ne
1210 1607 1368 1634 novam
1390 1593 1506 1633 viam
1529 1591 1625 1645 qui-

182 1656 295 1707 dem,
317 1660 394 1699 Sec.
1143 1654 1146 1658 ⁴

241 1725 433 1767 Salicem
447 1726 627 1769 Verrius
644 1730 816 1783 virgulti
835 1742 987 1783 genus,
1006 1743 1091 1770 non
1114 1730 1297 1779 arboris,
1315 1729 1436 1777 dicit,
1457 1734 1501 1768 et
1522 1727 1624 1767 ridi-

184 1791 279 1832 cule
300 1793 606 1847 interpretatur
623 1797 800 1847 dictum,
824 1797 940 1851 quod
964 1811 1015 1838 ea
1035 1797 1253 1838 celeritate
1274 1799 1458 1844 crescat,
1489 1801 1538 1835 ut
1558 1808 1626 1835 sa-

183 1859 260 1898 lire
280 1860 492 1902 videatur.

242 1926 439 1968 Salinum
460 1929 504 1969 in
534 1943 683 1970 mensa
710 1944 789 1984 pro
820 1931 968 1984 aquali
1002 1931 1181 1971 solitum
1202 1943 1296 1970 esse
1315 1931 1419 1985 poni
1442 1931 1505 1970 ait
1525 1943 1624 1971 cum

184 1995 364 2045 patella,
387 1997 491 2048 quia
513 1997 617 2037 nihil
639 1999 758 2038 aliud
780 1999 835 2038 sit
852 2000 931 2048 sal,
949 2012 1080 2051 quam
1101 2011 1228 2051 aqua.

241 2060 324 2101 Sas
340 2051 524 2103 Verrius
547 2070 675 2117 putat
694 2066 936 2118 significare
957 2080 1046 2116 eas,
1064 2071 1242 2106 auctore
1260 2065 1415 2114 Ennio,
1431 2067 1509 2106 διο.
1526 2078 1624 2105 cum

185 2140 288 2168 suas
310 2129 449 2181 magis
470 2131 667 2171 Videatur
688 2133 942 2184 significare,
963 2137 1043 2175 &Q
1107 2142 1109 2144 ’

242 2195 361 2236 Satis
384 2199 564 2238 verbum
588 2199 742 2240 Verrio
764 2202 920 2242 melius
941 2202 1024 2242 suit
1045 2201 1281 2255 praeterire,
1301 2205 1350 2240 ut
1377 2200 1478 2240 mihi
1506 2200 1626 2240 vide-

185 2267 268 2310 tur,
291 2277 420 2316 quam
445 2272 533 2305 tam
557 2267 771 2320 absurdas
788 2270 1021 2322 opiniones
1039 2283 1143 2310 suas
1159 2270 1214 2309 de
1228 2283 1279 2309 eo
1296 2268 1493 2316 recitare,
1512 2280 1624 2320 quas

186 2329 329 2369 sciens
351 2334 555 2383 praeterii,
578 2338 665 2375 tam
690 2336 924 2387 Hercules,
944 2351 1074 2390 quam
1099 2337 1150 2377 de
1170 2337 1338 2385 scabro,
1356 2334 1472 2388 quod
1493 2347 1626 2387 prox-

185 2396 315 2436 imum
339 2402 617 2451 sequebatur.

244 2463 440 2518 Seraptae
462 2467 714 2510 dicebantur
734 2472 988 2523 nugatoriae,
1010 2484 1062 2511 ac
1085 2469 1375 2523 despiciendae
1404 2469 1625 2518 mulieres,

186 2534 234 2570 ut
253 2531 313 2571 ait
338 2532 530 2584 Verrius,
551 2538 605 2576 ab
628 2539 698 2587 iis,
722 2553 819 2592 quae
842 2553 963 2580 screa
984 2539 1118 2580 iidem
1141 2539 1441 2592 appellabant,
1460 2540 1539 2577 &c-

242 2598 414 2640 Scurrae
448 2605 713 2645 vocabulum
755 2606 934 2647 Verrius
967 2607 1236 2660 ineptissime
1271 2610 1346 2646 aut
1376 2617 1432 2644 ex
1464 2603 1624 2644 Graeco

187 2669 372 2707 tractum
395 2669 471 2717 ait,
504 2672 619 2722 quod
649 2687 703 2713 ex
726 2674 948 2728 σκυροάζειν,
971 2679 1042 2715 aut
1071 2687 1095 2714 a
1116 2672 1356 2726 sequendO,
1388 2671 1459 2711 cui
1483 2672 1623 2723 magis

187 2734 432 2784 assentitur,
454 2739 531 2777 &e
