1835 2906
360 138 422 168 DE
456 135 727 167 VERBORUM
762 130 1171 164 SiGNIFicA'rloNE
1207 130 1300 159 LIB.
1334 130 1397 158 Vl.

1512 115 1597 158 279

159 234 282 276 Frux
299 231 460 287 frugisk
492 233 694 273 dixerunt
715 229 884 283 antiqui
903 228 1089 269 fructam
1113 229 1156 266 et
1181 225 1404 266 fructum.⁷

160 304 363 345 Fumms
381 300 418 325 ⁸¹
448 301 586 353 falsa3
618 300 740 341 dicta
760 301 908 338 autem
930 295 1058 348 quasi
1078 293 1279 343 fucata&

764 405 881 418 φφφφφφ

885 403 1000 416 eeeeee

201 479 220 507 7
244 475 333 507 Vide
351 476 536 507 Notas.—-8
561 474 615 506 Al.
640 472 833 505 Futilis.—9
858 469 1002 503 Quidam
1017 467 1097 500 libb.
1113 466 1240 506 facilia.

811 589 954 624 NOTAE

161 680 199 701 ra
215 673 360 700 erratum
379 669 508 700 librarii
531 668 725 700 existimare
743 668 776 698 in
792 667 857 699 hoc

160 720 307 757 nomine,
325 725 363 750 ut
388 719 421 749 in
449 719 522 749 aliis
545 718 757 759 quibusdam,
777 719 856 749 Eru-

160 771 242 801 cz‘nal
259 769 370 810 potius
394 768 592 807 scriberem,
611 769 772 808 templum
790 769 858 799 Ve-

159 821 250 852 neris
270 819 425 850 Erucinae
442 830 448 848 ι
474 818 507 849 id
526 818 631 849 fuisse
649 819 775 859 duplex
794 820 858 850 Ro-

160 880 225 902 mae
242 871 273 901 in
290 870 472 910 Capitolio,
490 874 524 900 et
542 870 582 900 ad
609 875 740 910 portam
758 869 857 900 Colli-

160 930 249 955 nam,
267 924 413 951 testatur
430 919 543 950 Livius
560 919 619 950 lib.
639 928 734 950 xxm.
748 928 856 950 xxm.

162 980 253 1002 xxx.
278 979 336 1002 XL.
384 971 490 1002 Extat
513 970 615 1001 etiam
640 970 796 1000 denarius
819 970 859 1001 C.

162 1021 314 1053 Considii
332 1021 481 1052 Noniani
498 1030 573 1051 cuin
591 1021 731 1060 templo,
749 1020 780 1050 in
794 1029 860 1060 quo

163 1081 254 1104 ERUC
271 1072 436 1112 scriptum
454 1076 518 1102 est.
556 1070 645 1101 Illud
662 1079 756 1109 vero,
771 1069 859 1110 quod

161 1123 196 1154 in
212 1123 327 1154 Sicilia
350 1122 504 1162 Erycinae
520 1121 646 1151 Veneri
669 1126 742 1150 erat
768 1119 860 1150 dica-

162 1178 246 1210 tum,
263 1172 456 1204 laudatores
482 1181 545 1202 non
563 1171 747 1202 desiderat.
794 1170 861 1201 Sed

162 1224 210 1254 nil
244 1228 372 1254 temere
400 1221 633 1253 affirmandum
666 1229 740 1251 esse
773 1229 861 1251 reor.

162 1273 240 1304 Ant.
256 1273 341 1311 Aug.

207 1324 370 1364 Frutinal]
408 1321 553 1353 Veneris
570 1321 679 1362 ,Fruti
704 1321 863 1351 memine-

164 1378 245 1405 runt
260 1374 417 1405 Solinus:
441 1374 451 1390 ‘
466 1371 581 1409 Dum‚'
599 1373 721 1413 inquit,
738 1373 747 1388 ‘
763 1372 861 1402 simu-

163 1425 290 1456 lacrum
318 1424 458 1455 dedicat
488 1423 611 1454 Veneri
642 1422 755 1461 matri,
786 1433 861 1463 quae

164 1475 261 1506 Fruti
283 1474 431 1505 dicitur!
475 1474 564 1505 Item
582 1473 788 1513 Augustinus
806 1473 864 1504 lib.

165 1535 219 1557 1v.
237 1536 312 1567 cap.
329 1528 381 1556 21.
400 1525 441 1556 de
463 1525 564 1556 Civit.
593 1534 692 1565 quam
716 1525 725 1540 ⁴
741 1523 864 1554 Divaui

167 1576 266 1607 Fruti
292 1575 427 1607 Seiam'
451 1580 562 1607 vocat.
606 1576 721 1606 Trium
747 1575 863 1605 liorum

166 1627 382 1666 testimoniis,
403 1625 520 1665 Solini,
547 1626 655 1663 Festi,
683 1625 866 1665 Augustini

168 1685 227 1707 cur
243 1675 345 1707 fidem
362 1677 547 1715 elevemus,
564 1675 739 1716 quominus
757 1675 866 1706 Fruti-

167 1727 221 1757 nal
233 1726 395 1766 legamus,
413 1736 524 1757 causae
543 1735 607 1756 non
621 1729 682 1756 est.
720 1725 767 1756 At
783 1725 867 1755 Eru-

169 1777 255 1808 cinae
280 1777 423 1807 Veneris
453 1776 615 1815 templum
642 1774 710 1806 fuit
743 1775 868 1805 Romae.

169 1827 281 1860 Quid?
306 1833 488 1869 propterea
505 1836 570 1857 non
592 1827 655 1857 erit
671 1831 707 1857 et
722 1825 867 1856 Veneris

170 1878 277 1918 Fruti,
295 1878 485 1919 praesertim
509 1887 583 1908 cum
608 1881 741 1908 constet
763 1875 867 1906 fuisse

170 1929 341 1960 Venerem
361 1929 562 1969 cognomine
587 1928 704 1958 Fruti?
744 1927 867 1966 Neque

170 1989 231 2011 nos
258 1990 324 2011 non
351 1979 495 2010 vidimus
519 1988 692 2010 nummum
714 1977 868 2009 Considii

172 2030 342 2062 Noniani:
377 2031 448 2070 ejus
469 2031 557 2060 enim
576 2029 721 2070 copiam,
737 2033 773 2060 et
790 2029 869 2058 alio-

171 2091 244 2112 rum
258 2080 440 2112 vetustatis
458 2085 762 2118 monumentorum,
775 2079 869 2109 nobis

171 2130 255 2163 fecit
276 2131 539 2171 Christopliorus
567 2131 716 2170 Neytter
740 2129 870 2169 Augus-

172 2187 283 2213 tanus.
318 2180 366 2212 At
379 2181 590 2212 Glossarium
608 2180 790 2211 Erucinam
807 2189 871 2210 non

172 2232 355 2272 Venerem,
368 2231 427 2263 sed
440 2232 520 2263 Isim
536 2236 635 2272 putat
649 2242 658 2269 ;
676 2232 684 2248 ‘
703 2231 873 2269 Erucinae,

169 2280 304 2312 “Ἰσιδος.’
336 2282 428 2312 Male
444 2281 543 2312 hodie
563 2280 710 2312 Erudnae
726 2292 733 2311 ε
760 2280 791 2311 Α
808 2280 874 2311 Ve-

174 2342 256 2363 nere
281 2333 379 2363 Fruti
409 2332 501 2363 dieta
530 2337 583 2363 est
614 2332 762 2371 Frutilla,
789 2331 870 2371 ἴυγξ,

175 2383 255 2424 quia
266 2382 392 2413 Veneri
410 2382 521 2413 dicata
537 2388 600 2413 est.
623 2383 756 2413 Glossae
773 2394 779 2411 :
802 2383 812 2399 ‘
826 2383 877 2414 Si-

175 2444 220 2466 ne
236 2433 337 2465 dnbio
350 2432 444 2464 Fruti
457 2432 695 2463 detruncatum
713 2442 754 2463 ex
767 2432 877 2473 Ἀφρο·

178 2484 267 2520 δίτη.’
317 2484 419 2521 Nam,
442 2492 517 2513 cum
536 2487 611 2522 post
628 2487 784 2522 tempora
806 2484 877 2513 Nu-

177 2545 243 2566 mae
269 2535 303 2565 in
320 2533 437 2564 urbem
451 2533 564 2563 venus
581 2538 721 2572 recepta
739 2533 795 2572 sit,
813 2543 876 2564 non

180 2585 293 2625 potuit
322 2584 446 2615 habere
470 2592 591 2614 nomen
616 2583 788 2623 Latinum,
817 2584 876 2614 sed

181 2635 341 2666 Graecum
359 2633 530 2672 Asi-odite,
548 2632 633 2673 quod
651 2632 829 2663 distortum
844 2633 876 2663 iu

180 2685 299 2725 Fruta,
320 2693 378 2715 seu
397 2683 491 2715 Fruti
508 2694 514 2714 :
551 2683 598 2714 sic
617 2683 720 2716 etiam
740 2683 877 2714 diceba-

911 672 966 698 tur
995 667 1109 697 Venus
1140 662 1260 698 Murti,
1292 666 1328 693 ut
1356 661 1469 692 Venus
1499 659 1610 691 Fruti.

911 718 1041 747 Varro:
1080 718 1089 733 ⁶
1109 715 1251 746 Intimus
1283 713 1392 744 circus
1424 711 1533 742 dictus
1566 709 1609 741 ad

910 766 1078 799 Murum?
1123 767 1314 806 Utrumque
1346 767 1459 794 autem
1493 766 1612 802 potest

912 818 977 849 dici
1004 823 1039 848 et
1056 817 1151 848 Fruti
1168 821 1203 846 et
1226 814 1362 853 Frutis3
1397 814 1478 843 item
1504 811 1611 842 Murti

912 876 948 901 et.
964 869 1098 900 Murtis.
1122 868 1190 897 Jos.
1209 866 1292 897 Scal-

959 918 1121 958 Frutz'ual]
1159 916 1279 958 Atqui,
1303 915 1329 946 si
1354 915 1402 945 ita
1422 914 1478 951 sit,
1495 913 1611 943 Venus

915 974 949 1000 et
967 969 1082 1000 Frutis
1105 967 1195 998 idem
1220 971 1280 997 est.
1327 965 1403 996 Non
1421 967 1535 1005 potest
1551 962 1613 1002 igi-

917 1025 971 1051 tur
1000 1019 1113 1050 Frutis
1143 1027 1214 1049 esse
1242 1016 1384 1047 Veneris
1412 1022 1613 1054 cognomen-

917 1075 1000 1101 tum,
1047 1069 1161 1101 Quare
1188 1068 1300 1108 potius
1327 1065 1505 1104 legendum
1533 1064 1614 1094 Fru-

917 1120 1008 1155 cz'izal,
1024 1120 1169 1158 templum
1189 1117 1314 1148 Veneris
1321 1116 1428 1154 frugi.
1466 1114 1617 1144 Frzccz'nal

918 1180 979 1209 pro
998 1170 1163 1207 Fruginal.
1210 1168 1254 1198 Et
1278 1167 1328 1197 ita
1351 1167 1360 1182 ⁶
1375 1165 1492 1196 Venus
1508 1161 1615 1203 frngi'

918 1219 1065 1251 coelestis
1098 1219 1156 1249 illa
1182 1219 1299 1248 Venus
1331 1216 1386 1247 sit.
1437 1213 1505 1245 Sed
1537 1213 1617 1243 mihi

917 1269 1062 1300 maxime
1087 1269 1214 1309 placet,
1239 1271 1277 1297 ut
1300 1265 1411 1296 Fra-tis
1435 1263 1570 1294 dicatur
1599 1271 1618 1291 a

907 1321 1015 1358 fruor,
1047 1328 1167 1360 nempe
1189 1318 1330 1356 sructuS,
1351 1315 1473 1353 frustm,
1502 1312 1617 1351 frutis.

917 1370 1004 1402 Vide
1022 1370 1164 1401 Salinas.
1182 1369 1214 1399 in
1232 1367 1337 1398 Solin.
1353 1375 1430 1406 cap.
1443 1367 1474 1395 8.
1497 1364 1577 1394 Dae.

959 1420 974 1441 k
1001 1418 1219 1458 Fruaesrugis]
1247 1419 1335 1449 Puto
1348 1416 1395 1446 ita
1409 1414 1620 1454 distinguen-

920 1472 1011 1508 dum,
1037 1476 1071 1502 et
1099 1468 1347 1511 supplendum:
1387 1466 1490 1503 Frux,
1507 1463 1619 1502 frugis

919 1524 1067 1554 dixerunt
1082 1520 1214 1560 antiqui.
1247 1519 1331 1549 Mox
1343 1528 1361 1548 a
1376 1516 1502 1556 capite,
1521 1515 1619 1545 Fruc-

919 1576 984 1603 tum
1001 1572 1178 1609 etsructum
1195 1580 1213 1600 α
1225 1569 1330 1607 fruor.
1378 1566 1468 1596 Frux
1486 1564 1620 1605 quidem

922 1623 1008 1653 dixit
1033 1621 1202 1652 Ausonius
1227 1618 1415 1649 imitatione
1432 1616 1594 1645 Veterum
1612 1624 1619 1643 :

922 1674 931 1690 ‘
946 1672 1039 1703 Ante
1057 1671 1226 1712 equidem,
1242 1668 1370 1707 campis
1393 1675 1491 1707 quam
1508 1666 1623 1705 spicea

923 1726 1125 1763 suppeteret
1155 1718 1254 1751 frux.’
1313 1718 1450 1749 Fructus
1479 1725 1555 1750 sum,
1587 1719 1623 1745 et

919 1773 1098 1814 peifructus
1116 1772 1260 1812 aliquam
1283 1778 1366 1807 rem,
1381 1767 1539 1797 dixerunt
1556 1765 1623 1794 Ve-

923 1830 1029 1864 teres,
1042 1825 1131 1854 inter
1146 1831 1229 1863 quos
1245 1819 1436 1851 Lucretius.
1459 1818 1528 1847 Jos.
1543 1815 1623 1846 Scal.

967 1871 1192 1911 Frzcxfrugz's]
1227 1870 1378 1908 scaliger
1402 1868 1476 1898 haec
1493 1867 1541 1896 ita
1559 1866 1625 1896 dis-

922 1925 1045 1964 tinguit
1070 1928 1105 1954 et
1130 1922 1288 1963 supplet:
1310 1918 1532 1958 Frux‚frugis
1553 1917 1624 1947 dix-

922 1979 1013 2007 erunt
1026 1974 1159 2014 antiqui.
1217 1973 1261 2003 Et
1278 1982 1297 2002 a
1313 1970 1425 2010 capite
1440 1979 1448 2000 ι
1475 1968 1626 1999 Fructum

923 2026 1105 2064 etfructam
1121 2023 1256 2062 afruor.
1291 2021 1384 2053 Nihil
1401 2024 1506 2050 muto.
1534 2019 1624 2048 Nam

925 2078 973 2108 sic
991 2085 1084 2116 saepe
1101 2075 1235 2105 Festus.
1282 2070 1470 2102 Distinctio
1491 2073 1625 2099 tantum

927 2133 1005 2168 post
1031 2125 1153 2165 mitiqui
1176 2122 1333 2163 ponenda
1350 2125 1412 2151 est.
1458 2120 1513 2150 De
1530 2122 1626 2149 recto

920 2178 1001 2217 frux
1017 2177 1094 2207 vide
1110 2176 1300 2206 Varronem
1318 2171 1376 2202 lib.
1394 2179 1475 2201 vui.
1521 2169 1626 2199 Auso-

928 2229 1002 2259 nius
1014 2228 1159 2258 Veteres
1167 2229 1322 2255 secutus:
1337 2224 1345 2239 ‘
1357 2221 1447 2252 Ante
1458 2220 1629 2262 equidem,

929 2278 1056 2318 campis
1075 2286 1171 2317 qumn
1190 2274 1303 2315 spicea
1315 2275 1514 2312 suppeteret
1527 2269 1628 2300 frux.'

930 2330 1067 2360 Fructus
1092 2332 1204 2357 autem
1233 2329 1267 2354 et
1285 2322 1394 2360 fructa
1418 2331 1479 2362 pro
1494 2321 1627 2359 fruitus,

931 2380 1069 2410 Lucret.
1085 2377 1144 2407 lib.
1159 2384 1214 2405 ιιι.
1238 2375 1247 2391 ‘
1261 2373 1318 2403 Sin
1337 2381 1390 2410 ea,
1408 2381 1481 2412 quae
1498 2370 1628 2401 fructus

931 2438 1075 2470 cumque
1099 2437 1147 2465 es,
1172 2424 1285 2466 perire
1313 2421 1471 2463 pi·ofusa.’
1517 2422 1628 2452 Item:

930 2483 939 2499 ‘
960 2481 1084 2511 Omnia
1122 2475 1318 2518 perfructus
1357 2474 1437 2504 vitai
1476 2473 1629 2514 praemia,

931 2528 1087 2561 marces.'
1111 2528 1193 2558 Duc.

975 2580 981 2599 ¹
1005 2578 1140 2617 Facilis]
1167 2576 1196 2607 A
1214 2574 1300 2610 fuco,
1317 2578 1352 2605 ut
1367 2574 1408 2605 ab
1425 2574 1542 2611 herba,
1555 2574 1630 2604 lier-

932 2631 1016 2662 bilis.
1063 2628 1154 2660 Nihil
1173 2625 1382 2658 mutandum.
1406 2626 1475 2656 dos.
1494 2624 1577 2655 Scal-
