1835 2906
211 134 295 176 5224

661 144 808 175 SEXTI
843 144 1043 175 POMPEH
1079 144 1214 176 FESTI

211 241 408 282 Dilectus
428 238 646 290 militum,r
676 244 720 282 et
746 241 800 290 is,
827 240 901 294 qui
927 239 1193 293 significatur
1214 245 1400 289 amatus,
1422 253 1449 281 a
1470 240 1651 293 legendo

268 310 372 350 dicti
394 315 508 350 sunt.

208 388 500 429 Diobolares⁵
535 387 783 429 meretrices
812 387 1161 442 dicuntur,'quae
1192 388 1364 430 duobus
1396 388 1540 430 obolis
1573 387 1650 428 du-

265 459 434 496 cuntur.

210 521 453 562 Diomedea
478 520 651 569 insula,t
680 520 722 560 in
748 533 837 575 qua
859 521 1097 562 Diomedes
1119 521 1325 575 sepultus
1345 526 1411 564 est
1432 521 1648 563 excedens

262 588 408 629 Italia.

203 654 434 696 Diomedis
456 654 631 706 campi²¹
662 655 706 694 in
734 653 902 708 Apulia
926 656 1219 709 appellantur,
1250 655 1327 709 qui
1354 656 1394 696 ei
1429 655 1472 695 in
1500 653 1648 695 divisi-

261 734 342 763 one
360 722 495 774 regni,
517 733 651 775 quam
673 734 773 762 cum
791 722 956 763 Dauno
977 723 1095 773 fecit,
1117 726 1353 764 cesserunt.

203 789 340 837 Diox‚
362 801 500 842 genus
520 788 656 841 piscis
677 788 879 841 frequens
899 789 943 829 in
963 793 1115 842 ponto.

199 854 429 906 Dirigerex
460 853 578 906 apud
599 854 806 894 Plautum
825 854 1044 896 invenitur
1066 868 1146 909 pro
1167 855 1428 896 discederc.⁵

200 919 497 971 Dirunciunt,⁶
509 926 525 949 y
546 920 805 974 depurgant.

788 1027 1029 1040 OO‘O‘ON‘O‘O

239 1097 256 1124 5
284 1093 482 1134 Legendum
507 1098 643 1125 monent
668 1094 757 1125 Scal.
775 1094 863 1127 Dae.
885 1095 1111 1126 discidere—6
1136 1094 1288 1135 Conjicit
1303 1095 1386 1127 Dac.
1409 1095 1573 1126 diruncant
1591 1096 1643 1127 vel

199 1137 409 1168 diruncinant.

835 1202 975 1234 NOTAE

238 1282 250 1298 ¹*
272 1277 415 1309 Dilectus
431 1276 579 1317 militum]
602 1277 658 1309 Ita
668 1286 814 1317 semper,
826 1286 891 1308 non

194 1328 340 1367 delectus,
362 1328 396 1359 in
411 1327 583 1358 veteribus
607 1327 700 1358 libris
726 1331 791 1358 est.
835 1327 891 1358 Sic

193 1377 225 1407 in
242 1377 410 1409 Pandect.
433 1378 566 1409 Floren.
582 1377 680 1409 titulo
696 1378 739 1408 de
755 1387 791 1408 re
807 1377 891 1408 mili-

192 1427 269 1462 tari,
285 1436 360 1468 cap.
378 1430 409 1458 4.
426 1428 473 1459 ita
489 1428 590 1458 etiam
605 1427 818 1458 scribendum
828 1431 890 1461 est,

192 1477 290 1508 titulo
321 1477 489 1509 communi
513 1477 619 1509 divid.
651 1487 726 1518 cap.
756 1480 810 1508 20.
831 1477 889 1508 ubi

189 1527 336 1557 delictum
365 1528 587 1568 scripserunt.
631 1527 718 1558 Vide
748 1527 757 1544 ‘
777 1527 889 1558 Lacus

190 1575 375 1607 Lucrinus'
391 1581 426 1608 et
442 1578 450 1594 ‘
470 1577 690 1617 Neglegens.'
705 1576 783 1608 Ant.
800 1576 887 1616 Aug.

233 1624 390 1667 Dilectus]
416 1627 560 1657 Militum
575 1628 704 1657 dilectus
725 1627 778 1657 vel
794 1627 890 1657 delec-

188 1679 262 1706 tus:
285 1686 362 1707 nam
388 1677 462 1707 haec
489 1676 554 1707 duo
572 1676 713 1707 Veteres
734 1685 800 1706 non
824 1675 889 1706 dis-

188 1725 402 1766 tinguebant,
427 1736 446 1757 a
473 1727 614 1765 legendo.
638 1726 750 1756 Varro
778 1725 834 1756 lib.
854 1734 887 1755 v.

188 1780 197 1792 ‘
216 1775 257 1806 ab
274 1776 416 1815 legendo
442 1775 530 1816 legio
547 1780 582 1806 et
605 1774 748 1815 diligens
770 1779 806 1805 et
828 1774 887 1805 de·

187 1824 319 1855 lectus!
365 1825 454 1855 Item
478 1825 622 1862 dilectus,
646 1834 712 1865 quo
737 1829 886 1854 amatum

188 1866 428 1914 significatum,
439 1882 458 1903 a
467 1873 638 1912 diligendo,
651 1873 739 1914 quod
754 1883 771 1903 a
782 1874 884 1912 legen-

186 1924 237 1958 do,
254 1923 332 1964 quia
346 1931 422 1953 eum
439 1922 578 1962 legimus
594 1931 692 1962 quem
710 1932 860 1954 amamus
875 1934 882 1953 :

185 1977 364 2013 utramque
380 1972 469 2003 vocis
489 1970 769 2011 significationem
796 1973 884 2012 opti-

186 2031 250 2052 mae
261 2022 382 2062 glossae
400 2021 665 2061 amplectuntur,
687 2020 768 2052 ubi:
794 2022 802 2038 ‘
821 2022 884 2052 Di-

185 2072 306 2110 lectus,
336 2070 561 2111 στρατολογία,
594 2069 767 2110 δοκιμασία,
807 2070 883 2110 ἄγα-

184 2121 308 2161 πηθεὶς,’
325 2121 346 2151 ἱ.
363 2131 392 2153 e.
406 2122 415 2138 ‘
431 2121 610 2153 Exercitus
624 2121 793 2164 collectio,
807 2133 882 2164 pro-

183 2171 292 2207 batio,
309 2171 466 2202 amatus!
487 2172 566 2204 Dae.

226 2225 237 2239 ³
260 2220 459 2261 Diobolares]
482 2222 661 2253 Vilissimae
675 2221 883 2261 meretrices,

185 2280 259 2310 quae
287 2280 392 2310 parvo
417 2271 586 2313 stipendio
618 2276 786 2313 prostant.
808 2272 882 2303 Διώ-

184 2322 275 2354 βολοι
312 2321 448 2353 Graece.
487 2322 600 2353 Plaut.
639 2323 649 2339 ‘
668 2322 879 2356 Diobolares‚

185 2369 401 2411 schoenicula,
439 2371 635 2403 miraculae.'
691 2373 735 2403 Et
773 2371 852 2402 alibi
870 2382 878 2402 ε

185 2425 192 2438 ⁸
207 2421 400 2452 Diobolaria
420 2428 534 2455 scorta
549 2423 569 2455 τ’
591 2423 792 2455 ‘Servorum
810 2433 879 2454 sor·

185 2470 375 2501 didulorum
392 2477 504 2503 scorta
519 2473 729 2506 diobolaria.’
750 2474 847 2505 Idem.

229 2521 238 2539 t
261 2520 429 2551 Diomedea
451 2522 566 2564 insula]
593 2524 691 2555 Circa
706 2523 878 2555 Timavum

186 2569 324 2601 fontem.
370 2570 481 2602 Hodie
498 2573 649 2610 Βαλίον-88.
664 2573 771 2605 Idem.

230 2625 243 2639 '¹
270 2621 429 2652 Diomedis
442 2623 556 2662 campi]
582 2623 633 2654 Ad
651 2623 807 2655 Aufidum
821 2623 879 2655 flu·

187 2679 274 2707 men,
298 2670 354 2702 ubi
376 2670 514 2711 Caunae,
538 2673 630 2704 vicus
656 2675 877 2707 Romanorum

947 1279 1043 1310 clade
1059 1278 1193 1310 nobili&
1210 1279 1307 1310 Idem.

988 1334 1004 1349 Χ
1028 1329 1193 1370 Dirigere]
1231 1330 1324 1369 Lege
1362 1328 1536 1367 Discidere,
1573 1336 1641 1358 non

944 1379 1108 1410 discedere.
1154 1379 1262 1409 Locus
1286 1377 1400 1409 Plauti
1423 1386 1522 1417 quem
1545 1377 1641 1407 intel-

945 1429 1030 1468 ligit,
1047 1434 1098 1459 est
1115 1429 1148 1459 in
1166 1427 1379 1459 Curculione.
1400 1428 1469 1458 Jos.
1485 1427 1569 1457 Scal-

988 1478 1154 1518 Dirigere]
1178 1480 1247 1510 Pro
1270 1479 1435 1517 discedere,
1453 1478 1526 1516 lege
1548 1475 1641 1508 ‹lisci-

944 1529 1036 1560 dere:
1059 1534 1098 1559 ut
1120 1529 1152 1560 in
1171 1529 1276 1559 veteri
1297 1528 1428 1560 codice.
1473 1527 1640 1559 Discidere

944 1578 1044 1617 enim,
1055 1583 1092 1610 ut
1105 1579 1114 1596 ‘
1128 1577 1330 1616 abscidere:
1342 1578 1351 1594 ‘
1365 1576 1637 1615 concidere,’&c.

944 1628 1054 1659 Locus
1072 1633 1183 1660 autem
1208 1628 1321 1659 Plauti
1345 1631 1397 1658 est
1421 1626 1554 1658 Curcul.
1571 1631 1638 1657 act.

943 1686 999 1708 ιιι.
1023 1678 1032 1694 ‘
1051 1678 1233 1718 Clypeatus
1256 1677 1473 1717 elephantum
1497 1676 1555 1708 ubi
1570 1685 1639 1706 ma-

942 1728 1052 1759 chaera
1076 1727 1216 1768 dirigit.’
1258 1726 1326 1758 Ubi
1351 1728 1437 1758 male
1459 1726 1557 1757 hodie
1579 1726 1640 1757 dis-

940 1777 1022 1808 sicit.
1069 1778 1161 1809 Male
1183 1778 1283 1808 etiam
1308 1776 1397 1816 apud
1422 1776 1567 1807 Nonium
1590 1775 1636 1806 le-

940 1827 1032 1867 gitur
1054 1827 1161 1865 diligit
1190 1836 1251 1866 pro
1277 1826 1400 1864 dirigit.
1443 1826 1500 1857 Sic
1526 1825 1636 1856 Titin-

940 1877 1035 1907 nius:
1073 1878 1082 1893 ‘
1101 1878 1247 1908 Pernam
1277 1880 1382 1907 totam
1410 1873 1551 1914 dirigit!
1595 1874 1637 1905 Id

939 1931 1004 1965 est,
1019 1927 1052 1958 in
1069 1927 1151 1957 duas
1170 1931 1284 1967 partes
1301 1925 1438 1956 scindit.
1481 1924 1566 1955 Inde
1589 1924 1636 1955 di·

938 1976 1065 2007 rectam'i
1079 1976 1134 2017 qui
1148 1975 1240 2007 fores
1255 1974 1452 2014 effringunt,
1465 1983 1546 2014 quos
1558 1982 1634 2004 cum

938 2026 1125 2057 latronibus
1145 2025 1259 2066 jungit
1284 2024 1387 2055 Basil.
1402 2023 1434 2053 in
1454 2022 1561 2062 Epist.
1587 2022 1633 2052 ὅτι

940 2075 1042 2106 πάντα
1064 2077 1190 2117 λῃστῶν
1202 2074 1252 2105 καὶ
1264 2072 1457 2113 διρεκταρίων
1471 2071 1631 2110 πεπλήρω·

937 2137 987 2156 ται
1000 2125 1041 2156 τὰ
1056 2127 1110 2162 τῆς
1133 2125 1217 2164 ὁδοῦ,
1240 2124 1249 2141 ⁴
1265 2123 1342 2164 quia
1359 2122 1422 2153 viae
1448 2130 1562 2152 omnes
1585 2122 1630 2152 la-

938 2175 1090 2206 tronibus
1106 2179 1142 2206 et
1162 2172 1355 2205 directariis
1379 2172 1486 2212 plenae
1510 2172 1631 2203 erant-¹

936 2225 1019 2256 Dac-

979 2280 991 2301 5
1017 2273 1227 2314 Dirunciunt]
1252 2272 1305 2304 An
1331 2270 1510 2312 legendnm
1525 2271 1632 2302 dirun-

935 2329 1029 2356 cant?
1051 2326 1206 2356 Runcare
1224 2324 1311 2355 enim
1328 2323 1470 2353 Varroni
1488 2327 1539 2353 est
1555 2323 1629 2353 lier-

935 2376 994 2406 bas
1019 2385 1037 2406 e
1064 2374 1234 2415 segetibus
1259 2382 1463 2414 expurgare.
1509 2373 1562 2404 An
1584 2375 1630 2405 di-

934 2427 1119 2457 runcimmt?
1140 2425 1336 2456 diruncinare
1352 2428 1403 2455 est
1422 2423 1552 2462 radere,
1568 2433 1628 2463 po-

935 2476 1007 2510 lire,
1037 2485 1056 2506 a
1079 2475 1204 2507 Graeco
1220 2475 1344 2515 ῥυκάνη,
1370 2473 1626 2504 instrumentum

932 2524 1054 2556 fabrile
1073 2525 1114 2556 ad
1138 2535 1242 2565 opera
1267 2522 1476 2564 laeviganda:
1502 2523 1553 2553 vel
1577 2524 1624 2554 di-

932 2576 1109 2614 runcinam,
1125 2585 1144 2605 a
1160 2579 1168 2593 ‘
1183 2574 1335 2612 dirunco,
1350 2577 1358 2590 ‘
1375 2572 1572 2612 dir-meinos
1588 2578 1624 2604 ut

933 2635 952 2656 a
966 2627 973 2643 ‘
989 2630 1081 2665 nato,
1097 2627 1106 2642 ‘
1120 2623 1260 2660 natiuo,’
1275 2628 1308 2656 et
1324 2623 1398 2654 alia.
1416 2622 1509 2653 Idem.
