1835 2906
194 69 279 111 488
645 79 791 110 SEXTl
829 80 1029 110 pomnen
1066 81 1200 111 FEs'm

196 173 300 215 Non
322 173 503 228 pridem,
525 187 666 227 aeque,
691 179 736 216 et
757 180 889 224 recte,
920 180 963 216 et
991 174 1234 228 frequenter
1257 175 1433 228 dicitur,
1454 191 1506 220 ac
1524 180 1637 234 jam-

251 240 432 295 pridem,
453 253 585 294 quam
607 241 790 295 pridem.

195 307 516 358 Nonuncium‚¹¹
559 307 668 363 quod
710 308 832 363 vulgo
872 307 1058 364 magistri
1099 310 1192 350 ludi
1233 312 1470 364 appellant,
1506 314 1638 366 signi-

236 372 349 425 ficat
369 387 505 414 novem
533 375 695 415 uncias.-
726 382 771 415 ατ
792 376 1042 425 teruncium,
1064 377 1181 429 quod
1211 379 1379 431 singula
1411 392 1490 421 sex
1523 381 1639 422 uncia

251 441 463 482 dimidium
482 442 699 483 unciarum
722 442 845 482 trium
858 442 923 482 sit.

195 508 496 559 Nonuncium,
542 515 586 552 et
615 510 853 550 teruncium
895 510 1069 561 dicitur,
1110 512 1227 565 quod
1263 526 1421 555 novem
1461 514 1640 568 [PAUL.

252 577 479 618 unciarum
502 578 570 626 sit,
592 577 686 618 sive
708 578 848 618 trium.

195 643 318 685 Nota
371 658 484 686 nunc
535 644 752 697 significat
805 645 987 697 signum,
1027 650 1077 686 ut
1116 645 1159 685 in
1212 648 1444 700 pecoribus
1467 662 1478 700 3
1528 661 1641 690 nunc

251 712 405 752 literas
428 712 639 765 singulas,
667 715 744 752 aut
762 713 917 763 binas3
948 724 1061 753 nunc
1082 713 1383 765 ignominiam.

195 777 318 819 Nota
346 778 458 819 alias
487 778 700 832 significat
737 780 933 832 signum3
965 780 1075 821 utin
1103 782 1353 834 pecoribus,
1374 787 1438 824 ta·
1477 784 1642 838 [FEST.

251 844 384 895 bulis,
404 845 545 895 libris,
568 846 706 888 literae
723 846 923 900 singulae,
939 841 1020 889 'aut
1034 847 1176 899 binae3
1197 849 1307 889 alias
1329 850 1627 902 ignominiam.

195 911 396 953 Nothum
410 918 426 935 0
461 912 610 955 Graeci
637 919 790 956 natum
811 928 870 956 ex
892 927 1032 956 uxore
1047 928 1134 956 non
1155 916 1351 969 legitima
1373 921 1544 968 vocant,
1566 918 1642 971 qui

847 1013 991 1046 NOTAE

193 1095 285 1135 olim,
302 1096 379 1128 Non
396 1097 551 1129 omnibus
564 1098 700 1130 dormio·
744 1099 802 1131 Sic
827 1110 890 1140 ego

195 1155 261 1176 non
277 1147 441 1187 omnibus,
456 1148 498 1179 mi
516 1148 628 1187 Galle,
644 1149 777 1180 servio.’
824 1150 890 1181 Ubi

943 1100 1104 1140 epitome.
1147 1100 1214 1131 Sed
1238 1100 1374 1132 videtur
1398 1101 1556 1142 Spurium
1581 1110 1642 1141 pro

943 1150 1073 1181 incerto
1109 1151 1286 1191 accipere:
1322 1156 1357 1182 et
1380 1151 1532 1182 Servium
1557 1150 1642 1182 facit

197 1196 328 1235 Capium
357 1203 457 1229 vocat
488 1208 588 1239 quem
616 1199 735 1230 Festus
755 1200 890 1240 Cipium.

195 1246 272 1276 Nisi
298 1250 334 1277 et
356 1248 446 1288 apud
470 1259 544 1279 eum
563 1250 816 1281 rescribendum
837 1252 890 1281 Ci-

190 1297 272 1336 pius.
322 1298 409 1328 Saue
440 1300 522 1331 Mss.
549 1300 677 1331 habent
708 1301 823 1336 Citius,
852 1307 890 1333 ut

192 1356 325 1386 semper
347 1349 505 1387 proclivis
530 1348 594 1380 fuit
618 1351 791 1390 corruptio
812 1361 833 1391 p
856 1351 889 1382 in

191 1400 217 1426 1.
267 1398 376 1437 Cipius
392 1400 480 1428 enim
505 1399 685 1439 legendum
703 1405 766 1431 est.
810 1402 890 1432 Fuit

193 1447 312 1478 Romae
341 1448 414 1479 haec
438 1448 578 1489 familia,
602 1454 637 1481 ut
662 1460 703 1481 ex
720 1451 891 1492 Dmariis,

193 1497 250 1527 ubi
293 1506 333 1528 Μ.
370 1508 456 1530 cnm.
493 1508 532 1530 Μ.
568 1508 599 1531 F.
646 1500 890 1531 Pararenchon

192 1553 305 1578 autem
326 1548 438 1580 dictus
454 1555 506 1580 est
523 1550 658 1589 Graece,
673 1550 889 1592 παραρέγχων.

193 1597 336 1629 Diceres
362 1599 508 1638 Gallice,
531 1602 558 1631 Ie
584 1601 734 1641 ronsturd.
781 1603 890 1634 Locus

191 1648 299 1679 Lucil.
322 1650 331 1666 ‘
350 1659 414 1680 nou
438 1650 592 1681 omnibus
609 1650 764 1692 dormio,'
781 1658 830 1683 est
848 1662 890 1683 ex

189 1698 321 1729 incerto
336 1700 405 1730 Sat.
423 1700 519 1731 libro.
546 1700 626 1732 Dae.

234 1753 248 1768 ¹¹
262 1750 474 1790 Nontcncium]
485 1751 630 1782 Videtur
644 1752 766 1784 Festus
778 1752 891 1784 dicere

191 1799 382 1830 teruncium
409 1806 443 1830 ct
462 1801 665 1831 nonuncium
692 1802 779 1833 idem
804 1812 891 1841 esse,

190 1852 227 1879 et
255 1849 447 1889 siguificare
478 1860 597 1881 novem
628 1852 758 1891 uncias,
782 1853 830 1884 ita
855 1859 891 1884 nt

188 1899 377 1930 teruncium
390 1905 611 1940 componatur
623 1910 640 1931 e
650 1911 706 1931 sex
720 1903 891 1933 sexunciis

189 1949 260 1979 sive
270 1951 469 1981 sexcunciis.
489 1950 588 1983 Quod
599 1956 691 1982 certe
704 1952 891 1983 ridiculum.

194 1998 374 2029 Teruncium
387 2000 475 2030 enim
492 2010 509 2030 a
528 2000 637 2031 tribus
651 2002 771 2041 unciis,
787 2008 823 2033 ut
839 2013 890 2033 uo-

190 2050 348 2087 nuncium,
364 2060 382 2081 a
401 2059 532 2081 novem.
569 2051 636 2082 Sed
654 2053 809 2084 mutilum
828 2063 891 2095 ego

191 2109 262 2130 esse
291 2100 380 2131 hunc
404 2101 512 2131 locum
537 2102 721 2141 contendo,
738 2103 891 2144 adeoque

190 2150 429 2190 supplendum,
446 2155 477 2181 ul
494 2152 665 2182 teruncium
687 2154 764 2183 duas
779 2163 890 2185 sexun-

189 2200 265 2240 cias‚
292 2203 371 2241 quod
392 2202 527 2241 singula,
551 2204 602 2241 ᾃε.
653 2203 753 2233 Uncia
777 2208 890 2235 autem

190 2260 255 2281 non
275 2251 316 2282 ab
333 2261 404 2287 uno,
422 2257 459 2283 ut
486 2253 619 2292 putavit
635 2253 757 2288 Varro,
786 2254 845 2285 sed
872 2265 891 2285 a

190 2301 304 2333 Siculo
321 2302 442 2341 οὐ-γκία,
455 2307 489 2334 et
505 2301 617 2341 οὐγκία
633 2303 675 2334 ab
692 2303 770 2345 ἑνὸς,
784 2310 890 2335 muta-

192 2355 227 2382 to
259 2362 275 2382 e
299 2352 331 2383 in
352 2363 382 2388 u,
399 2353 488 2384 unde
504 2363 595 2385 wius.
642 2355 688 2385 Ut
704 2357 831 2395 optime
848 2366 891 2387 ex

191 2401 332 2434 Polluce
371 2404 522 2445 Scaliger
561 2404 651 2445 apud
689 2405 889 2438 Varronem.

193 2451 291 2482 Idem.

234 2506 248 2520 ⁰
273 2502 428 2543 Nothum]
455 2504 552 2540 Illud,
579 2504 695 2544 Spurio
719 2508 810 2545 patre
835 2516 888 2537 nu-

193 2556 256 2591 tus,
266 2550 385 2582 falsum
400 2558 451 2584 est
464 2566 470 2583 :
497 2555 621 2595 malim,
631 2555 763 2596 Spurius
774 2556 889 2588 incerto

190 2605 281 2642 patre
306 2606 461 2643 naeus-,ut
487 2605 595 2638 Julius
611 2606 710 2639 Paris
736 2612 832 2640 notat
854 2609 888 2639 in

942 1201 1056 1240 Spurii
1074 1200 1189 1231 filium.
1235 1201 1324 1231 Vide
1345 1200 1489 1232 Quintil.
1514 1200 1570 1231 lib.
1587 1209 1644 1231 111.

942 1250 1119 1281 Plutarch.
1136 1251 1169 1280 iu
1187 1250 1360 1281 Problem.
1377 1250 1559 1282 Justiniau.
1582 1250 1643 1281 lib.

941 1311 966 1333 1.
991 1302 1105 1333 Instit.
1131 1302 1184 1333 tit.
1207 1302 1249 1333 de
1274 1302 1411 1342 nuptiis.
1456 1303 1512 1333 De
1536 1306 1642 1333 matre

941 1351 1014 1383 Ser.
1029 1352 1131 1382 Tullii
1151 1352 1183 1382 iu
1202 1352 1421 1391 Lugdunensi
1437 1352 1492 1383 Ti.
1508 1352 1642 1383 Claudii

942 1401 1020 1442 imp.
1037 1403 1191 1434 oratione
1206 1403 1352 1434 dicitur:
1386 1405 1395 1420 ‘
1412 1403 1548 1434 Servius
1563 1403 1641 1434 Tul-

941 1452 1019 1492 lius,
1032 1453 1057 1483 si
1074 1458 1208 1484 nostros
1225 1454 1408 1493 sequimur,
1425 1454 1562 1494 captiva
1579 1463 1640 1485 na-

943 1508 995 1533 tus
1020 1502 1182 1542 Ocresia3
1208 1504 1233 1534 si
1261 1505 1400 1545 Tuscos,
1427 1504 1511 1536 Coeli
1534 1515 1640 1546 quon-

942 1553 1019 1583 dam
1037 1554 1200 1584 Vivenuae
1218 1554 1363 1585 sodalis.'
1411 1555 1526 1586 Livius
1543 1565 1641 1586 serva

943 1609 1058 1634 natum
1075 1613 1140 1635 nou
1158 1604 1318 1639 credidit,
1341 1605 1399 1636 sed
1425 1606 1542 1636 Servio
1563 1605 1639 1635 Tul-

944 1654 1065 1695 lio,qui
1083 1655 1241 1695 prinecps
1250 1656 1547 1687 Corniculanorum
1565 1654 1642 1686 suit.

944 1704 1089 1744 Dionys.
1120 1705 1175 1735 lib.
1202 1714 1250 1737 ιν.
1275 1705 1389 1736 ΤιιΙΙίο
1419 1706 1641 1737 Corniculano

945 1761 979 1785 ct
998 1755 1139 1786 Ocresia
1160 1761 1297 1786 natum:
1321 1756 1429 1787 Servii
1448 1764 1641 1796 praenomen

944 1810 1024 1836 nato
1040 1805 1108 1835 filio
1123 1812 1262 1836 matrem
1278 1807 1491 1846 imposuisse,
1504 1806 1589 1848 quod
1608 1806 1640 1835 iu

944 1856 1108 1886 servitute
1133 1862 1231 1886 natus
1259 1862 1359 1887 esset.
1405 1856 1548 1895 Plinius,
1571 1856 1641 1886 sive

946 1906 1019 1945 quis
1051 1906 1146 1940 alius,
1172 1907 1203 1936 111
1234 1907 1319 1937 libro
1348 1907 1390 1937 de
1417 1907 1495 1937 viris
1521 1907 1642 1937 illustr.

943 1955 1104 1985 ‘servius
1135 1955 1265 1986 Tullius
1297 1957 1336 1986 P.
1366 1956 1583 1987 Corniculani
1606 1960 1642 1986 et

945 2005 1097 2035 Ocresiae
1114 2006 1260 2046 captiva}
1279 2005 1400 2036 filius:’
1426 2007 1520 2046 cujus
1538 2005 1640 2035 verba

944 2053 1043 2085 facile
1060 2057 1181 2086 mutari
1199 2062 1336 2095 possunt
1355 2056 1387 2086 iu
1410 2056 1468 2095 Sp.
1487 2060 1521 2086 et
1539 2054 1639 2085 Ocle—

943 2104 1038 2135 siam.
1061 2105 1141 2135 Ant.
1156 2106 1241 2143 Aug.

987 2156 1142 2195 Notlzum]
1166 2155 1308 2195 Spurius
1325 2161 1390 2196 est,
1417 2156 1511 2197 cujus
1540 2161 1639 2195 paler

944 2206 1129 2246 ignoratur,
1147 2211 1262 2246 atque,
1279 2211 1316 2236 ut
1334 2207 1510 2237 Lucretius
1535 2206 1643 2246 loqui-

944 2262 1011 2290 tur,
1035 2258 1043 2273 ‘
1063 2256 1242 2296 volgivaga
1268 2256 1404 2286 Venere
1430 2255 1641 2296 conceptus.‘

944 2306 1047 2346 Cujus
1069 2305 1266 2336 vocabulum
1291 2305 1403 2336 Graeci
1420 2315 1486 2336 non
1503 2305 1641 2336 liabent.

944 2356 1032 2386 Nam
1053 2355 1158 2385 νόθους
1176 2365 1260 2396 quus
1278 2361 1410 2391 vocant,
1429 2355 1449 2386 ii
1467 2355 1637 2386 naturales

942 2406 1031 2445 apud
1065 2406 1232 2436 Romanos
1267 2411 1303 2437 et
1340 2411 1471 2446 patrem
1507 2411 1638 2436 certum

943 2456 1090 2488 habent:
1111 2456 1229 2487 σκότιοι
1247 2461 1360 2487 autem
1376 2455 1468 2487 furto
1484 2456 1640 2494 concepti

945 2511 1035 2537 sunt.
1091 2508 1211 2547 Spurio
1242 2512 1339 2547 patre
1371 2515 1468 2537 natos
1494 2505 1641 2546 joculari

944 2556 1037 2587 dicto
1056 2562 1177 2587 vocant
1197 2556 1348 2596 Romani,
1365 2556 1455 2597 quia,
1481 2564 1555 2585 cum
1580 2564 1637 2594 pa-

945 2612 997 2639 ter
1012 2617 1128 2639 eorum
1156 2608 1342 2648 ignoretur,
1366 2604 1484 2637 matris
1499 2614 1573 2637 esse
1589 2603 1639 2635 di-
