1835 2906
159 111 242 153 106

484 121 548 151 DE
582 122 853 153 VERBORUM
887 121 1294 153 SIGNIFIGATIONE
1328 121 1422 152 [ΑΒ.
1454 123 1485 152 1.

217 217 464 259 cerdotibus
486 217 888 270 componebantur⁹
918 218 963 258 in
988 216 1217 257 universos
1242 216 1439 258 homines
1470 215 1613 271 (com-

218 286 402 339 posita).

465 284 583 325 Nam
617 285 660 324 in
695 285 819 325 Deos
841 284 1034 337 singulos
1055 297 1205 325 versus
1226 284 1349 333 facti,

1422 283 1613 324 nomini-

217 354 302 394 bus
317 364 470 393 eorum
487 352 823 404 appellabantur
841 366 850 394 :
881 355 928 393 ut
945 352 974 393 J
978 352 1157 400 anvalii,
1178 350 1207 392 J
1212 352 1375 401 unonii‚
1393 351 1613 392 Minervii.

166 418 353 470 Axare,b
375 419 615 460 nominare.

164 487 266 528 Axe
281 493 295 509 0
323 486 624 540 adglomerati‚
645 486 840 528 universi
869 491 1051 537 stantes,
1070 487 1114 527 id
1139 490 1223 536 est,
1247 485 1518 534 cohortibus,
1540 489 1617 526 aut

223 554 492 606 legionibus.

164 622 296 671 Axis,
318 624 447 676 quem
463 621 610 663 Graeci
627 620 742 671 ἄξονα
759 621 921 672 dicunt,
938 622 1087 675 plures
1102 622 1236 662 habet
1254 619 1617 673 significationes.

221 689 341 731 Nam
362 695 409 730 et
432 702 536 743 pars
564 689 670 731 coeli
701 689 1087 743 septemtrionalis,
1118 692 1160 729 et
1187 689 1321 742 stipes
1350 691 1477 736 teres,
1499 686 1618 728 circa

223 770 355 811 quem
373 761 471 797 rota
491 757 696 797 vertitur:
727 761 769 797 et
790 756 944 797 tabula
967 756 1134 796 sectilis
1157 756 1259 797 axis
1282 754 1546 808 appellatur.

168 822 368 864 Axitiosi
381 822 399 846 ‘¹
423 824 599 864 factiosi
615 824 892 864 dicebantur:
914 836 1014 863 cum
1030 822 1184 875 plures
1199 836 1284 863 una
1300 822 1405 876 quid
1426 824 1618 874 agerent,

220 890 521 943 facerentque.

582 890 692 932 Axit
725 894 873 931 autem
901 890 1105 943 antiquos
1148 889 1331 939 dixisse,
1360 902 1440 942 pro
1470 889 1620 940 egerit,

223 957 500 999 manifestum
521 963 599 999 est.
637 957 760 999 Unde
778 957 946 999 Axiese
968 957 1183 1006 mulieres,
1201 958 1294 998 sive
1317 956 1393 997 Dii
1416 955 1620 996 diceban-

227 1028 296 1066 tur
319 1038 406 1066 una
427 1030 619 1078 agentes.

771 1133 787 1143 a
794 1133 1012 1144 ueaeeeeeeee

214 1214 234 1241 9
259 1211 328 1242 Pro
345 1211 601 1252 componebantur
618 1209 873 1242 rescribendum
891 1214 991 1250 putat
1006 1210 1097 1240 Dae.
1114 1209 1310 1240 canebantur.

832 1318 969 1350 NOTAE

171 1384 205 1414 in
234 1382 403 1414 sacrificiis
433 1381 589 1413 Herculis
612 1383 653 1413 ab
676 1383 749 1423 ejus
773 1382 872 1414 Saliis

172 1432 397 1464 canebantur.
442 1432 541 1463 Infra
566 1442 627 1473 pro
653 1433 871 1473 componeban-

172 1487 226 1513 tur·
263 1483 518 1514 rescribendum
558 1488 640 1523 puto
676 1483 874 1515 canebantur.

174 1532 263 1563 Nam
289 1532 411 1564 falsum
439 1538 493 1564 est
509 1543 547 1564 ea
577 1534 727 1565 carmina
744 1544 763 1565 a
778 1534 874 1565 Saliis

172 1582 278 1614 fuisse
293 1583 498 1623 composita,
512 1593 586 1624 quae
604 1584 686 1624 ipsis
699 1584 803 1615 etiam
817 1584 874 1615 ob·

174 1643 272 1665 scura
288 1634 360 1674 ipso
378 1634 484 1665 Fabio
513 1639 601 1665 teste
626 1635 686 1666 lib.
703 1644 727 1666 1.
752 1645 826 1674 cap.
842 1638 874 1666 6.

173 1687 183 1702 ‘
201 1686 369 1716 Saliorum
387 1684 537 1715 carmina
560 1685 616 1715 vix
640 1684 874 1715 sacerdotibus

175 1735 243 1765 suis
259 1735 341 1765 satis
359 1734 602 1774 intelligenda.'
625 1735 705 1766 Dae.

218 1784 232 1805 ὓ
257 1783 381 1823 Axare]
405 1783 460 1814 Ab
485 1786 494 1800 ‘
511 1783 607 1814 axis!
657 1783 879 1822 Glossarium,

175 1834 185 1850 ⁴
200 1839 361 1869 anaxant,
378 1832 571 1872 ὀνομάζουσι,
586 1833 780 1865 nominant.'
804 1834 856 1865 Id.

222 1890 234 1905 ⁰
257 1884 343 1924 Axe]
367 1884 459 1923 Lege
483 1893 570 1921 axes,
587 1884 640 1914 vel
660 1883 742 1914 axei.
789 1883 878 1913 Vide

174 1936 184 1953 ‘
204 1933 440 1974 ambaxioqui.'
486 1933 594 1971 Infra,
615 1932 650 1963 id
674 1936 721 1963 est
745 1932 879 1963 cohor-ez·-

179 1985 252 2017 bus:
270 1993 362 2015 more
377 1984 576 2014 Graecornm
595 1992 654 2022 pro
671 1992 745 2013 cum
763 1982 879 2013 cohor-

179 2035 282 2075 tibus,
297 2035 404 2065 αὐταῖς
419 2032 567 2073 σπείραις.
600 2033 645 2064 Et
657 2031 793 2072 σπείραις
808 2037 880 2063 tan-

182 2092 266 2118 tum.
292 2087 390 2117 Idem.

223 2136 236 2157 ‘¹
261 2134 416 2175 Amitiosi]
438 2135 494 2166 Ita
520 2133 610 2175 apud
636 2133 809 2171 Plautum,
834 2132 880 2163 ci-

183 2193 279 2219 tante
294 2186 470 2218 Varrone:
495 2186 505 2203 4
525 2185 688 2216 Axitiosae
714 2192 880 2214 annonam

185 2247 295 2270 caram
311 2248 329 2268 e
344 2237 401 2268 vili
417 2237 624 2268 concinnant
642 2233 743 2265 viris.’

184 2289 322 2318 sarium:
364 2287 373 2302 ‘
403 2287 534 2321 Axitas,
575 2282 882 2322 ἆποτελεσματικαί.’

186 2338 277 2379 Lege
294 2337 420 2369 Azites.
466 2337 564 2368 Unde
591 2341 627 2367 et
656 2333 745 2368 infra.
771 2335 885 2368 Axites

926 1384 1067 1414 mulieres
1098 1382 1290 1423 legendum,
1322 1390 1386 1412 non
1416 1381 1525 1411 Aries.
1553 1379 1625 1411 Jos.

929 1434 1018 1464 Scai.

971 1485 1128 1525 Asitiosi]
1153 1484 1266 1515 Plaut.
1282 1483 1314 1513 in
1329 1482 1493 1513 Astraba:
1518 1486 1526 1498 ¹
1545 1481 1627 1512 Axi-

928 1536 1024 1567 tiosae
1043 1544 1207 1566 annonam
1226 1542 1339 1564 caram
1361 1542 1378 1563 e
1406 1532 1463 1562 vili
1490 1532 1626 1562 concin—

928 1591 1013 1616 nant
1028 1584 1131 1615 viris.'
1163 1583 1217 1615 Ab
1232 1583 1313 1622 amit,
1326 1582 1448 1622 egerit,
1466 1591 1533 1622 quo
1549 1590 1626 1611 usus

929 1636 1098 1667 Pacuvius
1128 1636 1160 1666 in
1189 1633 1362 1665 Periboea.
1423 1638 1430 1649 ‘
1453 1632 1522 1663 Aut
1552 1641 1627 1671 quae

931 1686 1000 1726 egi,
1015 1695 1092 1726 ago,
1107 1685 1160 1716 vel
1175 1685 1275 1719 axim‚
1291 1680 1536 1714 averruncem!
1559 1680 1628 1712 Sed

932 1735 1187 1768 rescribendum
1212 1735 1314 1765 axiosz
1331 1739 1366 1764 et
1387 1733 1514 1764 axiosoe.
1553 1730 1630 1762 Nisi

932 1787 1027 1818 malis
1042 1785 1172 1818 ‹za-itiosi
1189 1785 1315 1816 dictum
1342 1789 1463 1824 putare
1488 1791 1549 1822 pro
1573 1791 1631 1812 ax-

932 1838 1003 1878 iosi,
1014 1843 1050 1868 ut
1062 1838 1071 1853 ‘
1086 1836 1237 1867 axilites’
1256 1844 1316 1876 pro
1327 1835 1335 1851 ‘
1349 1833 1466 1865 alites?
1483 1830 1633 1863 ‘Axiosi'

933 1890 1016 1929 pro‘
1029 1886 1184 1926 actuosi,'
1203 1886 1244 1917 ab
1261 1887 1270 1903 4
1290 1895 1373 1916 axus
1387 1884 1395 1896 '
1412 1893 1474 1924 pro
1489 1884 1497 1899 ‘
1511 1882 1628 1919 actus,’

931 1940 940 1956 ‘
959 1938 1046 1969 fixus
1058 1938 1066 1951 ’
1082 1947 1142 1978 pro
1157 1938 1166 1954 ‘
1182 1935 1308 1974 fictus‚’
1320 1936 1329 1951 4
1343 1934 1449 1965 taxus'
1467 1942 1526 1974 pro
1537 1933 1545 1948 ‘
1560 1936 1631 1962 tac—

934 1988 1089 2027 tus‚'&c.
1113 1988 1220 2018 Varro
1234 1986 1293 2016 lib.
1310 1994 1360 2015 vr.
1376 1985 1417 2014 de
1432 1985 1471 2014 L.
1487 1983 1527 2013 L.
1558 1984 1567 1998 ‘
1583 1982 1631 2012 Ut

935 2039 976 2069 ab
993 2048 1059 2069 una
1075 2036 1229 2068 faciendo
1255 2035 1415 2069 factiosae,
1436 2033 1484 2063 sic
1506 2031 1549 2062 ab
1566 2040 1632 2061 una

935 2089 1067 2129 agendo
1083 2088 1222 2118 actiosae
1239 2085 1340 2115 dictae
1357 2081 1455 2114 sunt.’
1479 2082 1561 2113 Dae.

977 2145 991 2159 θ
1007 2139 1094 2169 Unde
1112 2135 1227 2175 Axies]
1238 2136 1325 2174 Lege
1337 2134 1450 2165 oxites.
1464 2131 1633 2163 Glossari-

937 2200 1011 2220 um:
1034 2193 1043 2206 ‘
1060 2188 1182 2227 axstes,
1204 2182 1508 2223 ἀποτελεσματικαί.’
1541 2182 1631 2213 Item

785 2234 882 2264 (3105-
927 2238 936 2255 ‘
962 2238 1118 2270 mulieres
1145 2237 1213 2267 sive
1231 2235 1313 2266 Dii!
1348 2233 1508 2266 Rescribe
1525 2232 1634 2264 mulie-

936 2300 985 2321 res
999 2290 1063 2320 sive
1078 2287 1148 2319 viri.
1173 2285 1282 2318 Idem.
