1835 2906
370 112 432 142 DE
468 110 739 142 VERBORUM
776 109 1187 141 SIGNlFlCATlONE
1224 112 1318 140 Llss.
1353 110 1460 141 ΧΠ.

1575 100 1659 142 615

270 208 386 260 tangi
405 212 616 261 possunt:
663 208 739 261 qui
763 206 884 256 dicit,
908 219 954 247 se
984 206 1219 260 possidere,
1252 207 1289 246 is
1311 218 1407 247 vere
1429 209 1573 260 potest
1594 206 1659 247 di-

272 289 385 317 cere.

445 276 604 330 Itaque
634 276 681 317 in
716 276 923 328 legitimis
956 274 1203 315 actionibus
1235 286 1364 315 nemo
1394 287 1450 315 ex
1478 273 1560 324 his,
1583 276 1659 328 qui

269 345 599 398 possessionem
623 357 751 391 suam
766 356 923 385 vocare
946 341 1089 391 audet,
1112 341 1187 382 sed
1211 341 1266 381 ad
1288 342 1564 382 interdictum
1585 354 1659 382 ve—

269 411 370 462 nit,u
397 418 443 454 ut
470 418 630 467 praetor
661 412 729 453 his
762 413 904 453 verbis
931 416 1105 452 utatur:
1151 408 1232 450 Uti
1253 423 1365 450 nunc
1385 409 1658 463 possidetis?

269 492 366 521 eum
389 480 569 521 fundum
591 479 648 531 Q.
672 480 728 521 D.
749 480 805 520 A.
829 479 947 533 quod
970 491 1050 519 nec
1074 478 1133 527 vi,
1155 489 1236 518 nec
1260 477 1387 526 clam,
1407 491 1490 519 nec
1510 490 1661 530 preca-

268 548 331 587 rio
348 552 365 575 5
396 547 502 588 alter
525 548 580 588 ab
603 548 739 589 altero
762 545 1018 600 possidetis,
1039 546 1103 588 ita
1124 545 1418 598 possideatis:
1452 544 1659 587 adversus

269 627 324 655 ea
345 615 431 656 vim
452 614 561 665 fieri,
585 619 702 656 veto.

213 681 450 724 Possessio
482 689 547 724 est
578 696 684 724 usus
706 682 882 739 quIdztm
911 683 1019 736 agri,
1041 686 1118 723 aut
1140 679 1335 730 aedificii,
1351 693 1438 720 non
1484 679 1660 729 [PAUL.

266 752 365 805 ipse
383 751 557 801 fundus,
580 757 656 792 aut
679 764 795 803 ager.

211 817 528 860 Possessiones
545 824 558 840 ²
579 819 853 873 appellantur
869 819 959 871 agri
975 818 1062 859 late
1079 820 1278 871 patentes
1296 815 1478 870 publici,
1495 814 1553 869 [F
1562 825 1662 856 EST.

267 888 542 941 privatique;
576 889 678 941 quia
698 900 783 927 non
811 886 1155 940 mancipatione,
1178 884 1257 925 sed
1288 897 1372 924 usu
1394 885 1659 933 tenebantur,

266 959 309 996 et
328 960 377 997 ut
394 957 581 1010 quisque
605 958 919 1008 occupaverat,
941 952 1231 996 collidebat.18

210 1023 436 1065 Posticam
468 1024 662 1065 lineama
693 1024 735 1064 in
768 1023 882 1076 agris
923 1020 1175 1064 dividendis
1217 1019 1399 1062 Servius
1437 1019 1661 1073 Sulpicius

268 1092 508 1147 appellavit
536 1093 592 1133 ab
625 1092 841 1134 exoriente
870 1090 948 1132 sole
979 1089 1035 1131 ad
1065 1087 1307 1130 occidentem
1328 1102 1414 1143 qua:
1441 1085 1662 1141 spectabat.

821 1345 937 1357 oooooo

941 1345 1056 1357 oooooo

253 1429 291 1458 18
314 1426 476 1466 ‘Forsam
503 1436 564 1466 pro
580 1426 752 1463 collidebat,
768 1425 948 1465 legendum
963 1424 1151 1464 possidebat,
1182 1427 1219 1454 ut
1244 1427 1279 1454 et
1304 1420 1400 1452 Fulv.
1426 1418 1539 1450 Ursiu.
1556 1415 1660 1447 vidit:

207 1469 270 1501 nisi
284 1479 359 1502 cum
374 1469 566 1511 Augustino
584 1469 678 1500 malis
695 1466 833 1500 colebat!
859 1468 947 1499 Dae.

862 1587 1003 1620 NOTAE

249 1672 263 1686 ³¹
287 1664 350 1696 Sed
367 1666 407 1696 ad
433 1665 634 1696 interdictum
658 1664 759 1705 venit]
784 1664 825 1696 Id
843 1669 908 1703 est,

208 1717 250 1748 ad
270 1717 341 1757 jus,
360 1717 401 1748 ad
420 1717 624 1749 Praetorem.
670 1718 809 1748 Petron-
835 1716 843 1732 ‘
862 1716 908 1747 Ut

206 1769 233 1800 si
252 1768 356 1800 nollet
379 1768 477 1799 aliam
502 1777 572 1799 rem
596 1770 731 1800 domino
750 1767 907 1803 reddere,

208 1818 250 1850 ad
268 1819 488 1851 interdictum
504 1818 657 1850 veniret?
682 1819 780 1850 Idem.

251 1875 266 1890 Χ
294 1870 351 1902 Uei
371 1880 449 1913 nunc
468 1869 819 1911 possi‹1etis]Solennis
836 1867 904 1900 for-

206 1922 293 1954 mula
309 1922 482 1954 interdicti
498 1930 560 1954 U'rx
578 1930 793 1953 POSSIDETIS.
835 1920 905 1952 Ali-

207 1979 261 2004 ter
295 1977 409 2004 tamen
437 1973 538 2013 paulo
564 1972 652 2012 apud
680 1971 816 2012 Ulpian.
862 1979 907 2002 UT

208 2031 270 2054 EAS
287 2031 384 2054 AEDl-:s
402 2031 436 2057 Q.
453 2032 487 2054 n.
505 2031 538 2054 Α.
563 2031 631 2054 NEC
655 2032 691 2054 v¹
716 2031 784 2053 NEC
808 2029 907 2053 CLAM

208 2082 278 2105 NEC
303 2082 486 2105 PRECARlo
512 2083 545 2105 Α.
573 2082 606 2103 A.
632 2082 665 2105 Λ,
692 2081 908 2104 PossmssTis.

206 2131 280 2157 QUO
296 2132 408 2155 Minus
424 2132 483 2154 ιΤΑ
502 2131 732 2154 ΡοεειυΕΑΤι5
750 2131 819 2153 vlm
835 2131 909 2153 Pm-

208 2182 246 2205 Rt
262 2182 369 2206 vETo.
407 2173 532 2205 Literae
549 2182 585 2207 Q.
602 2182 636 2205 D.
653 2182 688 2204 Λ.
705 2172 909 2214 significant,

208 2224 286 2257 Quo
315 2224 368 2255 vel
396 2224 516 2265 quibus
542 2223 585 2255 de
612 2224 735 2263 agitur,
762 2232 856 2257 Α.,Α.
873 2233 907 2255 Α.

207 2277 295 2308 alter
311 2276 354 2307 ab
374 2276 493 2307 altero.
516 2277 616 2308 Idem.

250 2333 263 2353 ν
290 2326 357 2358 Nec
384 2327 428 2366 υἱ,
456 2336 511 2357 nec
538 2328 629 2367 clam,
659 2336 712 2357 nec
753 2326 907 2367 precario]

209 2376 274 2409 His
291 2377 399 2409 tribus
416 2378 505 2408 mala
525 2376 592 2408 fide
619 2377 742 2418 aliquid
761 2376 909 2417 posside-

209 2433 275 2459 ων,
320 2428 376 2459 Sic
393 2427 534 2458 Chaerea
560 2427 649 2468 apud
673 2427 815 2458 'Perenh
842 2428 909 2457 Eu-

208 2480 401 2521 nuclnssct.
420 2489 460 2510 ιι.
488 2489 533 2510 sc.
554 2482 583 2510 3.
610 2480 675 2509 trin
698 2480 770 2509 lroec
794 2479 907 2518 lepide

208 2531 412 2571 conjunxit:
449 2534 456 2546 ‘
477 2530 586 2563 Hauc,
613 2534 649 2560 tn
677 2529 754 2559 mini
785 2529 836 2559 vel
866 2530 908 2567 vi,

207 2582 262 2613 vel
286 2583 383 2615 clam,
418 2581 469 2611 vel
497 2580 650 2620 precario
678 2580 743 2610 Fac
771 2579 907 2610 tradas.'

210 2632 308 2664 Idem.

250 2689 264 2703 2
290 2681 518 2722 Possessiones]
557 2680 702 2713 Videtur
740 2681 908 2713 contradi-

964 1673 1040 1695 cere
1079 1659 1334 1702 suprascriptis,
1372 1663 1379 1675 ‘
1400 1654 1573 1687 Possessio
1612 1657 1665 1684 est

964 1724 1042 1746 usus
1067 1714 1151 1754 agri,
1178 1721 1245 1743 non
1268 1711 1340 1751 ipse
1356 1706 1461 1748 ager!
1505 1704 1572 1736 Sed
1596 1705 1664 1735 illic

959 1766 1015 1807 jus
1047 1763 1229 1806 significat,
1260 1759 1349 1803 quod
1380 1768 1423 1789 ex
1458 1755 1664 1798 possidendo

962 1815 1082 1855 oritur,
1112 1813 1202 1855 quod
1242 1812 1275 1843 in
1307 1820 1367 1841 usu
1397 1807 1575 1840 consistit:
1610 1807 1664 1837 hic

962 1865 1218 1907 usurpationem
1240 1860 1384 1894 nominis
1407 1857 1527 1897 refert,
1551 1861 1589 1888 ut
1604 1856 1663 1887 mi-

961 1927 1022 1948 nus
1061 1915 1198 1958 proprie
1232 1912 1273 1944 ad
1312 1919 1409 1952 agros
1447 1907 1666 1939 extendatur.

961 1970 1040 2001 Ant.
1056 1968 1141 2006 Aug.

1006 2017 1234 2058 Possessiones]
1260 2014 1357 2046 Idem
1380 2011 1422 2043 ad
1444 2009 1585 2041 verbnm
1602 2008 1665 2038 Isi-

963 2071 1034 2104 dor.
1052 2071 1112 2102 lib.
1133 2079 1198 2101 xv.
1225 2077 1302 2108 cap.
1317 2067 1371 2096 13.
1402 2063 1410 2079 ‘
1426 2060 1664 2093 Possessiones

964 2128 1042 2155 sunt
1064 2122 1139 2163 agri
1161 2121 1233 2151 late
1257 2119 1416 2159 patentes
1439 2111 1575 2154 publici,
1598 2110 1666 2150 pri-

964 2174 1117 2214 vatique,
1148 2180 1231 2213 quos
1261 2167 1357 2199 initio
1390 2174 1457 2196 non
1491 2161 1665 2201 mancipa-

964 2224 1069 2264 tione,
1082 2222 1141 2254 sed
1157 2221 1311 2264 quisque,
1324 2222 1362 2248 nt
1379 2215 1505 2256 potuit,
1518 2221 1663 2252 occupa-

965 2276 1012 2306 vit
1030 2279 1136 2316 atque
1149 2268 1325 2314 possedit:
1349 2268 1430 2299 Dae.

1008 2331 1023 2347 ³
1048 2325 1209 2356 Poseicam
1222 2319 1349 2360 lineam]
1373 2319 1458 2351 Quae
1477 2315 1518 2346 ab
1532 2314 1665 2345 oriente

964 2376 1006 2408 ad
1035 2375 1262 2412 occidentem,
1278 2375 1315 2401 nt
1335 2368 1452 2404 antica,
1469 2375 1544 2407 quae
1563 2374 1581 2394 a
1598 2370 1666 2394 me-

965 2428 1048 2459 ridie
1066 2427 1106 2457 ad
1125 2422 1427 2465 Septenitrionem.
1461 2416 1594 2448 Gloss.‘
1609 2424 1665 2444 an-

965 2481 1033 2510 tica
1059 2479 1158 2511 linea,
1190 2471 1371 2512 διάμετρος.’
1422 2470 1552 2508 Nempe
1591 2475 1665 2507 quse

966 2529 1128 2569 posticam
1142 2527 1264 2557 lineam
1289 2520 1551 2553 mediamsecat.
1579 2517 1665 2547 Quae

967 2585 1151 2620 sequuntur
1173 2575 1324 2607 divinare
1341 2581 1405 2602 non
1432 2577 1591 2610 possum:
1623 2566 1668 2595 vi—

965 2631 1089 2662 dentur
1107 2633 1235 2659 tantum
1252 2633 1325 2655 esse
1344 2621 1445 2653 verba
1461 2618 1568 2651 Servii
1593 2617 1666 2646 Sul-

965 2682 1053 2723 picii.
1070 2681 1111 2712 In
1127 2679 1206 2715 fine,
1224 2677 1422 2709 Frumentum
1438 2673 1542 2702 danto,
1560 2667 1664 2699 {deun
