1835 2906
384 133 445 162 DE
479 130 752 161 VERBORUM
787 129 1193 159 SlGNlFICA'l'loNE
1230 131 1319 160 LlB.
1356 131 1403 161 X.

1538 122 1615 164 361

178 226 390 269 Lucariak
421 227 534 268 festa
569 227 614 267 in
644 226 746 267 luco
787 225 991 266 colebant
1025 223 1230 273 Romani,
1251 226 1327 279 qui
1359 239 1620 281 permagnus

229 297 340 337 inter
363 296 478 336 viam
511 294 731 336 Salariam
753 298 797 335 et
817 293 1011 334 Tiberim
1031 292 1141 333 fuit:
1172 306 1252 346 pro
1284 307 1354 344 eo,
1377 295 1497 349 quod
1516 297 1622 338 victi

231 378 257 405 a
278 363 422 405 Gallis
445 363 660 416 fugientes
682 375 705 402 e
724 361 875 416 praelio
897 360 959 401 ibi
981 373 1029 401 se
1052 361 1400 405 occultaverunt.

176 432 362 474 Lucaris
380 429 597 486 pecunia‚¹
632 444 732 485 quae
754 430 798 470 in
819 430 918 470 luco
940 432 1031 469 erat
1050 429 1167 470 data.

175 501 342 542 Lucem
381 500 527 542 facere
542 505 568 522 “¹
624 500 827 540 dicuntur
866 497 1058 539 Saturno
1100 497 1416 549 sacrificantes,
1456 500 1500 540 id
1540 507 1622 552 est,

233 570 385 623 capita
405 569 605 622 detegere
614 599 624 609 .

173 636 480 687 Lucereuses,¹¹
501 641 545 677 et
563 636 769 685 Luceres,
785 648 885 688 quae
906 647 1008 688 pars
1030 633 1155 676 tertia
1172 632 1325 688 populi
1343 634 1534 676 Romani
1552 643 1624 677 est

231 705 464 746 distributa
485 717 511 744 a
541 704 688 753 Tatio,
710 708 753 744 et
775 703 994 754 Romulo,
1028 703 1244 757 appellati
1266 708 1367 744 sunt
1393 716 1421 745 a
1450 703 1623 745 Lucero

230 771 392 814 Ardeae
412 785 530 826 rege,
554 772 629 825 qui
652 772 822 813 auxilio
855 771 939 813 suit
972 771 1163 813 Romulo
1196 771 1410 813 adversus
1441 772 1625 814 Tatium

232 840 433 881 bellanti.

830 940 974 973 NOTAE

175 1035 408 1058 REDEMPTUM
447 1036 469 1058 A
507 1037 590 1058 unp.
644 1027 876 1059 Tertullianus

177 1079 338 1110 adversus
376 1079 581 1111 Gnosticos:
636 1081 787 1121 loquitur
818 1091 876 1111 au-

177 1135 244 1161 tem
268 1129 311 1161 de
337 1141 543 1171 praecursore
568 1131 726 1162 Domini:
754 1132 762 1148 ‘
783 1131 875 1171 Ipse,

176 1183 328 1213 clausula
354 1183 451 1223 legis,
467 1188 502 1214 et
529 1182 793 1223 Prophetarum,
812 1192 876 1213 nec

176 1233 381 1275 Prophetes,
402 1235 461 1265 sed
487 1235 628 1275 angelus
652 1234 775 1270 dictus,
798 1244 877 1265 cou-

176 1285 353 1315 tunneliosa
373 1285 466 1316 caede
494 1289 672 1316 truncatur
697 1285 730 1315 in
755 1285 876 1325 puellae

176 1336 303 1366 salticae
321 1336 439 1368 lucar.'
462 1336 659 1376 Eleganter.
691 1336 778 1367 Nam
790 1337 876 1367 lucar

175 1392 250 1417 erat
277 1396 405 1418 merces
432 1387 645 1426 saltatorum,
676 1392 710 1417 et
741 1387 875 1418 histrio-

175 1446 267 1468 num.
292 1437 493 1468 Plutarchus
510 1438 623 1473 vertit,
638 1436 675 1468 τὸ
689 1437 876 1476 τελούμενον

177 1486 218 1518 εἷς
233 1487 289 1518 τὰς
304 1486 385 1519 θέας.
415 1489 483 1519 Jos.
502 1488 586 1520 Scol.

219 1537 338 1579 Lucar]
364 1538 463 1574 Vide,
481 1538 651 1570 ‘Pecunia
663 1548 737 1579 quae
758 1548 874 1579 eroga-

178 1591 232 1618 tur
249 1589 279 1618 iu
299 1588 417 1623 lu‹los,’
439 1590 502 1620 διο.
528 1588 609 1619 Duc.

219 1636 232 1657 ¹‘
257 1638 406 1677 Luc-aria]
431 1638 461 1669 A
476 1639 550 1669 luce
567 1638 661 1670 dicta
683 1638 754 1668 vult
770 1638 879 1670 Varro

177 1686 234 1717 lib.
253 1697 286 1718 v.
325 1689 492 1719 ‘Lucaria
519 1688 600 1718 item
630 1697 650 1718 a
674 1688 763 1727 luce,
789 1688 877 1729 quod

178 1742 320 1777 propter
337 1738 446 1769 lucem
469 1738 622 1768 amissam
641 1739 668 1768 is
694 1738 806 1768 cultus
829 1739 878 1769 in-

178 1788 342 1819 stitutus.’
386 1788 453 1820 Sed
472 1788 614 1828 frustra;
638 1789 774 1820 Lucarz’a
790 1789 879 1821 enim

179 1848 198 1869 a
214 1840 291 1879 luco,
308 1841 393 1870 lucus
408 1850 428 1870 a
445 1841 521 1876 luce,
538 1840 627 1881 quod
654 1840 806 1872 accensis
829 1839 879 1871 fu-

179 1889 314 1921 nalibus
341 1891 454 1921 lucum
481 1890 667 1931 implebant
696 1891 784 1931 luce,
813 1891 878 1922 etsi

178 1946 299 1972 contra
326 1941 485 1972 Servius:
521 1941 785 1973 celebrabantur
821 1952 877 1972 au-

178 1996 246 2022 tem
277 1992 396 2022 lunaria
424 1994 476 2023 14.
501 1993 578 2023 Kal.
611 1992 759 2023 Sextiles
788 1992 878 2023 intra

178 2041 327 2072 Tiberim
354 2047 390 2073 et
417 2042 504 2073 viam
539 2043 716 2082 Salariam,
745 2053 820 2085 quae
859 2053 877 2074 a

182 2098 280 2133 porta
299 2094 420 2125 Collina
438 2094 470 2124 in
486 2094 629 2125 Sabinos
646 2094 764 2126 mittit.
781 2095 876 2127 Idem.

223 2142 230 2163 ¹
252 2144 384 2175 Lucaris
403 2144 549 2185 pecunia]
589 2145 678 2176 Vide
721 2145 730 2162 ‘
744 2145 879 2177 Lucar!

182 2193 278 2225 Idem.

224 2249 245 2265 ¹¹¹
269 2245 512 2286 Lucemfocere]
537 2246 605 2279 Qui
627 2255 697 2277 mos
714 2251 792 2277 ante
810 2247 879 2278 bel-

181 2294 248 2325 lum
275 2296 460 2335 Trojanum
487 2296 598 2327 fuerat
622 2302 740 2337 aperto
765 2298 880 2338 capite

182 2345 407 2386 sacrificandi,
431 2347 457 2377 is
474 2352 551 2387 post
565 2347 680 2378 AEneae
696 2348 728 2378 in
745 2348 881 2378 Italiam

182 2398 363 2428 adventum
391 2397 567 2432 obsolevit,
594 2398 684 2438 quod
723 2408 798 2429 cum
824 2399 882 2429 ille

182 2448 310 2478 Veneri
334 2457 404 2478 rem
435 2448 581 2478 divinam
611 2445 754 2488 faceret,
777 2454 882 2489 caput

183 2499 332 2537 operuit,
357 2509 398 2529 ne
415 2498 458 2529 ab
472 2499 595 2539 Ulysse
612 2499 764 2539 cognitus
780 2500 880 2530 sacri-

183 2548 296 2579 ficium
326 2548 573 2588 interrumpere
602 2553 794 2589 cogeretur.
840 2550 881 2581 Id

184 2598 298 2630 Italici
329 2604 447 2640 postea
477 2603 630 2638 tenuere,
657 2599 719 2630 soli
750 2604 880 2631 tantum

187 2649 332 2681 Saturno
350 2650 489 2690 antiquo
505 2659 597 2680 more
623 2650 737 2690 capite
761 2655 880 2690 aperto

188 2708 283 2730 sacra
298 2699 476 2740 facientes,
491 2700 569 2741 quia
586 2700 674 2741 apud
702 2700 774 2740 ejus
790 2709 880 2731 aram

930 1027 1180 1068 supplicabant,
1203 1037 1279 1068 quae
1306 1027 1353 1057 illi
1384 1031 1463 1058 ante
1500 1026 1626 1057 bellurn

928 1078 1111 1117 Trojanum
1128 1077 1162 1107 in
1178 1077 1244 1107 imo
1261 1077 1348 1107 clivo
1367 1076 1561 1116 Capitolino
1578 1077 1628 1106 di-

929 1132 1007 1158 cata
1040 1125 1162 1157 fuerat.
1223 1126 1313 1156 Vide
1350 1126 1550 1157 ‘Saturnia’
1592 1131 1629 1157 et

927 1177 1109 1208 ‘Saturnio
1137 1176 1338 1207 sacrificium
1365 1175 1428 1208 fit.’
1478 1176 1631 1217 Scaliger

929 1229 1062 1259 ‘lucem
1085 1227 1201 1258 facere
1217 1227 1377 1258 Saturno'
1402 1227 1477 1257 ideo
1502 1227 1629 1258 dictum

931 1284 1042 1320 putat,
1066 1278 1154 1320 quod
1183 1279 1288 1309 cereis
1317 1279 1469 1309 accensis
1490 1278 1537 1308 illi
1557 1288 1631 1318 pre-

931 1340 987 1361 ces
1003 1330 1278 1370 conciperentur,
1295 1335 1505 1371 quapropter
1527 1330 1631 1361 etiam

930 1380 1162 1411 Saturnalibus
1190 1379 1317 1411 Cereos
1345 1381 1543 1421 proceribus
1559 1381 1634 1411 mit-

932 1432 1049 1462 tebant
1063 1441 1233 1473 pauperes
1250 1432 1402 1463 clientes.
1437 1431 1560 1471 Neque
1573 1430 1632 1460 Sa-

898 1516 901 1519 ,
932 1487 1030 1513 turno
1057 1487 1188 1513 tantum
1220 1482 1268 1512 ita
1295 1482 1410 1522 capite
1440 1486 1559 1521 aperto
1582 1490 1632 1511 sa-

932 1532 1095 1563 crificium
1120 1532 1236 1571 fiebat,
1265 1532 1325 1563 sed
1353 1531 1485 1563 Honori
1514 1532 1631 1569 etiam,

932 1588 1022 1614 teste
1040 1583 1238 1615 Plutarcho.
1263 1583 1345 1614 Dae.

976 1639 991 1653 ¹¹
1014 1633 1215 1674 Lucerenses]
1255 1633 1282 1663 A
1313 1633 1498 1667 Lucumone,
1530 1632 1583 1662 vel
1615 1642 1634 1662 a

935 1685 1037 1716 verbo
1054 1685 1212 1723 Etrusco,
1229 1685 1336 1715 Varro
1351 1683 1408 1714 lib.
1424 1692 1474 1714 lv.
1497 1682 1540 1713 de
1556 1683 1634 1713 Lin-

935 1745 1001 1776 gua
1018 1736 1094 1766 Lat.
1123 1745 1142 1765 a
1167 1734 1354 1774 Lucumone,
1376 1734 1429 1765 vel
1454 1733 1634 1768 Lucrelino,

934 1787 989 1818 vel
1005 1796 1023 1817 a
1039 1786 1122 1817 Luco
1139 1785 1306 1817 Asconius
1327 1785 1385 1816 lib.
1405 1794 1460 1816 111.
1496 1784 1634 1816 Verrin.

935 1839 1105 1869 Lucerum
1129 1837 1274 1869 nominis
1309 1842 1345 1868 et
1370 1836 1509 1877 originis
1533 1845 1634 1867 causa

934 1889 1067 1920 incerta
1083 1888 1180 1919 Livio
1196 1888 1253 1919 lib.
1277 1896 1302 1919 1.
1325 1887 1513 1919 Lucerenses
1535 1896 1554 1918 a
1570 1887 1636 1918 Lu-

931 1950 965 1971 co
988 1940 1074 1981 asyli
1098 1939 1254 1970 Plutarc.
1279 1939 1312 1969 in
1337 1938 1474 1970 Romul.
1513 1939 1635 1969 Festus

931 1991 985 2022 hic
1001 2000 1020 2022 a
1032 1991 1166 2030 Lucero,
1180 1988 1240 2021 sed
1254 1989 1357 2020 verbo
1374 1990 1384 2007 ‘
1396 1989 1582 2020 Lucomedi
1593 1988 1600 2001 ’
1615 1999 1636 2020 a

932 2042 1078 2073 Lucomo.
1100 2040 1189 2072 Vide
1206 2040 1308 2071 etiam
1327 2039 1430 2071 verbo
1447 2044 1455 2057 ‘
1471 2040 1634 2070 Lucumo-

932 2102 990 2124 nes
1003 2093 1024 2132 3'
1037 2092 1079 2123 de
1093 2091 1220 2123 eisdem
1238 2091 1340 2128 enim,
1357 2095 1394 2122 ut
1411 2089 1571 2129 arbitror,
1588 2089 1633 2120 lo-

935 2144 1060 2184 quitur.
1084 2142 1163 2174 Ant.
1176 2141 1264 2180 Aug.

976 2191 1178 2232 Lucerenses]
1203 2189 1345 2222 Romani
1367 2189 1511 2230 primum
1538 2189 1634 2221 trifa-

935 2246 1018 2276 riam
1049 2254 1068 2274 a
1100 2243 1242 2274 Romulo
1274 2248 1308 2273 et
1334 2241 1432 2272 Tatio
1461 2240 1635 2281 dispertiti

935 2294 1041 2326 fuere.
1087 2293 1154 2324 Alii
1193 2293 1401 2323 Ramnenses
1430 2300 1449 2322 a
1480 2291 1637 2329 Romulo,

936 2346 993 2377 alii
1006 2345 1183 2376 Tatienses
1200 2353 1219 2374 a
1234 2343 1347 2382 Tatio,
1363 2343 1510 2373 Luceres
1528 2342 1585 2372 alii
1602 2346 1638 2373 et

937 2397 1124 2427 Lucerenses
1140 2394 1192 2425 vel
1209 2403 1227 2424 a
1244 2392 1419 2423 Lucumone
1446 2392 1500 2423 vel
1526 2401 1546 2423 a
1570 2392 1635 2423 Lu-

936 2456 1016 2481 cero,
1033 2446 1085 2475 vel
1107 2454 1127 2475 a
1155 2444 1235 2474 Luco
1252 2452 1351 2483 quem
1376 2442 1488 2473 lucum
1511 2442 1636 2473 Romu-

938 2497 988 2526 lus
1005 2495 1133 2535 asylum
1150 2492 1244 2524 fecit.
1282 2491 1346 2523 Vel
1360 2503 1380 2524 a
1396 2492 1498 2524 verbo
1516 2493 1634 2523 Etrus-

938 2556 989 2577 co.
1036 2545 1121 2577 Ωιι-ιε
1147 2543 1392 2575 sententiarum
1420 2544 1566 2575 varietas
1588 2542 1637 2574 ef-

937 2596 1034 2635 fecit,
1058 2600 1095 2625 ut
1116 2604 1196 2625 vera
1220 2593 1360 2625 nominis
1387 2603 1490 2624 causa
1505 2594 1637 2624 incerta

936 2648 992 2686 sit,
1010 2651 1046 2677 ut
1073 2649 1107 2676 et
1134 2645 1216 2676 Livii
1244 2649 1348 2676 aetate
1371 2646 1474 2676 etiarn
1501 2645 1636 2676 incerta

936 2697 1014 2736 fuit,
1041 2696 1096 2737 qui
1125 2696 1182 2727 lib.
1213 2704 1238 2727 ι,
1275 2695 1481 2730 ‘Lucerum,
1514 2695 1635 2735 inquit„
