1835 2906
355 172 416 202 DE
452 171 724 202 VERBORUM
759 169 1165 200 SIGNIFICA'I'IONE
1205 173 1296 202 mu.
1331 173 1381 202 ll.

1513 163 1597 204 113

199 271 268 308 est
297 266 490 307 melioris
518 266 678 308 ominis
709 278 868 308 causa:
914 278 1104 320 namque
1137 279 1234 308 eam
1275 268 1425 308 urbem
1470 272 1597 311 antea

199 334 352 375 Graeci
371 334 618 376 incolentes
638 331 835 387 μαλοίτιον
851 333 866 357 ⁸
889 335 1186 388 appellarunt.

142 401 372 454 Benignus
391 399 403 422 f
435 402 613 456 proprie
634 402 796 443 dicitur
815 402 868 451 is,
897 402 972 456 qui
995 402 1126 443 bonis
1151 406 1194 443 et
1216 402 1362 455 dignis
1383 403 1568 457 largitur
1588 419 1596 442 :

197 473 268 509 est
288 472 434 509 autem
456 470 751 524 compositum
773 482 830 510 ex
853 471 972 511 bono
994 474 1036 511 et
1057 469 1289 523 gignendo.

142 536 296 576 Benna
311 540 327 563 g
346 536 497 589 lingua
520 537 694 578 Gallica
710 550 846 590 genus
862 537 1058 579 vehiculi
1077 539 1324 592 appellatur
1341 552 1350 578 ε
1384 539 1498 579 unde
1520 551 1597 579 vo-

193 607 348 644 cantur
368 605 675 646 conbennones
697 605 741 645 in
763 604 918 645 eadem
941 605 1082 646 benna
1104 605 1326 646 sedentes.

142 668 263 710 Besh
296 671 575 724 appellatum
605 679 690 721 est,
723 672 841 726 quod
871 672 940 712 bis
973 672 1104 713 triens
1136 673 1210 722 sit,
1248 672 1453 726 quamvis
1488 672 1598 712 dura

197 738 462 790 compositio
486 737 597 779 fiat9
628 739 772 779 bessis
804 751 863 779 ex
896 740 1073 780 triente:
1120 740 1268 780 bessis
1312 740 1457 780 unciae
1494 744 1598 780 octo

196 808 310 855 sunt,
325 805 496 846 trientis
515 811 548 829 ¹0
570 810 773 859 quatuor.

751 915 868 928 oooooo

872 914 987 927 eeeeee

182 1004 202 1032 8
236 1000 304 1031 Alii
333 1001 607 1039 μαλεβεντόν.-9
630 1006 639 1020 ⁴
658 1003 806 1034 Videtur
833 1003 1065 1042 scribendum,
1092 1004 1271 1044 compositio
1293 1004 1350 1042 sit,
1375 1003 1499 1034 deletis
1528 1012 1601 1033 ver·

139 1043 215 1074 bis:
247 1043 344 1074 bessis
370 1054 410 1075 ex
437 1046 569 1076 triente:
600 1055 676 1087 quae
702 1047 861 1077 videntur
887 1045 1054 1087 adjecta!
1086 1047 1177 1078 Fulv.
1199 1046 1394 1077 Ursin.—10
1419 1047 1482 1077 Ed.
1510 1047 1598 1077 Scal.

140 1087 250 1117 triens.

795 1153 937 1185 NOTAE

137 1224 300 1256 dixerunt
326 1225 484 1266 ὑδροῦντα,
514 1226 556 1258 ab
584 1227 701 1268 ὑδροῦς,
728 1233 764 1259 ut
788 1233 840 1260 est

137 1274 226 1313 apud
242 1275 461 1315 Stephanum.
492 1276 558 1307 Sed
577 1278 624 1308 sic
638 1287 774 1318 semper
797 1288 839 1309 ex

139 1322 254 1364 ὑδρόεις
283 1330 506 1358 contractum.
544 1328 643 1360 Quod
665 1328 838 1368 proprium

139 1378 190 1405 est
208 1375 335 1405 Dorum
351 1375 533 1412 idiomatis,
544 1387 563 1407 a
575 1377 697 1418 quibus
712 1378 839 1409 Taren-

137 1423 214 1464 tini,
226 1429 262 1456 et
275 1435 395 1466 magna
407 1436 483 1466 pars
499 1427 655 1459 Graeciae.
680 1429 737 1459 Sic
751 1429 841 1460 enim

137 1479 174 1506 et
189 1476 322 1513 τιμᾶντα
338 1481 373 1507 et
390 1476 558 1518 αἰγλᾶντα,
574 1488 635 1519 pro
659 1477 842 1521 αἰγλήεντα,

138 1525 300 1564 τιμήεντα.
325 1527 395 1558 Jos.
412 1527 498 1559 Scal.

180 1575 411 1616 Beneventum]
443 1576 666 1618 Pelignorum
691 1578 723 1610 in
747 1580 841 1611 Sam-

138 1627 266 1658 nitibus
281 1626 456 1668 oppidum.
485 1628 590 1660 Putat
603 1630 758 1671 Scaliger
773 1632 841 1662 Ve-

138 1682 230 1708 teres
245 1678 336 1717 prius
354 1677 481 1709 dixisse
498 1679 679 1719 Μαλόεντα,
695 1686 732 1712 ut
749 1680 841 1713 Σιπό-

138 1739 213 1758 εντα
231 1728 426 1769 Sipuntum‚
449 1729 617 1770 Ὀπόεντα,
637 1732 816 1772 Opuntum
831 1743 840 1771 ;

140 1780 190 1809 sic
208 1788 288 1819 ergo
305 1778 484 1815 Μαλόεντα,
501 1781 705 1821 Maluntum,
718 1788 753 1813 et
766 1783 841 1814 Ma-

140 1830 304 1868 luentum,
341 1830 433 1869 prius
471 1830 640 1871 siquidem
681 1832 843 1864 dixerunt

139 1879 358 1919 Sipuentum,
379 1880 589 1920 Opuentum‚
613 1883 841 1915 Maluentum.

140 1927 241 1958 Unde
269 1929 518 1969 Malebentum,
545 1931 633 1971 quod
665 1931 700 1962 in
730 1933 843 1964 Bene·

140 1982 277 2008 ventum
292 1983 411 2018 postea
425 1979 545 2010 ominis
557 1990 659 2011 causa
676 1985 841 2013 mutatum

139 2033 204 2060 est.
239 2029 328 2059 Nam
353 2028 531 2060 ridiculum
551 2035 604 2061 est
628 2031 666 2061 τὸ
683 2031 844 2070 μαλοίτιον

139 2077 182 2108 de
192 2088 258 2119 quo
272 2078 325 2109 hic
338 2079 480 2110 Festus:
506 2080 565 2110 sed
577 2080 722 2112 fortasse
735 2083 839 2124 scrip-

141 2134 234 2159 serat
253 2128 438 2167 μαλόεντον.
471 2130 652 2163 Μαλόεντος
667 2142 686 2163 a
701 2132 840 2172 μαλόεις,

141 2188 218 2219 quae
236 2179 365 2211 AEolica
388 2190 451 2211 vox
480 2187 531 2212 est
558 2181 618 2212 ἀπὸ
638 2184 701 2214 τῶν
722 2182 840 2222 μάλων,

138 2228 203 2260 hoc
230 2235 292 2266 est,
314 2230 433 2271 μήλων,
456 2232 498 2262 ab
514 2233 643 2263 ovibus.
680 2234 841 2273 Apuliam

141 2278 229 2309 enim
243 2279 362 2311 ovibus
376 2286 409 2311 et
425 2282 498 2312 lana
510 2282 656 2313 nobilem
670 2293 840 2326 esse‚quae

142 2327 282 2368 Appula
307 2329 499 2367 dicebatur,
531 2333 612 2363 satis
637 2339 752 2365 notum
779 2340 840 2366 est.

141 2377 234 2407 Hinc
253 2377 388 2409 Μαλόεις
405 2379 482 2410 urbs
499 2381 555 2410 illa
573 2391 673 2421 quam
691 2383 735 2414 ibi
762 2393 842 2415 con-

142 2426 230 2458 didit
241 2428 440 2464 Diomedes,
453 2429 469 2458 ὃ
483 2429 695 2470 Μαλόεις,τοῦ
703 2433 845 2465 Μαλόεν-

142 2489 207 2509 τος.
232 2479 335 2509 AEtoli
350 2488 429 2510 vero
443 2488 533 2511 more
546 2490 606 2512 suo
623 2482 639 2512 ὃ
651 2483 844 2526 Μαλόεντος,

142 2529 199 2558 τοῦ
212 2529 405 2561 Μαλοέντου.
436 2530 524 2561 Nam
541 2540 582 2562 ex
600 2533 750 2571 genitivo
766 2545 845 2567 casu

144 2579 285 2610 aliorum
310 2590 406 2611 suum
443 2582 637 2613 nominandi
661 2583 844 2628 faciebant,

146 2632 184 2659 ut
197 2629 212 2659 ὁ
230 2629 392 2670 μάρτυρος,
417 2632 473 2661 τοῦ
484 2632 647 2673 μαρτύρου,
666 2635 682 2664 ὃ
697 2633 846 2675 μάκαρος,

147 2681 202 2710 τοῦ
218 2680 365 2721 μακάρου.
389 2682 486 2713 Salm.
504 2684 537 2713 in
554 2683 655 2714 Solin.

191 2730 203 2750 f
223 2732 403 2773 Benignus]
430 2733 585 2765 Ridicule
615 2736 746 2767 Festus¹
783 2736 845 2766 Be·

235 2784 349 2823 Delple.
365 2790 394 2816 el
411 2787 484 2818 Var.
500 2788 587 2820 ctas.

895 1228 1011 1267 nigrius
1023 1238 1039 1259 a
1054 1228 1161 1264 benus,
1178 1232 1216 1259 ut
1240 1227 1401 1258 dicebant
1419 1236 1479 1267 pro
1496 1226 1599 1258 bonus;

895 1280 942 1310 Ut
959 1278 1096 1319 Apello,
1114 1279 1250 1319 Apollo.
1273 1279 1402 1314 Benus,
1419 1277 1600 1318 benignus,

895 1335 932 1361 ut
956 1330 1079 1370 malus,
1094 1329 1270 1370 malignus.
1316 1328 1502 1368 Benignus,
1520 1328 1600 1358 libe-

895 1381 990 1415 ralis,
1011 1385 1046 1410 et
1063 1381 1198 1420 largus;
1223 1380 1403 1420 malignus,
1427 1378 1601 1410 illiberalis

896 1437 932 1463 et
949 1442 1083 1472 parcus.
1108 1432 1191 1462 Duc.

935 1487 950 1509 g
982 1480 1107 1520 Benna]
1133 1481 1185 1512 De
1223 1480 1286 1511 hoc
1323 1479 1418 1511 alibi.
1463 1479 1603 1510 Glossa-

897 1532 1008 1563 rium:
1047 1533 1056 1551 ‘
1088 1532 1269 1572 Benarius,
1302 1529 1505 1571 σκηνάρχης.’
1532 1531 1602 1561 Jos.

897 1583 980 1614 Scal.

939 1632 1067 1671 Benna]
1098 1632 1175 1662 Vox
1199 1631 1353 1671 Belgica,
1391 1630 1501 1669 banne,
1526 1640 1601 1671 quae

897 1682 1034 1714 corbem
1053 1681 1222 1721 significat
1244 1687 1280 1712 et
1296 1679 1489 1711 vehiculum
1507 1680 1603 1711 vimi-

896 1741 996 1762 neum
1023 1731 1224 1772 quadratum
1249 1731 1380 1761 duabus
1404 1731 1486 1761 rotis
1507 1731 1600 1761 volu-

897 1782 978 1813 bile.
1025 1783 1116 1815 Quin
1135 1787 1170 1813 et
1186 1782 1274 1822 apud
1300 1791 1355 1812 eos
1376 1781 1477 1812 hodie
1494 1791 1600 1821 genus

898 1834 986 1865 carri
1004 1834 1157 1874 itemque
1174 1833 1264 1874 apud
1283 1833 1462 1864 Helvetios
1477 1833 1602 1863 einben·

896 1894 934 1914 ‘ne
962 1888 1116 1915 vocatur.
1163 1883 1193 1914 A
1226 1884 1335 1919 benna,
1372 1883 1602 1914 combennones.

898 1934 943 1965 Et
960 1934 993 1964 in
1011 1934 1138 1964 Lexico
1153 1933 1432 1974 Latino-Graeco,
1444 1933 1601 1965 comben-

896 1985 961 2020 nit,
977 1982 1196 2022 συνβαστάζει.
1218 1984 1299 2015 Dae.

940 2033 955 2054 ¹¹
978 2034 1059 2074 Bes]
1084 2033 1210 2075 Inepta
1234 2034 1463 2076 Etymologia,
1479 2039 1514 2065 et
1531 2043 1600 2064 mo-

895 2094 981 2115 rosa.
1025 2084 1127 2115 Prius
1151 2085 1218 2115 Des
1240 2083 1432 2121 dicebatur,
1457 2088 1494 2114 ut
1519 2084 1601 2114 duo-

895 2144 970 2174 nus,
986 2135 1116 2173 bonus;
1141 2135 1286 2171 duellus,
1305 2135 1423 2166 bellus.
1468 2134 1602 2166 Auctor

897 2185 1016 2216 Varro.
1065 2185 1111 2215 As
1134 2185 1180 2216 ita
1204 2185 1236 2215 in
1262 2191 1376 2226 partes
1401 2195 1477 2215 suas
1506 2194 1601 2215 seca-

896 2240 963 2270 tur,
977 2235 1030 2266 vel
1045 2235 1219 2274 tribuitur,
1232 2240 1271 2266 ut
1288 2235 1330 2265 ab
1348 2235 1446 2266 uncia
1464 2234 1504 2265 ad
1521 2239 1601 2266 octo

895 2284 957 2317 fiat
983 2286 1130 2325 partium
1158 2285 1426 2324 incrementum3
1452 2285 1493 2315 ab
1522 2289 1600 2316 octo

897 2335 939 2366 ad
969 2335 1148 2367 duodecim
1179 2335 1238 2366 fiat
1269 2335 1469 2366 deminutio.
1515 2335 1600 2366 Cum

897 2396 980 2426 ergo
995 2387 1037 2416 ad
1054 2391 1131 2417 octo
1155 2390 1357 2426 perventum
1380 2390 1444 2424 est,
1461 2390 1541 2417 tunc
1558 2386 1601 2417 de

899 2446 973 2467 asse
1004 2436 1264 2467 deminuendum
1295 2437 1330 2468 in
1361 2438 1492 2469 ratione
1524 2448 1601 2478 par-

900 2487 981 2517 tium
1012 2486 1169 2517 ineunda.
1217 2487 1293 2519 Non
1319 2487 1419 2527 enim,
1447 2493 1484 2519 ut
1509 2493 1601 2528 ante,

901 2536 1083 2578 quadrans,
1107 2537 1224 2573 triens,
1242 2538 1341 2569 semis
1365 2538 1505 2574 dicitur,
1523 2549 1599 2579 quae

900 2586 1071 2617 unciarum
1085 2586 1275 2628 adjectione
1288 2588 1533 2620 incrementum
1547 2599 1601 2620 ca-

900 2637 996 2677 piunt
1013 2648 1019 2667 :
1044 2637 1102 2668 sed
1115 2637 1210 2669 deest
1223 2639 1439 2679 uncia‚deest
1449 2644 1600 2680 sextans,

900 2687 995 2717 deest
1013 2688 1205 2727 quadrans:
1231 2689 1263 2720 id
1289 2694 1353 2725 est,
1369 2689 1494 2728 deunx,
1519 2690 1600 2720 dex·

903 2741 988 2773 tauS,
1005 2737 1162 2770 dodrans.
1209 2740 1301 2779 Ergo
1319 2739 1358 2770 ab
1374 2743 1451 2770 octo
1468 2740 1508 2769 dc
1527 2749 1599 2769 asse

770 2790 878 2830 Pompf
898 2791 983 2822 Fesl.
1481 2792 1511 2822 H
