1835 2906
222 139 279 181 66

666 149 813 181 SEXTI
846 150 1046 180 POMPEII
1081 150 1216 180 FEST!

224 243 534 286 Ambarvalesr
551 244 705 286 hostiae
727 244 1075 299 appellabantur,
1093 257 1190 297 quae
1212 257 1292 297 pro
1309 245 1424 286 arvis
1437 258 1462 286 a
1483 245 1656 287 duobus

277 310 485 352 fratribus
501 310 533 336 ¹⁶
563 311 933 353 sacrificabantur.

824 427 957 441 eeeeee

268 509 307 538 16
324 505 379 538 Al.
392 506 594 546 acsrugibus.
638 506 716 538 vid.
733 506 814 538 Not.
837 505 899 536 inf.

991 310 1274 352 Ambarvalis
1290 311 1438 353 hostia
1456 318 1539 363 est,
1555 326 1651 366 quae

961 427 1054 438 ooooo

868 601 1008 633 NOTAE

218 677 252 708 in
292 677 549 709 Commentariis
583 678 726 709 Caesaris
763 678 906 718 legerat.

221 729 342 768 Neque
359 727 475 759 dubito
500 729 578 769 quin
596 729 643 759 ita
659 738 711 759 res
735 728 907 759 acciderit.

219 779 309 809 Nam
326 778 381 808 alii
402 779 499 818 longe
516 778 673 809 Ambacti
692 779 779 819 apud
799 779 909 809 Caesa-

219 837 303 866 rem,
320 828 375 868 qui
400 838 464 858 non
489 828 575 858 servi
599 833 718 860 erant:
741 829 824 859 alius
842 839 910 859 am-

217 876 338 908 bactus
369 877 458 917 apud
488 878 644 912 Ennium,
675 887 749 908 cum
777 887 909 909 servum

217 925 406 966 significet:
424 926 503 956 illud
518 927 686 958 Gallicum
701 927 909 966 vocabulum,

216 976 280 1007 hoc
300 976 396 1016 plane
412 976 581 1007 Latinum.
627 977 716 1007 Huic
736 977 907 1017 conjectu-

217 1036 264 1056 rae
292 1025 391 1057 fidem
414 1025 499 1058 facit
522 1026 726 1058 Glossarium
744 1026 824 1057 illud
841 1036 906 1058 non

216 1076 299 1107 satis
323 1077 509 1116 laudatum,
532 1080 566 1107 et
589 1076 676 1117 quod
701 1077 907 1116 magistello-

217 1135 292 1157 rum
322 1127 472 1157 manibus
509 1126 575 1157 teri
604 1136 671 1157 non
701 1127 817 1165 debet,
847 1127 906 1158 sed

217 1179 347 1206 tantum
376 1186 395 1206 a
422 1175 626 1206 doctioribus
658 1183 757 1207 nocte
787 1181 821 1207 et
852 1177 906 1207 die

216 1225 357 1256 versari.
401 1225 441 1256 In
459 1235 498 1256 eo
515 1226 620 1265 igitur
636 1227 780 1266 legitur:
806 1231 814 1244 ¹
828 1226 904 1257 Am-

216 1274 346 1315 bacum,
374 1277 481 1306 δοῦλος
511 1276 670 1317 μισθωτὸς,
701 1277 739 1307 ὡς
768 1277 907 1308 ”Εννιος.’

215 1324 271 1356 An
294 1335 357 1356 uon
383 1326 463 1357 satis
485 1327 584 1366 plane
606 1326 745 1357 innuere
763 1327 906 1362 videtur,

214 1375 303 1416 quod
331 1375 372 1406 de
400 1377 498 1407 Pauli
524 1375 665 1407 audacia
691 1377 821 1407 odorati
849 1387 903 1407 su-

214 1425 310 1456 mus?
356 1424 401 1456 At
428 1426 556 1457 Ennius
587 1426 720 1456 videtur
737 1427 778 1457 de
806 1435 903 1457 servo

215 1474 370 1506 ambacto
400 1477 541 1516 loquens
568 1477 819 1516 comparatione
846 1477 904 1506 ali-

214 1534 281 1564 qua
310 1529 367 1554 aut
399 1525 614 1556 similitudine
641 1525 765 1556 dixisse
793 1527 905 1557 nescio

214 1573 292 1614 quid
320 1576 400 1614 tale,
425 1580 462 1606 ut
483 1575 571 1615 apud
595 1576 786 1616 Tbeoguiu:
811 1576 853 1614 μή
869 1587 905 1607 σε

212 1623 332 1658 βιάσθω
347 1625 482 1664 Γαστὴρ,
497 1625 576 1656 ὥστε
592 1625 685 1656 κακὸν
706 1625 816 1665 λάτριν
831 1627 905 1665 ἐφη-

212 1672 321 1713 μέριον.
367 1675 454 1705 Nam
478 1675 519 1706 de
543 1684 581 1706 eo
601 1676 766 1715 Theognis
789 1677 904 1715 sentit,

213 1724 270 1763 qui
299 1725 450 1764 quotidie
479 1725 570 1756 locat
598 1735 719 1766 operas
749 1735 844 1755 suas:
868 1731 905 1756 ut

214 1775 342 1805 Ennius
369 1785 501 1816 quoque
529 1776 571 1806 de
603 1786 653 1815 eo,
684 1777 777 1816 cujus
806 1777 904 1807 herus

214 1824 365 1863 quotidie
386 1826 574 1856 collocabat
597 1835 730 1865 operm,
755 1832 789 1856 et
805 1836 847 1857 ex
864 1836 905 1857 eo

213 1881 282 1903 rem
314 1874 499 1914 quaerebat.
559 1875 666 1905 Porro
697 1885 760 1905 non
793 1876 904 1915 placet

212 1922 339 1954 referre
356 1925 396 1954 ad
415 1925 709 1956 manumissionum
724 1931 903 1963 morem,et

212 1973 397 2012 vertigines
428 1974 512 2010 illas,
546 1975 665 2014 quibus
695 1975 904 2006 liberabatur

212 2032 340 2058 servus,
358 2033 430 2053 cum
449 2029 561 2054 tamen
579 2024 611 2054 id
636 2025 771 2054 summis
788 2025 818 2054 in
835 2035 903 2055 om-

213 2072 246 2103 ni
277 2072 439 2104 doctriuae
470 2083 594 2113 genere
623 2073 700 2104 viris
735 2074 903 2113 placuisse

213 2123 358 2163 videam,
387 2132 512 2164 eosque
538 2124 572 2154 in
603 2133 644 2154 ea
667 2124 788 2154 haeresi
817 2134 902 2156 esse.

215 2174 293 2204 Non
309 2183 440 2213 possum
455 2183 519 2204 non
534 2173 657 2213 ridere,
670 2174 758 2214 quod
774 2173 903 2214 Agyrta

213 2223 358 2263 quidam,
369 2225 464 2254 homo
476 2224 614 2264 insignis
627 2224 789 2263 audaciae,
801 2230 902 2265 atque

213 2273 444 2312 impudentiae,
472 2274 607 2314 scripsit
634 2280 751 2305 contra
777 2276 903 2306 Turne-

213 2322 290 2352 bum
305 2324 477 2362 superbae
489 2323 812 2355 voce‘Ambactus.'
836 2326 903 2356 Sed

214 2376 252 2401 ut
275 2372 346 2411 ejus
363 2382 476 2403 omnes
498 2374 572 2404 libri
593 2374 672 2404 nihil
690 2374 778 2405 aliud
803 2385 903 2416 quam

212 2421 539 2461 impudentissimam
554 2425 601 2453 sui
617 2423 772 2455 fiduciam
785 2425 904 2464 praefe-

214 2471 450 2509 runt‚itahanc
462 2473 530 2512 ejus
542 2473 583 2504 de
596 2473 655 2504 hac
669 2484 703 2505 re
714 2475 903 2514 opinionem

213 2526 252 2551 nt
268 2521 586 2560 impudentissimam
605 2529 638 2553 et
661 2525 902 2564 ineptissimam

215 2570 344 2610 rejicio.
363 2572 542 2612 Nunquam
557 2573 621 2613 legi
636 2574 776 2613 majores
789 2583 903 2614 nugas,

214 2630 380 2661 nunquam
418 2621 628 2661 insigniorem
675 2626 900 2655 temeritatem

215 2670 295 2710 vidi,
313 2680 421 2712 neque
439 2672 563 2711 audivi,
580 2677 613 2703 ut
632 2673 686 2713 qui
709 2683 821 2705 omues
840 2675 899 2706 lin·

965 686 1048 716 guas
1071 686 1090 707 a
1117 687 1178 708 sua
1203 675 1348 707 barbara
1371 675 1539 708 deducere
1564 678 1655 717 velit,

965 727 1060 762 adeo,
1094 732 1130 758 ut
1160 727 1266 767 ipsam
1286 726 1485 758 Hebraicam
1509 727 1655 767 linguam

965 779 1185 817 posteriorem
1218 778 1388 809 Cimbrica
1417 783 1564 808 asserat:
1601 778 1655 809 ubi

966 827 1067 858 etiarn
1084 828 1266 858 circulator
1282 828 1410 858 Mosem
1428 828 1656 867 reprehendit,

963 877 1052 916 quod
1081 878 1216 908 nomina
1242 877 1378 917 propria
1406 883 1557 908 veterum
1583 878 1654 908 illo-

964 936 1034 956 rum
1052 932 1185 967 patrum
1202 936 1220 957 a
1236 928 1403 967 gentilitia
1420 937 1478 958 sua
1494 927 1658 962 Hebraea,

965 984 1028 1005 nou
1047 986 1066 1006 a
1084 976 1265 1016 Cimbrica,
1284 976 1444 1008 deducat.
1489 977 1578 1017 Ergo
1595 978 1656 1008 mi-

964 1035 1056 1056 seros
1079 1026 1153 1057 illos
1176 1031 1306 1057 veteres
1324 1027 1500 1065 Hebraeos,
1517 1028 1573 1068 qui
1589 1037 1655 1058 non

964 1076 1094 1107 Batave
1122 1076 1260 1108 scierint
1287 1077 1396 1117 loqui:
1422 1082 1457 1107 et
1484 1076 1654 1116 feliciores

963 1127 1060 1167 longe
1072 1126 1217 1165 futuros,
1227 1127 1253 1157 si
1267 1126 1653 1168 Antuerpienses,quam

961 1176 986 1206 si
1002 1177 1089 1217 Syri,
1105 1177 1175 1208 sive
1193 1177 1369 1208 Palaestini
1386 1177 1539 1207 fuissent.
1561 1178 1656 1208 Talia

959 1227 1087 1258 infinita
1110 1228 1236 1259 habent
1256 1228 1474 1267 ineptissimae
1492 1228 1558 1258 illae
1576 1228 1655 1259 Ori·

960 1278 1067 1317 gines,
1092 1282 1127 1308 et
1150 1282 1260 1308 tamen
1284 1288 1346 1308 nou
1369 1278 1505 1316 desunt,
1523 1278 1576 1318 qui
1594 1278 1652 1309 ad-

961 1327 1136 1359 mirentur.
1174 1327 1221 1358 At
1237 1327 1278 1358 de
1293 1327 1504 1368 ineptissimo
1521 1327 1653 1357 homine

961 1378 1056 1417 plura
1070 1378 1164 1416 alias,
1176 1378 1231 1409 ubi
1245 1378 1308 1408 erit
1324 1379 1427 1408 locus.
1462 1377 1537 1409 Hoc
1551 1388 1652 1408 unum

958 1427 1127 1467 adjiciam,
1146 1428 1179 1458 in
1196 1433 1292 1458 tanta
1309 1429 1394 1458 mole
1419 1428 1494 1458 libri
1522 1429 1574 1458 vix
1599 1438 1652 1459 me

963 1478 1144 1517 reperisse,
1159 1477 1246 1518 quod
1265 1487 1378 1508 verum
1396 1482 1506 1508 esset:
1523 1483 1559 1508 et
1571 1477 1654 1508 licet

963 1527 1087 1567 aliquid
1108 1528 1175 1557 veri
1195 1528 1354 1566 invenias,
1371 1533 1480 1558 tamen
1503 1528 1536 1558 id
1563 1529 1650 1568 ejus-

962 1578 1051 1608 modi
1069 1582 1134 1616 est,
1149 1583 1184 1608 ut
1202 1579 1234 1608 in
1251 1587 1291 1608 ea
1315 1578 1388 1609 alea
1412 1578 1523 1608 dicere
1548 1578 1652 1617 possis

962 1637 1049 1666 eum,
1078 1629 1257 1669 aliquando
1292 1633 1330 1659 ut
1360 1628 1485 1667 vincat,
1520 1628 1652 1659 assidue

962 1678 1117 1717 perdere.
1140 1679 1208 1709 Jos.
1226 1678 1308 1711 scal.

1000 1726 1183 1766 Ambuctus]
1202 1728 1269 1758 Cur
1284 1728 1292 1743 ‘
1307 1728 1418 1767 lingua
1438 1726 1586 1758 Gallica’
1601 1727 1651 1757 di·

960 1785 1029 1812 cat,
1045 1777 1182 1817 ignoro:
1207 1781 1244 1807 ut
1261 1777 1348 1807 enim
1365 1786 1467 1816 supra
1489 1777 1650 1816 scriptum

959 1831 1020 1865 est,
1043 1827 1076 1857 id
1102 1833 1194 1858 recte
1213 1827 1331 1857 Latine
1355 1826 1499 1857 dicitur:
1525 1832 1558 1856 et
1581 1836 1651 1857 mos

962 1876 1131 1906 Romanus
1149 1876 1370 1914 significatur.
1394 1876 1471 1906 Ant.
1488 1878 1571 1914 Aug.

1003 1926 1185 1965 Ambactus]
1203 1926 1342 1965 Optime
1358 1927 1485 1957 notavit
1497 1927 1651 1964 Scaliger

962 1975 1099 2005 Festum
1116 1975 1290 2014 scripsisse
1308 1975 1474 2005 Ambaceus
1487 1976 1567 2013 apud
1584 1976 1649 2005 En-

957 2024 1041 2054 nium
1063 2034 1166 2054 servus
1187 2025 1312 2054 dicitur.
1358 2024 1485 2054 Probat
1513 2024 1649 2055 Glossa-

958 2074 1040 2103 rium
1059 2074 1137 2104 illud
1157 2084 1219 2103 uon
1238 2075 1318 2104 satis
1334 2075 1518 2113 laudatum,
1531 2074 1584 2104 ubi
1603 2075 1648 2104 le-

958 2124 1069 2163 gitur:
1098 2124 1266 2162 ambactus,
1289 2125 1396 2154 δοῦλος
1418 2123 1580 2162 μισθωτὸς,
1608 2125 1647 2156 ὡς

951 2173 1080 2211 Ἔννιος,
1094 2174 1114 2205 i.
1127 2176 1135 2190 ‘
1151 2174 1346 2211 Ambactus,
1365 2183 1481 2204 servus
1499 2175 1648 2204 conduc-

959 2223 1064 2262 titius,
1080 2228 1115 2253 ut
1131 2224 1178 2253 ait
1192 2222 1341 2253 Ennius)
1356 2223 1481 2253 Paulus
1496 2233 1574 2254 vero
1591 2234 1646 2254 vo-

957 2273 1018 2303 luit
1042 2273 1207 2303 sincerum
1233 2283 1288 2303 vas
1312 2274 1511 2313 incrustare,
1541 2279 1575 2305 et
1599 2275 1646 2305 ita

958 2323 1090 2354 Gallica
1101 2324 1215 2363 lingua
1226 2323 1411 2354 ambactum
1426 2324 1554 2355 dictum
1572 2335 1646 2356 esse

958 2374 1230 2414 scripsit,quiain
1241 2374 1489 2404 commentariis
1500 2375 1645 2406 Caesaris

958 2424 998 2454 de
1017 2424 1103 2455 bello
1128 2424 1259 2454 Gallico
1284 2424 1425 2463 legerat,
1441 2424 1644 2456 ‘Plurimum

957 2474 1081 2504 circum
1104 2483 1138 2504 se
1160 2473 1331 2504 ambactos
1356 2474 1563 2515 clientesque
1587 2476 1645 2506 ha-

957 2524 1037 2556 bet!
1061 2524 1139 2562 Sed,
1152 2529 1185 2554 ut
1198 2529 1298 2554 acute
1313 2524 1353 2554 ad
1372 2525 1551 2564 Vopiscum
1569 2525 1642 2556 Sal-

955 2574 1090 2612 masius,
1113 2584 1154 2604 ex
1172 2574 1282 2605 verbis
1299 2574 1441 2604 Caesaris
1457 2583 1522 2604 non
1539 2575 1643 2614 magis

956 2625 1056 2655 liceat
1071 2624 1230 2664 colligere
1247 2624 1411 2655 Gallicam
1429 2633 1544 2654 vocem
1567 2634 1641 2655 esse

953 2674 1105 2705 ambactos
1119 2683 1215 2715 quam
1231 2674 1367 2704 clientes.
1389 2673 1457 2704 Cur
1472 2682 1537 2704 non
1553 2674 1643 2705 enim
