1835 2906
226 131 283 172 52

670 143 816 174 SEX'rl
853 144 1048 175 ΡΟΜΡΕΙΙ
1087 144 1222 185 EESTI

226 236 453 279 AEnariam
467 235 515 266 ¹³¹
537 237 817 291 appellavere
838 238 997 290 locum,
1013 239 1091 280 ubi
1114 239 1278 281 AEneas
1302 241 1487 283 classem
1511 255 1538 284 a
1559 242 1669 283 Tro-

275 305 327 358 ja
346 305 528 346 veniens
551 306 740 359 appulit.

225 370 461 412 AEnatores
475 377 500 393 ¹¹¹
531 372 770 413 cornicines
791 372 1006 423 dicuntur,
1028 374 1073 414 id
1095 377 1175 423 est,
1195 387 1328 416 cornu
1351 381 1572 417 canentes.

224 437 492 489 AEneolum,¹¹
523 438 643 492 quod
666 451 723 479 ex
748 452 833 480 aere
855 439 956 489 fit‚¹4
985 440 1187 482 dicimus.

831 556 945 568 oooooo

949 555 1065 569 eeeeee

262 625 300 654 13
324 623 475 655 Εηανίαηι
491 622 707 655 scribendum
726 627 842 655 monet
858 624 1032 656 Dac.—14
1055 623 1109 655 Al.
1125 624 1178 656 sit.

872 721 1011 752 NOTAE

260 784 268 804 ¹
290 783 468 823 AEnuriam]
502 784 694 824 Campaniae
722 784 829 815 littori
856 785 916 815 ob-

213 835 341 875 jectam
357 836 510 875 insulam,
522 835 563 866 ab
575 836 688 866 AEneae
706 836 850 866 statione
867 836 916 867 sic

217 884 355 916 dictam.
404 885 495 916 Plin.
522 884 531 901 ‘
548 884 682 915 AEnaria
712 885 754 915 ab
771 884 916 915 statione

218 934 353 965 navium
367 934 492 973 AEneae,
503 934 665 965 Homero.
683 934 829 965 Inarime
843 934 913 965 dic-

216 989 263 1021 ta,
279 984 410 1016 Graecis
428 985 618 1023 Pithecusa,
635 994 699 1015 non
712 995 730 1015 a
745 985 914 1016 simiarum

215 1034 444 1069 multitudine,
476 1038 512 1065 ut
537 1034 641 1074 aliqui
666 1034 914 1071 existimavere,

216 1083 274 1114 sed
292 1093 311 1114 a
328 1083 449 1124 figlinis
467 1083 708 1115 donariorum:
749 1085 817 1116 Sed
841 1085 913 1116 haec

215 1133 440 1174 perabsurda;
478 1143 587 1175 neque
618 1135 708 1165 enim
743 1135 911 1166 Homerus

215 1183 375 1215 Inarimen
405 1184 502 1223 dixit,
540 1184 620 1215 licet
655 1184 704 1215 ita
742 1185 913 1224 Virgilius,

215 1233 370 1273 Ovidius,
385 1238 419 1264 et
435 1233 491 1264 alii
509 1233 632 1274 quique
643 1233 819 1265 inferiores
834 1234 910 1274 poi-:²-

214 1287 272 1322 tae,
289 1284 346 1314 sed
362 1283 539 1324 disjunctis
558 1283 695 1315 vocibus
712 1283 755 1314 εἶν
769 1283 911 1324 Ἀρίμοις,

211 1334 246 1365 in
261 1334 397 1365 Arimis.
431 1335 474 1365 Et
491 1334 532 1364 ab
545 1334 653 1365 AEnea
664 1344 728 1365 non
739 1334 911 1366 diceretur

211 1385 346 1415 AEnaria
370 1384 428 1416 sed
452 1385 612 1420 AEneariu,
637 1385 707 1415 sive
725 1384 838 1424 potius
853 1386 909 1416 AE-

209 1436 291 1472 neia,
314 1440 349 1466 et
369 1445 389 1465 a
404 1435 503 1467 doliis
520 1435 664 1465 Pithusa.
709 1435 755 1465 At
773 1445 791 1465 a
808 1435 910 1466 simiis

210 1489 264 1515 est
280 1485 461 1523 Pithecusa,
484 1489 522 1515 ut
543 1485 577 1515 in
595 1483 712 1515 Africa
727 1485 909 1524 Pithecusa,

211 1534 252 1564 de
277 1534 399 1575 quibus
426 1535 566 1565 Diodor.
591 1534 646 1566 lib.
663 1543 704 1566 ιι.
749 1535 805 1564 Sic
821 1535 908 1566 lianc

210 1583 425 1615 Pithecusam
463 1584 601 1615 insulam
639 1584 707 1614 dici
741 1584 857 1615 volunt
889 1594 909 1615 a

209 1632 417 1673 Cercopibus
443 1634 475 1664 in
503 1634 614 1665 simias
634 1643 653 1664 a
668 1633 754 1665 Jove
771 1634 907 1665 mutatis

208 1687 243 1714 et
280 1684 443 1725 deinceps
481 1684 538 1715 illo
576 1684 757 1715 translatis.
820 1684 907 1715 Vide

207 1733 216 1749 ‘
230 1732 404 1773 Cercopa.’
429 1734 517 1767 Quin
534 1738 569 1764 et
584 1734 737 1773 AEnarz'ae,
755 1735 806 1765 vel
823 1735 906 1765 Ena-

206 1783 265 1813 rice
290 1785 410 1823 potius,
435 1793 553 1815 nomen
577 1785 695 1815 eodem
711 1784 816 1816 refert
832 1786 907 1816 Ser·

208 1834 280 1863 vius
307 1834 364 1864 lib.
388 1842 440 1864 rx.
466 1833 598 1864 AEneid.
623 1834 793 1864 ‘Inarime
816 1844 905 1866 nunc

206 1881 331 1912 Enaria
356 1882 567 1918 dicitur,...et
596 1883 673 1923 qnia
699 1883 733 1913 in
759 1893 833 1914 eam
861 1883 903 1914 ad

206 1934 447 1964 contumeliam
469 1933 572 1963 simiae
590 1933 698 1963 missae
716 1937 804 1973 sunt,
822 1943 903 1973 quas

207 1983 386 2014 Graiorum
413 1984 527 2023 lingua
552 1983 674 2023 ἇῤῥῖνας
695 1983 728 2014 id
745 1988 808 2019 est,
833 1994 902 2014 ena-

203 2042 264 2070 res,
282 2033 413 2069 dicunt,
436 2033 478 2064 ob
504 2043 602 2074 quam
624 2043 757 2064 causam
785 2034 902 2064 Pithe-

204 2092 319 2114 cusam
345 2083 445 2114 etiam
473 2082 650 2114 vocitant.’
706 2083 840 2123 Nempe
868 2088 904 2114 ut

203 2132 313 2163 simivm
349 2132 472 2163 dicitur
510 2132 587 2173 quia
625 2132 721 2163 simus
757 2137 822 2171 est,
856 2133 904 2163 ita

203 2183 306 2213 enar-is
329 2182 407 2223 quia
443 2182 508 2212 sine
538 2181 674 2213 naribus.
724 2183 839 2213 Enaris
866 2188 902 2214 ut

202 2236 210 2250 ‘
227 2232 392 2271 elumbis,’
408 2231 598 2270 ‘elinguia'
624 2232 746 2273 Itaque
769 2232 811 2263 ab
831 2243 902 2264 ena-

203 2283 288 2312 ribus
309 2282 342 2312 id
365 2287 430 2322 est,
457 2281 574 2320 simiis,
599 2280 735 2322 Ἢναρία,
769 2283 901 2322 Enoria,

205 2332 432 2369 scribendum,
457 2330 624 2372 quomodo
646 2332 758 2371 legere
789 2337 842 2363 est
865 2333 899 2363 in

202 2383 379 2414 Plutarchi
397 2383 517 2414 Mario.
540 2383 660 2424 Neque
674 2383 738 2414 alio
751 2384 899 2423 pertinet

202 2432 339 2464 tertium
370 2431 468 2471 hujus
498 2432 614 2462 insulae
640 2441 760 2463 nomen
787 2433 897 2473 Ἅριμα

202 2482 293 2522 apud
311 2481 510 2516 Homerum,
532 2481 558 2511 si
573 2480 676 2521 ἅριμος
692 2487 743 2514 est
758 2482 895 2524 πίθηκος,

200 2531 302 2570 simia,
315 2535 351 2562 ut
368 2531 490 2561 Strabo
517 2534 552 2560 et
570 2530 720 2571 Hesych.
748 2533 897 2564 tradunt.

201 2582 249 2612 Ut
272 2585 309 2611 ut
331 2580 386 2619 sit,
411 2579 609 2611 vocabulum
625 2585 675 2612 est
691 2591 708 2612 e
727 2583 898 2614 Phoenici-

200 2630 263 2662 bus
279 2630 490 2668 translatum,
508 2639 583 2660 nam
602 2630 759 2662 Hebraeis
775 2633 896 2670 harum,

201 2682 315 2718 harem,
327 2680 378 2712 vel
387 2680 499 2721 harim,
509 2685 561 2712 est
569 2679 675 2722 simus,
685 2687 718 2713 et
730 2682 897 2715 Arabibus

969 785 1057 816 harm
1081 789 1133 816 est
1157 784 1291 826 simitas,
1319 790 1353 816 et
1372 786 1505 826 harima,
1528 786 1666 817 verbum

969 835 1088 875 primae
1107 834 1308 874 inflexionis,
1327 837 1436 866 simum
1453 846 1537 866 esse:
1554 842 1590 867 ut
1607 846 1666 877 op—

970 885 1052 915 time
1078 885 1301 916 Doctissimus
1318 886 1508 917 Bochartus
1526 887 1556 916 in
1575 886 1666 917 Geo-

969 934 1109 975 graphia
1125 945 1230 967 sacra.
1253 935 1352 966 Idem.

1010 989 1032 1004 ¹¹¹
1055 984 1235 1024 AEnatores]
1280 986 1393 1016 Rornae
1421 989 1455 1015 et
1482 984 1516 1015 in
1545 986 1665 1017 castris

968 1034 1067 1074 longe
1095 1034 1340 1065 diversissimus
1371 1035 1460 1066 tubae
1492 1040 1525 1066 et
1562 1045 1666 1067 cornu

967 1092 1057 1122 usus,
1080 1084 1130 1113 vel
1157 1089 1376 1121 aeneatorum,
1393 1093 1428 1115 et
1445 1084 1665 1116 cornicinum.

967 1133 1082 1164 Romae
1121 1138 1307 1165 aeneatores
1346 1135 1492 1166 Comitia
1521 1135 1666 1167 Tributa

966 1187 1211 1221 convocabant,
1239 1187 1425 1218 cornicines
1453 1186 1664 1218 Centuriata.

966 1235 1005 1266 In
1034 1236 1153 1266 castris
1178 1235 1219 1266 ad
1248 1235 1429 1266 tubicinem
1452 1236 1575 1266 milites
1593 1240 1665 1266 tan-

966 1289 1036 1315 tum
1047 1285 1279 1324 movebantur,
1291 1285 1331 1315 ad
1346 1285 1549 1316 cornicinem
1561 1285 1663 1316 etiam

966 1335 1074 1374 signa,
1091 1339 1217 1366 etcum
1242 1335 1273 1365 in
1296 1335 1436 1365 militem
1453 1335 1664 1365 animadver-

966 1385 1102 1416 tebatur
1115 1390 1214 1416 extra
1228 1389 1356 1425 portam
1369 1385 1607 1415 decumanam:
1626 1389 1664 1415 ut

964 1440 1000 1466 et
1017 1435 1132 1466 Romae
1148 1436 1332 1473 exercitus,
1346 1444 1404 1465 seu
1421 1434 1564 1466 Comitia
1577 1435 1661 1465 Cen-

964 1484 1088 1515 turiata
1105 1484 1392 1523 convocabantur,
1415 1494 1491 1515 cum
1508 1485 1542 1515 iu
1558 1490 1663 1525 caput

963 1534 1043 1564 civis
1071 1534 1212 1564 Romani
1240 1534 1582 1568 animadvertebatur,
1605 1535 1662 1565 de-

963 1584 1219 1624 ducebatur-que
1251 1593 1327 1615 rens
1357 1594 1417 1624 per
1444 1585 1659 1625 Exquilinam

961 1640 1113 1674 portam;
1131 1633 1217 1664 unde
1231 1634 1406 1664 classicum
1416 1634 1557 1672 dictum,
1570 1635 1659 1675 quod

961 1694 1026 1715 non
1044 1684 1106 1715 nisi
1125 1684 1248 1714 classes
1269 1689 1303 1714 et
1321 1684 1491 1714 exercitus
1511 1693 1571 1724 per
1587 1693 1660 1714 cor-

962 1744 1005 1765 nu
1023 1739 1254 1765 evocarentur.
1295 1734 1504 1765 Glossarium
1519 1744 1528 1765 2
1546 1734 1554 1750 ‘
1569 1733 1659 1765 Clas-

960 1785 1087 1823 sicarii,
1114 1782 1307 1815 σαλπισταίῖ
1351 1784 1441 1823 Ergo
1468 1787 1659 1815 aeneatores

960 1838 1060 1865 vocat
1078 1834 1278 1873 cornicines,
1297 1833 1397 1874 quod,
1416 1837 1452 1863 ut
1469 1833 1516 1864 ait
1536 1833 1659 1874 Varro,

959 1893 1000 1914 ex
1032 1893 1098 1914 aere
1126 1883 1199 1914 fieri
1228 1889 1351 1923 coepta,
1383 1893 1458 1924 qnae
1486 1888 1588 1914 antea
1614 1893 1655 1914 ex

958 1942 1062 1964 cornu
1079 1933 1245 1964 animalis.
1290 1933 1403 1964 Graeci
1421 1938 1489 1964 tam
1515 1934 1657 1965 cornici-

956 1992 1030 2023 nes,
1061 1993 1159 2023 quani
1188 1988 1376 2014 aeneatores
1407 1993 1472 2014 uno
1505 1984 1655 2024 generali

957 2035 1090 2065 nomine
1128 2039 1249 2065 vocant
1289 2033 1476 2065 σαλπιστάς.
1544 2035 1655 2065 Latini

963 2089 971 2101 ⁸
983 2083 1242 2114 buccinatores?
1257 2084 1326 2113 Jos.
1344 2082 1426 2113 Scal.

1001 2133 1181 2173 AEnatores]
1200 2134 1279 2168 Pro,
1297 2138 1506 2170 aeneatores;
1525 2131 1567 2163 ab
1584 2142 1652 2164 aere

957 2182 1043 2214 enim
1052 2182 1195 2222 aerineus,
1205 2183 1540 2222 perSyneop.aeneus‚
1551 2193 1649 2222 anus,

956 2237 991 2263 et
1005 2233 1109 2263 uenus.
1132 2233 1308 2263 AEnatores
1324 2232 1533 2267 Cornicines‚
1547 2231 1649 2272 quod,

956 2286 992 2313 ut
1019 2283 1065 2313 ait
1081 2282 1191 2312 Varro
1214 2282 1273 2312 lib.
1301 2291 1353 2313 ιν.
1382 2281 1424 2312 de
1448 2282 1484 2313 L.
1499 2282 1537 2312 L.
1574 2283 1582 2299 ‘
1599 2282 1650 2312 Ea

954 2341 1027 2372 quae
1044 2340 1132 2362 nunc
1149 2335 1227 2362 sunt
1251 2340 1292 2361 ex
1311 2341 1390 2370 aere,
1416 2336 1496 2361 tunc
1521 2330 1650 2362 fiebant

953 2390 994 2413 ex
1012 2381 1136 2412 bubulo
1154 2380 1282 2412 cornu.'
1319 2381 1443 2412 Verum
1460 2385 1537 2421 post
1553 2380 1650 2412 tuba-

951 2440 1022 2462 rum
1040 2431 1280 2469 inventionem,
1294 2431 1408 2462 Romae
1425 2435 1460 2462 et
1477 2431 1509 2461 in
1527 2431 1647 2461 castris

951 2482 1199 2512 diversissimus
1217 2485 1423 2512 aeneatornm
1449 2484 1551 2520 atque
1573 2489 1646 2510 cor-

950 2532 1097 2563 nicinum
1114 2541 1192 2562 usus
1209 2531 1285 2572 fuit,
1310 2536 1347 2563 ut
1363 2531 1488 2572 optime
1511 2531 1644 2561 notavit

950 2583 1116 2622 Scaliger.
1141 2582 1221 2612 Duc.

994 2637 1009 2653 Γ·
1023 2631 1200 2671 AEneolum]
1223 2631 1277 2662 Ab
1299 2639 1377 2665 aere,
1402 2631 1560 2669 oerz'neum,
1579 2639 1640 2671 per

951 2692 1121 2725 syncopen
1148 2691 1275 2722 oeneum,
1302 2691 1321 2712 a
1347 2690 1413 2721 quo
1442 2681 1641 2711 diminutive
