1835 2906
374 148 436 178 DE
468 147 736 180 VERBORUM
770 147 1176 181 SlGNlFlGATIONE
1209 152 1303 182 Lm.
1336 153 1443 184 le.

1543 146 1624 186 561

185 241 370 285 Pascito
388 244 609 298 linguam‘
644 245 687 284 in
713 243 944 286 sacrificiis
976 244 1218 297 dicebatur,
1241 247 1288 288 id
1314 253 1398 300 est,
1451 249 1628 302 [PAUL.

242 312 481 362 coerceto,z
504 313 738 362 contineto,
761 315 920 353 taceto.

185 381 428 430 Passales,⁵
454 384 497 422 et
530 390 652 431 oves,
681 385 726 421 et
755 381 928 434 gallinae
959 380 1262 434 appellantur3

239 452 496 502 pascuntur.

1308 383 1427 436 quod
1462 385 1629 438 passim

183 516 366 557 Passert
387 516 591 566 marinus,
608 529 739 570 quem
759 523 890 557 vocat
912 515 1068 568 vulgus
1089 516 1414 558 stutomellum.³
1462 518 1628 570 [FEST.

182 582 420 624 Pastillum
433 588 450 605 ¹¹
471 589 540 625 est
560 584 605 624 in
627 583 764 624 sacris
785 584 863 624 libi
885 596 1021 636 genus
1037 583 1232 626 rotundi,

1447 586 1628 637 [PAUL.

184 650 401 693 Pastillus
420 652 561 693 forma
591 652 721 705 panis
752 651 892 704 parvi,
915 651 1067 705 utique
1099 651 1405 694 diminutivum
1467 652 1629 706 [FEST.

239 724 309 759 est
328 731 356 759 a
375 731 506 772 pane,

181 785 412 840 Patagium
428 791 443 807 Χ
464 790 531 827 est
553 786 674 840 quod
703 785 759 827 ad
788 799 1002 828 summam
1025 786 1218 828 tunicam
1239 787 1355 828 assui
1377 786 1507 838 solet,
1529 801 1629 841 quae

785 917 1025 930 OOO‘O‘O‘OCOO

221 1008 242 1037 2
265 1007 344 1038 Vet.
360 1005 420 1038 lib.
438 1007 642 1039 coercita—3
667 1007 728 1038 Vir
745 1006 834 1039 doct.
858 1007 890 1038 in
919 1016 1024 1049 marg.
1042 1006 1098 1039 ed.
1122 1007 1210 1039 Scal.
1227 1007 1315 1048 conj.
1339 1007 1619 1039 struthocamelzmz.

180 1049 268 1082 Dae.
296 1050 475 1091 legendum
503 1056 618 1082 monet
642 1050 937 1082 struthiocamezum.

834 1157 982 1190 NOTAE

219 1249 232 1265 Υ
254 1245 378 1277 Pascite
400 1245 554 1286 linguam]
579 1246 667 1277 Vide
696 1245 705 1262 ‘
722 1255 874 1286 comper-

175 1295 241 1334 ee,'
255 1297 372 1336 pascito
390 1305 451 1336 pro
462 1298 593 1336 parcito.
624 1297 807 1327 Salmasius
825 1301 873 1326 ta—

175 1354 254 1376 men
278 1346 414 1385 legebat
433 1347 565 1386 parcito.
600 1351 608 1363 ‘
627 1347 811 1386 Perperam
827 1346 873 1376 le-

175 1395 291 1436 gitur,'
306 1396 424 1437 iuquit,
436 1397 445 1414 ‘
461 1397 591 1436 pascito
608 1397 767 1436 linguam,
786 1395 874 1436 quod

174 1446 329 1486 ineptum
347 1446 424 1477 est!
447 1447 455 1462 ‘
475 1445 719 1486 Compescere‘
736 1445 873 1486 quidem

174 1495 300 1527 dicitur
316 1496 498 1527 coercere:
523 1496 611 1536 quod
629 1497 766 1537 proprie
781 1496 874 1527 sitin

174 1545 264 1577 idem
294 1556 456 1587 pascuum
483 1556 606 1587 eogere
638 1548 806 1583 animalia,
841 1552 875 1579 et

174 1597 390 1637 compellere,
408 1599 461 1628 cui
489 1598 694 1629 contrarium
721 1604 729 1616 ‘
744 1599 874 1638 dispes-

175 1655 254 1678 cere
267 1645 288 1676 :'
312 1647 371 1678 sed
386 1648 552 1687 ‘pascere
564 1647 572 1660 '
594 1648 796 1688 simpliciter
815 1657 874 1688 pro

174 1697 334 1728 coercere
365 1697 553 1728 inauditum
584 1702 646 1728 est.
699 1699 706 1714 ‘
726 1698 874 1729 Parcere

174 1745 364 1788 linguam?
386 1746 543 1786 φείδεσθαι
569 1749 626 1784 τῆς
640 1748 802 1788 γλώσσης,
825 1753 873 1779 ta-

175 1807 266 1837 cere,
284 1797 454 1828 abstinere
471 1798 630 1837 linguam.
656 1799 754 1829 Idem.

217 1852 228 1867 ⁸
252 1848 410 1888 passales]
435 1849 521 1880 Vide
540 1859 643 1890 supra
665 1854 673 1867 ‘
688 1849 875 1882 Pascales.'

174 1899 272 1929 Idem.

217 1951 226 1968 ¹
248 1949 381 1990 Passer]
414 1950 558 1982 Plautus
594 1951 718 1983 Persa:
758 1956 766 1970 ⁸
783 1952 871 1984 Vola

174 1999 356 2031 curriculo.
387 2000 428 2031 P.
451 2001 569 2032 Istlmc
586 2003 733 2032 marinus
757 2011 874 2042 passer

173 2057 236 2088 per
252 2049 380 2081 circum
396 2050 506 2081 solet!
533 2051 734 2082 Notavimus
746 2052 788 2083 ad
805 2052 872 2084 Au-

173 2098 303 2131 sonium
326 2100 360 2130 in
384 2101 467 2131 illud
492 2101 533 2131 ad
557 2100 699 2132 Accium
725 2102 871 2133 Paulum

173 2148 357 2181 Rhetorem
374 2151 656 2191 Begerritanum:
680 2152 688 2168 ‘
705 2151 817 2182 Ovum
835 2156 870 2183 tu

172 2208 281 2240 coque
294 2201 437 2240 passeris
453 2199 598 2231 marini!
618 2201 687 2231 Jos.
703 2201 786 2232 Scal.

216 2249 347 2289 Passer]
364 2250 507 2281 Plautus
522 2250 647 2281 Persa:
671 2251 679 2267 ‘
697 2251 786 2282 Vola
799 2260 872 2282 cur-

173 2299 294 2331 riculo.
336 2300 410 2332 PAE.
442 2301 536 2332 Istuc
561 2302 710 2332 marinus
752 2311 871 2342 passer

173 2359 235 2390 per
251 2351 377 2382 circum
391 2351 499 2382 solet.’
536 2352 577 2383 In
601 2351 667 2383 fine
692 2353 766 2393 lege
789 2357 871 2384 stru-

172 2401 397 2433 thiocamelum.
435 2403 613 2433 Passerem
639 2407 751 2434 autem
773 2413 872 2435 voca-

173 2457 253 2484 runt
268 2453 414 2484 Veteres
432 2453 520 2494 quod
538 2453 608 2484 avis
633 2459 736 2492 esset,
762 2454 872 2485 imita—

173 2502 265 2534 tione
276 2502 486 2541 Graecorum,
496 2503 551 2543 qui
562 2502 719 2543 στρουθίον
728 2508 850 2535 vocant
861 2514 870 2543 3

173 2556 210 2584 et
225 2553 400 2588 marinum,
415 2552 598 2594 διαπόνθιον,
614 2554 701 2595 quod
720 2555 870 2595 peregri-

173 2615 236 2637 nus
259 2611 296 2637 et
319 2607 411 2638 ultra
434 2606 593 2638 marinus.
641 2607 686 2637 Et
710 2607 871 2639 struthio-

175 2656 352 2698 camelum,
367 2657 456 2699 quod
473 2657 548 2688 colli
568 2661 603 2688 et
619 2666 754 2688 crurum
768 2657 872 2698 longi-

175 2705 291 2738 tudine
308 2708 437 2738 camelo
454 2707 569 2738 similis
588 2712 687 2739 esset.
711 2709 795 2740 Duc.

259 2759 375 2800 Delpk.
393 2765 422 2792 et
444 2761 519 2793 Vtu‘.
537 2761 621 2792 Ccas0

819 2762 929 2802 Pomp.
946 2761 975 2793 F
974 2765 1031 2793 est„

973 1249 988 1264 ¹¹
1013 1243 1196 1284 Pastillum]
1219 1244 1389 1275 Pastillztm
1402 1246 1438 1275 et
1451 1244 1596 1284 pastillus
1613 1255 1631 1275 a

926 1305 1017 1335 pane,
1030 1295 1202 1335 paniculus,
1212 1294 1388 1334 paniculus,
1403 1295 1559 1334 pastillus,
1573 1304 1631 1335 ge-

928 1355 991 1375 nus
1023 1345 1080 1375 libi
1099 1344 1259 1384 rotundi3
1288 1354 1393 1385 quare
1421 1344 1454 1374 in
1486 1344 1628 1383 glossis:

929 1395 938 1412 ‘
957 1396 1124 1436 panium,
1153 1394 1333 1436 τροχισκός.
1365 1395 1548 1435 τροχοειδὴς
1578 1394 1629 1435 ἅρ-

928 1447 1005 1479 τος.’
1031 1448 1129 1491 Idem.

971 1501 987 1516 Χ
1013 1497 1198 1538 Patagium]
1233 1497 1405 1536 Patagz'um
1431 1497 1629 1528 assuebatur

931 1547 1144 1579 vestimentis
1161 1548 1350 1588 mulierum,
1365 1552 1401 1578 ut
1415 1548 1530 1577 clavus
1543 1548 1630 1578 viro-

931 1607 1016 1629 rum.
1055 1598 1169 1628 Livius
1195 1597 1281 1628 libro
1307 1607 1357 1629 1v.
1396 1597 1542 1628 ‘Placet
1566 1598 1628 1628 tol-

930 1647 1039 1679 lendae
1064 1647 1254 1679 ambitionis
1277 1657 1380 1679 causa
1402 1647 1568 1678 Tribunos
1584 1647 1630 1678 le-

931 1709 1005 1740 gem
1024 1701 1251 1740 promulgare,
1268 1710 1308 1731 ne
1324 1700 1377 1730 cui
1395 1699 1504 1730 album
1522 1700 1629 1730 inves—

930 1750 1109 1781 timentum
1140 1750 1266 1781 addere
1302 1750 1478 1790 petitionis
1526 1759 1629 1781 causa

929 1800 1073 1832 liceret!
1106 1801 1212 1842 Lege,
1233 1810 1270 1831 ne
1292 1801 1342 1832 cai
1357 1802 1475 1831 clavum
1489 1800 1523 1831 in
1537 1801 1630 1831 vesti-

929 1855 1075 1882 mentum.
1110 1852 1199 1883 Nam
1213 1861 1256 1883 ex
1274 1856 1434 1892 corrupta
1460 1852 1630 1892 scriptura

928 1903 1048 1934 clabum
1063 1903 1214 1934 manavit
1230 1912 1336 1934 error.
1358 1904 1428 1933 Jos.
1445 1902 1528 1934 Scal.

971 1953 1156 1993 Patugium]
1181 1953 1393 1984 Assuebatur
1420 1952 1631 1984 vestimentis

927 2005 1118 2045 mulierum,
1149 2009 1187 2036 ut
1216 2005 1331 2036 clavus
1358 2005 1519 2039 virorum,
1540 2004 1628 2034 unde

927 2057 1134 2098 ‘patagiatae
1170 2056 1316 2087 vestes:²
1350 2057 1466 2087 Plaut.
1495 2055 1629 2096 Epidic.

925 2116 964 2138 11.
981 2110 1013 2137 2.
1040 2111 1076 2138 et
1097 2107 1106 2123 ‘
1120 2105 1317 2147 patagiarii'
1339 2106 1372 2137 in
1388 2106 1502 2137 Aulul.
1531 2106 1630 2137 Pata-

923 2157 1012 2196 gz'um
1044 2161 1155 2187 autem
1187 2157 1235 2187 sic
1273 2155 1400 2187 dictum
1440 2155 1511 2186 vult
1538 2155 1630 2187 Scal-

926 2206 1014 2247 quod
1034 2206 1236 2247 quibusdam
1250 2207 1388 2238 maculis
1410 2210 1445 2237 et
1461 2206 1564 2237 naevis
1580 2206 1629 2236 in-

926 2267 1080 2297 spersum
1097 2262 1183 2296 erat,
1201 2267 1220 2287 a
1241 2260 1369 2297 patago,
1389 2257 1507 2288 morbo
1525 2256 1629 2297 pesti-

926 2309 1022 2342 lenti,
1038 2317 1103 2349 quo
1121 2308 1178 2349 qui
1196 2308 1383 2339 moriuntur
1400 2308 1525 2338 nullum
1543 2307 1629 2338 iudi·

927 2359 1015 2390 cium
1044 2359 1151 2390 morbi
1182 2359 1380 2400 relinquunt
1406 2359 1496 2390 aliud
1528 2367 1627 2400 quam

926 2409 1078 2440 naevulos
1107 2410 1139 2439 in
1166 2413 1265 2449 parte
1292 2409 1458 2450 corporis.
1504 2409 1629 2449 Patagi

926 2459 1078 2490 meminit
1094 2459 1207 2491 Plaut.
1225 2459 1234 2476 ‘
1248 2460 1384 2491 Mecum
1400 2459 1504 2491 habet
1532 2463 1629 2499 pata-

926 2519 988 2549 gus
1006 2509 1154 2542 morbus.
1184 2509 1270 2541 Ais:
1314 2511 1458 2551 Patagus
1473 2519 1493 2540 a
1507 2509 1628 2541 πατάσ-

926 2570 982 2599 σω,
1010 2557 1108 2590 ferio.
1165 2558 1345 2590 Turnebus
1372 2559 1505 2600 putavit
1537 2563 1629 2600 pata·

923 2619 1000 2649 gum
1024 2618 1097 2640 esse
1123 2609 1274 2639 morbum
1292 2609 1382 2650 vitis,
1403 2618 1479 2641 cum
1498 2609 1628 2640 saucia-

927 2663 982 2690 tur
1009 2658 1121 2699 ligone
1139 2658 1173 2689 in
1199 2658 1480 2699 ablaqueatione3
1502 2658 1629 2698 legitur

928 2708 1016 2739 enim
1034 2707 1124 2749 apud
1138 2707 1366 2749 Theophrast.
1382 2707 1527 2747 πάταγον
1539 2708 1627 2739 εὐλα-

1474 2766 1493 2793 2
1511 2762 1540 2792 N
