1835 2906
376 150 436 178 DE
471 147 742 178 VERBORUM
778 145 1188 176 SIGNlFiCATIONE
1224 148 1315 178 LlB.
1350 148 1377 176 1.

1511 138 1592 178 101

146 243 349 286 Aureaxi
380 244 552 297 auriga:
585 257 720 286 aurea
747 243 862 284 enim
894 242 1143 282 dicebatur³
1168 241 1368 291 swanum,
1392 243 1512 296 quod
1537 243 1593 283 ad

203 324 328 353 aures
345 324 555 366 equorum
574 312 838 365 religabatur
855 324 863 351 ε

896 310 1014 351 orias
1037 323 1123 363 quo
1145 322 1221 350 ora
1243 309 1573 351 coercebantur.

145 377 400 420 Aureliamk
433 379 646 421 familiam
678 392 735 420 ex
766 378 942 419 Sabinis
974 377 1201 419 oriundam
1233 391 1259 417 a
1291 379 1396 420 Sole
1428 378 1592 419 dictam

201 450 377 500 putant:
419 447 542 501 quod
575 449 615 489 ei
649 446 827 502 publice
861 459 888 486 a
919 445 1085 499 populo
1124 445 1331 486 Romano
1369 445 1502 487 datus
1535 447 1594 486 sit

201 515 344 563 locus,
367 515 408 555 in
431 528 519 568 quo
542 527 669 555 sacra
690 514 881 554 facerent
906 513 1016 562 Soli,
1049 513 1127 567 qui
1147 526 1203 553 ex
1230 512 1312 553 hoc
1333 511 1507 553 Auselii
1529 513 1594 554 di-

201 583 428 632 cebantur,
461 587 511 622 ut
531 581 713 632 Valesii,
747 580 934 635 Papisii,
967 593 1044 634 pro
1075 593 1144 630 eo,
1167 579 1288 633 quod
1320 584 1390 620 est
1411 579 1594 627 Valerii,

203 649 388 702 Papirii.

143 713 481 766 Aurichalcum‚¹
496 717 564 757 vel
580 716 847 757 orichalcum
861 716 1042 769 quidam
1060 719 1216 770 putant
1229 715 1522 769 compositum
1538 728 1594 755 ex

200 795 284 824 aere
300 787 344 824 et
364 796 488 834 auro,
510 783 603 824 sive
624 782 743 838 quod
763 783 954 824 colorem
985 783 1150 825 habeat
1168 797 1346 824 aureum
1366 797 1375 825 ε
1409 783 1594 824 orichal-

201 864 300 891 cum
334 864 440 892 sane
472 851 649 902 dicitur,
684 851 802 905 quod
838 853 881 893 in
916 853 1162 894 montuosis
1197 852 1312 894 locis
1348 852 1564 894 invenitur
1582 866 1589 889 r

199 932 324 960 mons
346 921 504 961 etenim
526 920 683 962 Graece
707 918 782 974 ὄρος
804 920 1067 974 appellatur.

742 1041 878 1053 ‘‘‘‘‘‘‘

883 1041 983 1053 ’’’’’

186 1120 203 1148 3
226 1117 320 1149 Fulv.
337 1118 461 1150 Ursino
479 1119 660 1159 legendum
678 1120 812 1151 videtur
827 1120 982 1151 dicebant.

798 1230 937 1261 NOTAE

141 1304 219 1334 olla.
242 1304 297 1334 Sic
311 1304 352 1334 ab
365 1314 536 1343 ore,0rea,
548 1316 649 1338 aurea
665 1320 672 1347 3
697 1313 732 1338 ut
744 1307 839 1338 Grae-

141 1355 189 1385 cis
206 1355 314 1393 στομὶς
331 1356 372 1386 ab
387 1356 501 1395 στόμα.
525 1358 625 1392 Idem.

182 1406 320 1447 Aureus]
337 1408 424 1438 Vide
439 1410 447 1424 ‘
461 1409 587 1440 Oreae.’
611 1410 688 1441 Ant.
706 1410 794 1449 Aug.

182 1457 189 1477 ⁵
205 1458 347 1498 ΑΠ’-ειυς]
377 1458 585 1490 Glossarium
601 1470 608 1490 ε
636 1462 645 1477 ‘
659 1460 763 1499 Aura,
780 1471 837 1491 ex-

141 1508 322 1548 solitarius,
353 1509 529 1546 ἱππαστὴς.’
568 1511 657 1550 lege,
695 1512 838 1549 Auream,

139 1560 308 1590 solitarius.
347 1560 556 1592 Confirmant
573 1561 705 1592 Glossae
729 1561 837 1592 Isido-

139 1610 180 1646 ri,
204 1610 376 1649 ‘Aureax,
400 1621 502 1652 eques
534 1612 704 1643 solitarius
717 1611 736 1643 :¹
761 1613 838 1643 soli-

140 1661 260 1691 tarium
280 1668 389 1701 vocat,
402 1672 501 1703 quem
519 1662 596 1693 alibi
614 1662 701 1693 idem
720 1668 838 1693 auctor

141 1710 303 1742 Glossarii
320 1712 330 1728 ‘
345 1712 609 1752 singulatorem‚'
627 1714 688 1743 hoc
707 1718 772 1750 est,
789 1712 839 1743 κε’-

138 1766 231 1797 λητα.
248 1762 342 1792 Idem
356 1763 458 1793 etiam
470 1764 479 1780 ‘
494 1762 747 1794 Caballarium!
765 1764 839 1794 Me·

140 1813 204 1842 lius
239 1818 350 1843 tamen
379 1813 508 1844 eaedem
537 1813 669 1845 Glossae
702 1814 839 1855 Isidori,

140 1868 147 1879 ‘
162 1863 386 1903 Caballariuns,
400 1863 525 1894 alaris.¹
549 1864 618 1895 Jos.
633 1863 716 1896 Scal.

182 1915 322 1953 Aureax,
350 1914 479 1954 auriga]
519 1915 595 1946 Non
624 1919 755 1946 tantum
782 1926 840 1946 au·

141 1964 232 2004 riga3
261 1974 387 1995 aureax
411 1964 500 1995 enim
525 1971 578 1996 est
594 1974 699 2006 equus
723 1966 840 1996 solita-

140 2014 221 2052 rius,
249 2014 382 2046 Graecis
403 2013 573 2054 μονάμπυξ,
590 2020 625 2046 et
650 2024 753 2056 eques
782 2016 839 2057 qui

139 2075 227 2106 equo
245 2065 314 2095 solo
331 2075 370 2095 ac
388 2065 550 2105 singulari
569 2066 674 2104 vehit,
688 2071 726 2097 ut
744 2066 841 2097 Grae-

139 2116 185 2146 cis
197 2114 300 2153 κέλης.
352 2115 501 2157 Hesych.
532 2116 640 2156 κέλης,
663 2116 756 2148 ἵππος
791 2116 842 2148 καὶ

139 2166 295 2204 ,ἵπποιο-τὴς
309 2165 458 2206 μονάτωρ.
504 2167 558 2198 Ita
572 2169 659 2199 enim
676 2168 840 2209 legendus

139 2218 193 2248 hic
207 2219 312 2249 locus.
349 2220 357 2236 ‘
373 2219 483 2258 Celes,
497 2229 601 2260 equus
619 2225 654 2251 et
669 2230 772 2261 eques
789 2230 840 2252 so-

139 2268 284 2309 litarius,
303 2268 482 2300 monator.'
506 2269 591 2301 Inde
608 2271 710 2301 etiam
727 2271 839 2311 singn-

140 2318 282 2348 latorem
312 2319 424 2350 Latini
448 2319 607 2351 dixerunt
631 2326 839 2353 monatorem

142 2373 177 2399 et
195 2368 362 2408 simplum.
390 2368 471 2399 Duc.

183 2417 197 2437 k
219 2417 396 2459 Aureliam]
419 2418 449 2449 A
473 2419 551 2449 Sole
580 2419 721 2459 Auselii‚
746 2421 840 2462 origo

140 2468 247 2499 dura:
271 2467 361 2498 forte
379 2468 421 2499 ab
442 2478 543 2499 aureo
567 2470 666 2502 Sole:
692 2481 768 2502 nain
785 2482 842 2502 au-

140 2529 212 2550 rum
237 2519 397 2550 dicebant
421 2529 539 2550 ausum
562 2520 689 2556 Sabini,
708 2527 742 2552 ut
762 2532 840 2553 mox

141 2569 350 2601 videbimus:
376 2571 426 2601 sic
441 2580 459 2600 a
474 2571 608 2602 Corneo
623 2571 811 2612 Cornelius,
822 2583 840 2604 a

141 2622 251 2652 Cei-eo
268 2621 431 2652 Cerelius.
456 2622 534 2652 Ant.
551 2622 637 2659 Aug.

196 2671 371 2712 Aureliam]
398 2671 537 2702 Aurelia
570 2682 653 2712 gens
691 2673 840 2714 plebeia,

139 2722 272 2754 Sabinis
285 2722 439 2763 oriunda,
450 2723 571 2755 nobilis
590 2730 699 2755 tamen
715 2729 749 2756 et
762 2734 840 2756 con-

894 1307 1015 1338 sularis
1030 1312 1061 1337 et
1076 1303 1421 1345 triunipllalis‚t1ibus
1435 1302 1597 1334 distincta

895 1356 1167 1398 cognominibus,
1206 1356 1334 1394 Cottae,
1374 1354 1522 1393 Orestae‚
1561 1359 1598 1384 et

893 1409 1026 1440 Scauri.
1073 1408 1101 1439 A
1118 1408 1197 1439 Sole
1221 1407 1346 1438 dictam
1370 1406 1442 1436 vult
1466 1405 1599 1444 Festus,

893 1460 902 1475 ‘
918 1458 1112 1498 Auseliam‚'
1135 1460 1144 1475 ‘
1159 1457 1332 1488 Aureliam
1349 1455 1369 1496 ;’
1405 1460 1442 1487 ut
1474 1456 1482 1472 ‘
1495 1455 1597 1486 Vale-

894 1511 957 1552 sii‚’
972 1512 980 1528 ‘
991 1510 1148 1541 Valerii.’
1165 1509 1221 1540 Sol
1236 1509 1336 1539 etiam
1352 1507 1511 1538 Sabinum
1524 1516 1597 1537 ver-

894 1562 984 1593 bum.
1028 1561 1137 1591 Varro
1154 1559 1211 1590 lib.
1238 1568 1289 1590 ιν.
1313 1559 1356 1589 de
1375 1559 1414 1589 L.
1437 1558 1476 1589 L.
1500 1562 1508 1575 ¹
1524 1557 1594 1595 Sol,

895 1614 947 1643 vel
965 1612 1053 1653 quod
1079 1612 1126 1642 ita
1152 1610 1280 1649 Sabini,
1296 1610 1349 1640 vel
1375 1608 1464 1650 qnod
1489 1609 1596 1639 solum

894 1663 942 1693 ita
960 1664 1062 1701 lucet,
1081 1666 1116 1691 ut
1133 1671 1173 1692 ex
1187 1671 1229 1692 eo
1243 1661 1313 1691 dies
1328 1660 1403 1691 sit:'
1418 1660 1473 1690 alii
1489 1659 1597 1692 Aure-

893 1713 970 1743 liam
986 1712 1028 1742 ab
1044 1721 1146 1742 aureo
1155 1711 1244 1746 Sole,
1257 1720 1334 1741 nam
1348 1720 1465 1741 aurum
1477 1709 1597 1743 Sabini

893 1762 1055 1794 dicebant
1071 1772 1199 1793 ausum.
1226 1761 1308 1792 Dae.

936 1812 944 1833 ¹
967 1810 1204 1850 Auriclzalcum]
1233 1811 1318 1842 Cum
1343 1811 1458 1844 Graeci
1482 1812 1598 1844 dicant

895 1863 1092 1903 ὄρεῖχαλκον,
1112 1867 1220 1893 tamen
1240 1862 1352 1893 Latini
1384 1863 1599 1904 scripserunt

896 1914 1129 1952 Aurichalcum,
1166 1912 1256 1953 (μιοά
1294 1917 1456 1953 putarent
1488 1913 1521 1944 id
1552 1923 1595 1944 ex

896 1975 976 1996 auro
994 1971 1030 1996 et
1047 1974 1116 1995 aere
1130 1963 1299 2004 componi,
1313 1964 1430 1995 addita
1447 1964 1599 1996 Cadmea

895 2020 1008 2054 terra3
1033 2020 1069 2045 ut
1087 2015 1253 2045 electrum
1268 2023 1309 2044 ex
1329 2024 1409 2044 auro
1426 2019 1462 2045 et
1477 2024 1597 2054 argen-

896 2071 947 2097 to:
967 2066 1009 2097 de
1024 2075 1089 2107 quo
1106 2064 1276 2095 intellexit
1290 2064 1478 2095 Martialis:
1496 2064 1505 2080 ‘
1517 2064 1597 2095 Pal-

896 2117 965 2148 lida
979 2117 1026 2147 sic
1040 2116 1137 2146 niveo
1155 2115 1289 2145 radiant
1306 2114 1433 2145 electra
1446 2115 1596 2150 metallo,

897 2169 941 2199 Et
957 2168 1092 2198 niveum
1109 2165 1191 2196 felix
1208 2165 1344 2206 pustula
1363 2165 1465 2195 vincit
1489 2164 1598 2196 ebur!

897 2219 1065 2258 Intelligit
1083 2217 1171 2248 enim
1196 2217 1237 2246 de
1261 2217 1319 2246 illa
1342 2215 1484 2246 materia
1507 2225 1596 2247 com-

895 2270 1020 2310 posita,
1038 2277 1102 2298 non
1120 2267 1162 2297 de
1178 2266 1327 2297 succino.
1359 2265 1472 2305 Igitur
1488 2275 1529 2296 ex
1548 2266 1596 2296 vi-

896 2321 941 2350 tio
958 2316 1244 2360 pronuntiationis
1267 2320 1349 2347 nata
1371 2321 1422 2347 est
1438 2315 1522 2347 falsa
1537 2317 1597 2348 illa

896 2372 937 2402 de
955 2370 1201 2411 compositione
1219 2369 1292 2400 anri
1312 2373 1347 2400 et
1371 2368 1446 2399 aeris
1471 2369 1598 2410 opinio.

896 2425 1012 2457 Quare
1027 2428 1062 2453 et
1078 2425 1196 2452 auctor
1209 2420 1373 2451 Glossarii
1388 2426 1482 2452 recte
1497 2421 1593 2456 dixit,

896 2473 1140 2510 ιΑιιιὉοΙιὲιΙεει,
1166 2470 1355 2510 κραματινά,’
1381 2471 1470 2512 quod
1497 2477 1593 2512 puta-

896 2529 972 2557 rent
988 2533 1062 2555 esse
1079 2523 1163 2560 auri,
1176 2527 1210 2553 et
1228 2522 1346 2558 clialci,
1360 2532 1418 2552 seu
1433 2522 1508 2552 aeris
1524 2521 1596 2562 κρά-

894 2587 978 2614 ματι,
1017 2579 1053 2605 et
1088 2572 1365 2613 compositionem
1412 2573 1592 2613 quandam.

898 2626 975 2657 Non
992 2633 1080 2664 nego
1094 2633 1136 2654 ex
1154 2632 1234 2654 auro
1248 2627 1284 2654 et
1301 2632 1370 2654 aere
1384 2624 1594 2664 praestantis-

895 2678 1014 2708 simum
1032 2687 1078 2707 aes
1095 2675 1179 2711 fieri,
1197 2679 1234 2706 ut
1250 2675 1475 2716 prodiderunt
1490 2675 1594 2705 Vete-

897 2737 949 2759 res
965 2727 1007 2759 de
1024 2726 1200 2758 Corinthio
1222 2735 1302 2766 aere,
1322 2725 1380 2757 sed
1400 2725 1432 2757 id
1450 2724 1593 2765 ὄρείχαλὗ
