1835 2906
184 75 274 118 552

635 84 783 115 SEXTI
820 82 1020 114 POMPEH
1057 81 1192 113 FESTI

249 181 436 235 gionem,
467 184 518 221 ut
545 179 672 234 pagi:
714 179 785 220 vel
812 191 839 220 a
868 175 1115 232 pangendo,
1143 175 1263 230 quod
1294 174 1338 215 in
1367 174 1455 216 illis
1482 188 1634 218 versus

248 254 506 302 pangantur‚
528 248 573 289 id
595 253 678 298 est,
697 247 925 301 figuntur.4

192 316 445 358 Palatium&
480 328 607 357 mons
638 315 794 357 Romae
821 312 1072 367 appellatus
1101 316 1184 362 est,
1205 311 1326 365 quod
1356 311 1416 353 ibi
1447 323 1636 365 pascens

248 396 386 437 pecus
408 383 559 426 balare
579 382 879 425 consueverit:
911 381 981 422 vel
1012 380 1136 434 quod
1163 379 1327 434 palare,
1348 379 1391 420 id
1422 384 1505 425 est,
1526 391 1638 420 erra-

246 450 328 502 re,¹¹
362 452 424 493 ibi
455 452 653 506 pecudes
683 451 900 493 solerent:

796 568 929 580 eeeeeee

947 448 1053 499 alii,S
1096 447 1217 502 quod
1258 447 1319 488 ibi
1361 446 1638 501 Hyperborei

932 567 1029 579 ’’’’’

233 641 253 669 4
277 639 361 670 Ead.
380 638 434 670 ed.
448 639 633 680 finguntur.
678 639 742 669 Vir
759 637 850 670 doct.
867 637 899 667 in
916 645 1020 677 marg.
1036 634 1356 678 couj.figantur.-5
1374 633 1451 664 Vet.
1468 632 1527 663 lib.
1543 632 1603 663 vel.

846 775 990 808 NOTAE

188 864 271 897 litae.
295 866 392 898 Idem.

232 922 248 944 s
263 915 440 957 Palatium]
464 915 611 948 Vidend.
634 916 744 948 Varro
767 915 826 947 lib.
841 925 887 948 iv.

190 966 233 998 de
249 967 348 1008 Ling.
362 969 434 1000 Lat.
452 967 531 1000 Ant.
545 968 632 1008 Aug.

230 1018 407 1059 Palatium]
433 1020 566 1050 Palanto
588 1024 640 1051 est
654 1019 775 1051 Graece
801 1023 887 1050 Παλ-

189 1070 303 1101 λαντώ.
327 1071 384 1101 sed
402 1081 474 1102 eam
491 1071 670 1107 Palatiam,
686 1076 721 1102 et
737 1080 803 1102 non
828 1071 890 1102 La-

190 1120 253 1151 tini
269 1127 422 1159 matrem,
439 1121 498 1153 sed
516 1131 667 1157 uxorem,
680 1121 763 1152 dicit
780 1122 890 1152 Varro

189 1180 240 1203 lv.
270 1172 313 1203 de
339 1169 663 1204 Latino'sermone:
689 1175 697 1190 ‘
714 1171 782 1203 Sed
807 1172 891 1211 hoc‚'

189 1222 314 1263 inquit,
336 1227 344 1240 ‘
362 1223 416 1253 alii
446 1233 465 1254 a
491 1223 626 1254 Palatia
647 1232 751 1253 uxore
782 1221 892 1253 Latini

191 1272 380 1313 putarunt.’
424 1274 588 1315 Loquitur
605 1273 647 1304 de
664 1272 809 1304 Palatio.
822 1273 890 1304 Jos.

193 1324 280 1355 Scal.

235 1375 413 1416 Palatium]
445 1376 580 1407 Solinus
596 1386 605 1407 ι
637 1376 646 1392 ‘
666 1375 693 1407 A
724 1374 891 1407 Palantho

192 1426 410 1467 Hyperborei
446 1426 539 1458 filia.’
597 1427 732 1458 Pacanto
765 1426 891 1458 Graece

193 1479 382 1514 Παλλαντὼ,
406 1476 453 1509 ait
476 1478 565 1510 Scal.
608 1476 675 1509 Sed
688 1481 808 1508 contra
820 1476 891 1507 Sal-

190 1538 274 1560 mas.
302 1528 455 1559 Palantho
471 1527 630 1560 Graecnm
646 1532 711 1566 est,
733 1526 752 1565 ἦ
767 1531 892 1558 Παλαν·

190 1579 242 1616 θὼ,
260 1588 325 1610 non
340 1578 359 1616 ἡ
381 1581 565 1610 Παλλαντώ.
593 1576 738 1616 Φαλάνθη
756 1582 810 1609 est
835 1577 892 1617 ἐρι-

192 1629 309 1670 ουρὙός,
333 1629 504 1671 φάλανθος,
529 1640 648 1670 canus,
667 1629 720 1660 vel
751 1630 892 1661 calvus:

192 1682 282 1713 unde
309 1682 460 1713 στιλπνὸν
491 1687 526 1714 et
560 1681 721 1722 φάλανθον
743 1680 821 1721 κάρα
845 1681 896 1713 Si·

192 1734 345 1764 leuorum
389 1734 423 1765 in
461 1733 584 1764 Graeco
622 1733 802 1773 scriptore,
838 1731 896 1764 ubi

191 1795 373 1826 perperam
396 1786 521 1826 legitur
543 1784 704 1824 φίλανθον.
750 1785 794 1816 Εῑ
817 1783 896 1816 inde

193 1836 245 1866 vir
261 1835 394 1872 doctus,
411 1837 444 1867 in
460 1836 545 1867 libro
561 1836 603 1867 de
629 1836 762 1876 Satyra,
777 1834 897 1867 florum

195 1891 347 1918 amantes
364 1887 497 1918 Silenos
514 1887 577 1918 sibi
597 1886 708 1928 fingit,
731 1886 824 1928 quasi
848 1885 898 1925 φί-

194 1939 330 1968 λανθον;
349 1937 508 1969 Graecum
526 1947 599 1969 esse
617 1938 735 1978 possit,
748 1947 807 1978 pro
824 1936 898 1977 φίλ-

194 1990 297 2026 ανθος,
324 1987 495 2029 φάλανθος,
523 1988 662 2019 calvus:
699 1988 788 2019 uude
822 1988 895 2019 ἀνα-

196 2038 382 2078 φαλαντίας,
402 2040 568 2070 recalvus.
599 2037 758 2070 Φάλανθος
774 2048 896 2070 nomen

195 2089 288 2121 urbis
305 2096 340 2121 et
356 2091 478 2121 montis
495 2089 667 2130 Arcadiae‚
682 2101 701 2121 a
728 2090 897 2122 Phalanto

195 2140 353 2182 quodam.
379 2141 600 2182 Phalanums,
614 2141 657 2172 ab
674 2141 826 2173 Hercule
842 2152 897 2173 oc-

195 2198 306 2228 tavus,
324 2203 399 2223 cum
419 2192 612 2224 Partheniis
630 2193 821 2224 Laconibus
834 2193 898 2223 Ta·

196 2248 328 2275 rentum
344 2244 437 2275 auxit
453 2247 488 2275 et
503 2243 678 2275 habitavit.
723 2243 809 2274 Vide
821 2243 898 2275 Ser-

199 2295 287 2326 vium
307 2304 357 2327 iv.
386 2295 514 2336 Georg.
540 2295 687 2326 Φαλανθὼ
709 2295 814 2336 igitur
838 2304 898 2326 no-

197 2356 274 2377 men
301 2347 475 2387 proprium
499 2346 660 2383 mulieris,
680 2351 716 2377 ut
739 2345 898 2377 Φάλανθος

197 2396 270 2426 viri.
321 2397 428 2428 Notat
451 2397 504 2427 liic
529 2396 655 2428 Anton.
675 2397 897 2437 Augustinus,

199 2447 231 2477 in
252 2449 422 2478 veteribus
441 2448 534 2479 libris
551 2448 615 2488 legi
633 2448 777 2479 Palante.
825 2448 898 2479 Nos

201 2497 338 2529 Palanta
352 2499 384 2528 iu
402 2499 583 2529 veterrimo
599 2499 716 2530 codice
735 2499 898 2540 scriptum

199 2550 398 2590 reperimus,
414 2551 500 2591 quod
514 2556 603 2582 esset
616 2550 635 2588 ἡ
645 2549 800 2588 Φαλάνθη.
832 2550 900 2582 Sed

201 2601 273 2640 quis
290 2600 346 2630 ille
367 2600 621 2640 Hypeffloreus,
638 2602 733 2643 cnjus
748 2601 818 2633 filia
835 2601 901 2633 Ρα-

204 2651 316 2689 lantho,
337 2652 388 2682 vel
410 2652 582 2683 Palunthe?
612 2653 666 2685 An
685 2663 807 2685 nomen
823 2663 899 2694 pro-

945 864 1080 906 prium?
1103 874 1145 895 an
1165 863 1317 905 gentile?
1342 862 1642 903 Dionysius‘Tvrsp-

943 915 1052 956 βορίδα
1071 914 1162 957 κόρην
1184 915 1348 957 appellat,
1361 914 1424 944 hoc
1438 917 1502 954 est,
1515 922 1557 944 ex
1568 912 1642 953 Hy-

945 967 1185 1008 perboreorum
1210 965 1365 1005 regione:
1389 964 1521 994 Λατῖνον
1546 961 1579 993 δὲ
1607 961 1643 993 ἔκ

943 1029 1026 1050 τινος
1047 1016 1258 1058 Ὑπερβορίδος
1273 1015 1376 1056 κόρης,
1393 1014 1443 1055 ἢν,
1465 1013 1579 1054 πατρὸς
1601 1012 1644 1045 εἷς

943 1068 1089 1109 ὁμήρειαν
1115 1067 1234 1107 δόντος,
1264 1066 1411 1106 ἐπήγετο.
1461 1064 1644 1106 Hyperbo-

946 1131 1022 1152 reus
1046 1120 1150 1160 igitur
1172 1120 1229 1150 ille
1251 1120 1350 1150 homo
1367 1117 1431 1148 fuit
1448 1126 1491 1148 ex
1508 1115 1645 1157 Hyper-

945 1172 1123 1203 boreoruur
1140 1170 1292 1211 regione.
1315 1169 1370 1200 Ita
1384 1167 1646 1208 tamenloquun-

947 1227 1003 1253 tur
1028 1222 1148 1253 Festus
1177 1225 1214 1252 et
1242 1220 1388 1258 Solinus,
1412 1218 1506 1259 quasi
1523 1227 1645 1248 nomen

946 1277 1039 1304 esset
1070 1272 1255 1313 proprium,
1285 1280 1361 1302 curn
1399 1268 1548 1300 scribere
1586 1267 1643 1298 ‹le-

946 1324 1113 1363 buissent,
1144 1323 1301 1362 cujusdam
1335 1320 1530 1362 Hyperborei
1557 1319 1645 1360 filia.

946 1374 1070 1415 Apollo
1088 1373 1333 1414 Hyperboreus
1347 1372 1523 1403 colebatur
1536 1381 1555 1402 a
1567 1371 1648 1412 Scy-

947 1426 1023 1458 this,
1076 1425 1210 1457 Servius
1228 1435 1234 1453 z
1274 1424 1283 1441 ‘
1299 1423 1482 1454 secundum
1519 1422 1647 1453 Varro-

946 1487 1022 1509 nem
1041 1481 1077 1508 et
1092 1476 1174 1507 alios
1191 1486 1210 1507 a
1226 1474 1295 1506 filia
1310 1474 1460 1506 Evandri
1478 1473 1647 1508 Palantia,

948 1528 990 1560 ab
1008 1527 1159 1560 Hercule
1175 1526 1307 1567 vitiata,
1324 1530 1358 1557 et
1375 1530 1494 1565 postea
1510 1523 1580 1555 illic
1596 1532 1648 1554 se-

948 1577 1068 1620 pulta.’
1114 1577 1191 1609 Alia
1216 1586 1318 1608 causa
1345 1581 1380 1608 et
1400 1575 1489 1607 aliud
1513 1583 1649 1606 nomen.

949 1629 1123 1669 Pallantia,
1135 1627 1196 1659 ἀπὸ
1206 1628 1264 1659 τοῦ
1276 1625 1417 1658 Πάλλας.
1446 1626 1558 1656 Varro
1569 1624 1650 1655 Pal-

946 1680 1082 1712 lantiam
1099 1680 1185 1711 hanc
1199 1687 1336 1710 uxorem
1354 1676 1465 1709 Latini
1481 1674 1650 1712 facit,nisi

947 1733 1020 1774 quis
1038 1731 1132 1764 dicat
1148 1730 1337 1763 Patantham
1354 1734 1422 1760 tam
1447 1727 1536 1769 apud
1563 1727 1649 1758 var-

948 1793 1076 1823 ronem,
1091 1792 1189 1825 quam
1205 1781 1294 1822 apud
1318 1780 1472 1812 Servium
1499 1788 1575 1810 esse
1601 1778 1648 1810 le-

949 1834 1095 1877 gendum
1125 1833 1182 1871 τὴν
1212 1830 1383 1869 Φαλάνθην.
1429 1830 1517 1862 Nam
1539 1829 1649 1860 Varro

951 1894 1089 1916 uxorem
1121 1883 1234 1916 Latini
1263 1891 1338 1913 esse
1367 1880 1450 1919 vult,
1479 1884 1515 1911 et
1545 1878 1650 1910 filiam

950 1935 1112 1971 Evandri,
1128 1943 1227 1976 quam
1239 1933 1361 1964 Festus
1379 1930 1491 1963 Latini
1509 1934 1650 1961 matrem

952 1992 987 2018 et
1003 1985 1221 2027 Hyperborei
1235 1982 1349 2014 filiam.
1395 1981 1577 2018 Pahznthia,
1590 1989 1650 2021 pro

953 2035 1427 2076 Palanthavitiosescriptum.
1453 2033 1537 2065 Haec
1548 2033 1651 2064 Salm.

953 2091 985 2120 in
1002 2088 1259 2126 exer-cinPlin.
1303 2085 1370 2117 Sed
1384 2084 1473 2126 apud
1502 2083 1654 2121 Festum,

953 2146 988 2171 et
1004 2139 1092 2180 apud
1109 2139 1273 2176 Solinum‚
1298 2135 1529 2177 Hyperboreas,
1554 2133 1652 2164 abso-

953 2191 1022 2221 lute
1050 2199 1171 2220 nomen
1199 2187 1371 2229 proprium
1400 2196 1466 2216 nou
1498 2189 1561 2219 est,
1591 2183 1651 2215 sed

951 2241 1091 2281 gentile,
1115 2237 1311 2280 Hyperborei
1323 2236 1410 2278 filia,
1426 2234 1652 2275 subintelligi-

951 2296 1005 2323 tur
1020 2290 1161 2321 hominis.
1186 2290 1274 2320 Dae.

992 2341 1007 2362 ¹¹
1035 2342 1090 2373 Vel
1105 2341 1183 2381 quod
1197 2340 1314 2380 palare,
1328 2338 1361 2369 id
1375 2341 1432 2374 est,
1447 2335 1569 2376 errare]
1596 2335 1654 2366 Se-

953 2392 1100 2425 cundum
1120 2397 1255 2432 etymon
1279 2400 1298 2420 a
1315 2389 1434 2430 palare,
1454 2387 1653 2427 Propertius

954 2451 988 2476 et
1012 2443 1155 2476 Ovidius
1184 2440 1331 2481 amplexi
1353 2445 1442 2470 suut.
1489 2438 1652 2469 Ultimum

955 2496 1076 2535 Virgil.
1093 2491 1305 2524 vinffineid.
1350 2490 1416 2521 Sed
1440 2498 1554 2520 eorum
1581 2488 1653 2518 nul-

955 2548 1022 2578 lum
1037 2555 1153 2577 verum
1170 2549 1233 2575 est.
1280 2542 1366 2574 Nam
1381 2540 1544 2582 palatium,
1562 2539 1654 2579 prius

955 2598 1084 2629 dictum
1118 2594 1304 2636 palantium,
1343 2602 1361 2623 a
1397 2588 1580 2631 φαλάντιον,
1615 2593 1653 2619 ut

956 2649 1068 2681 Graeci
1086 2652 1208 2679 vocant
1223 2654 1350 2677 summa
1373 2642 1534 2675 montium
1546 2642 1651 2683 juga;
