1835 2906
346 177 408 207 DE
442 176 713 208 VERBORUM
747 174 1156 207 SlGNIFICATIONE
1191 176 1283 207 LlB.
1317 178 1348 208 1.

1513 167 1567 209 81

129 268 359 311 Anxur¹²⁵
399 273 655 321 vocabatur,
684 284 782 324 quae
810 283 926 311 nunc
948 270 1181 311 Terracina
1210 269 1368 311 dicitur
1387 268 1566 312 Volscae

184 338 346 390 gentis:
379 339 496 379 sicut
512 340 573 380 ait
595 339 764 380 Ennius
784 353 793 377 :
825 336 1094 379 Vulsculust
1114 336 1308 391 perdidit
1328 336 1500 378 Anxur.

127 403 230 443 APE
246 411 263 426 ¹¹
286 405 405 458 apud
426 407 635 459 antiquos
652 405 892 454 dicebatur,
913 404 1112 458 prohibe,
1134 417 1383 458 compesce.

125 470 375 524 Apellinem
393 479 408 494 Χ
431 474 600 526 antiqui
621 473 824 514 dicebant
843 485 922 526 pro
943 472 1212 526 Apollinem.

125 538 326 599 Apertay
348 540 461 581 idem
484 539 646 594 Apollo
667 540 936 592 vocabatur3
969 540 1076 594 quia
1095 543 1273 593 patente
1295 538 1457 579 cortina
1473 544 1487 559 ²
1504 552 1567 579 re-

181 619 349 660 sponsa
369 608 425 648 ab
445 620 499 648 eo
521 607 725 648 dentur.¹³

125 672 291 726 Apex,a
324 675 401 727 qui
426 679 494 715 est
514 673 793 715 sacerdotum
816 672 994 725 insigne,
1018 672 1164 714 dictus
1187 675 1255 714 est
1281 674 1336 714 ab
1360 686 1428 723 eo,
1450 671 1567 725 quod

179 740 544 793 comprehendere
572 740 737 793 antiqui
768 740 960 789 vinculo,
989 752 1123 793 apere
1160 740 1379 782 dicebant.

1440 739 1567 781 Unde

178 809 307 861 aptus
322 806 336 829 b
356 808 408 859 is,
430 808 507 861 qui
528 808 836 850 convenienter
855 807 987 848 alicui
997 807 1185 861 junctus
1205 814 1289 850 est.

725 912 860 925 “eet“

862 913 959 924 ‘oete

165 985 204 1013 12
220 982 298 1014 Vet.
314 981 366 1013 ed.
384 982 497 1019 Axur;
515 982 602 1023 quod
620 982 741 1023 probat
758 980 1006 1022 &angen—13
1024 980 1090 1013 Alii
1107 982 1182 1013 libri
1199 984 1355 1014 darentur⁴

771 1066 913 1099 NOTAE

162 1137 172 1151 ⁸
188 1131 315 1172 Anxur]
331 1131 450 1163 Placet
467 1135 562 1163 vetus
578 1132 695 1168 editio,
709 1132 813 1163 Axur.

120 1181 207 1212 Nam
223 1181 445 1212 certissimum
463 1187 514 1213 est
538 1193 580 1213 ex
604 1183 733 1221 Servio,
745 1183 812 1213 Ve-

118 1236 209 1262 teres
233 1231 281 1262 ita
303 1231 441 1272 dixisse,
463 1233 505 1263 ob
537 1234 657 1265 Jovem
688 1233 811 1264 imber-

117 1281 204 1320 bem,
226 1281 296 1312 sive
318 1280 436 1321 ἄξυρον,
467 1283 523 1323 qui
548 1283 593 1315 ibi
622 1283 810 1315 colebatur.

116 1332 160 1362 Et
188 1331 222 1361 in
246 1341 381 1362 nummo
413 1337 574 1372 argenteo
603 1334 738 1368 Pansae,
769 1333 811 1364 ab

115 1391 180 1412 uno
196 1382 316 1419 latere,
332 1391 443 1414 sovrs.
460 1392 574 1414 Axon.
590 1392 722 1415 vmrvs.
734 1393 765 1415 c.
780 1392 810 1414 F.

115 1440 145 1462 c.
164 1440 199 1463 N.
212 1431 254 1462 ab
269 1432 387 1471 altero,
402 1441 526 1464 PANSA.
549 1433 619 1464 Jos.
633 1433 718 1464 Scal.

156 1481 285 1522 Anxur]
317 1482 382 1512 Vel
412 1482 518 1521 Axur,
557 1487 596 1514 ut
624 1483 747 1523 legitur
776 1483 808 1514 in

114 1532 234 1563 Pansae
259 1532 471 1571 numismate,
494 1533 693 1564 Volscorum
715 1533 808 1573 oppi-

115 1582 206 1621 dum,
228 1592 247 1613 a
275 1582 403 1613 Latinis
426 1582 613 1618 Terracina,·
645 1583 808 1624 quinqua-

114 1633 241 1672 gesimo
255 1633 409 1663 milliario
422 1633 464 1664 ab
478 1633 561 1664 urbe
573 1633 712 1664 distans.
736 1634 808 1664 Liv.

115 1681 173 1712 lib.
192 1691 240 1712 1v.
264 1682 409 1713 ‘Anxur
431 1681 496 1712 fuit
519 1692 594 1723 quae
616 1682 807 1713 Terracinae

114 1731 216 1762 sunt!
253 1731 349 1762 Idem
367 1732 509 1762 Plinius.
553 1732 734 1762 Terracina
751 1741 808 1762 au-

116 1786 182 1812 tem
199 1782 331 1812 Graecis
346 1782 479 1821 τραχινὴ
496 1791 514 1812 a
528 1782 595 1812 loci
611 1782 809 1820 asperitate.

113 1831 226 1862 Strab.
242 1832 300 1861 lib.
315 1840 348 1863 v.
377 1833 468 1862 Axur
481 1836 593 1861 autem
611 1831 729 1862 dixere
739 1831 807 1861 Ve-

114 1887 204 1913 teres
220 1882 390 1914 obJovem
406 1882 589 1912 imberbem
607 1882 677 1913 sive
693 1881 811 1921 ἄξυρον,

115 1932 171 1971 qui
190 1931 235 1962 ibi
260 1932 448 1966 colebatur,
474 1938 510 1963 ut
526 1932 643 1963 scribit
661 1932 809 1963 Servius.

113 1982 194 2012 Dae.

156 2033 165 2051 ¹
178 2032 319 2063 Ennius:
350 2033 525 2073 Vulsculus]
540 2032 614 2064 Lib.
628 2042 681 2065 lv.
698 2033 807 2064 annal.

111 2081 178 2113 Sed
196 2082 239 2113 ibi
262 2082 387 2114 Volscus
403 2092 466 2113 non
488 2083 658 2114 Volsculus.
704 2084 713 2100 ‘
728 2084 807 2114 Vol-

111 2142 186 2163 scus
204 2132 353 2173 perdidit
371 2133 514 2165 Anxur)
538 2134 637 2165 Idem.

154 2188 168 2202 ¹¹
183 2182 265 2222 Ape]
290 2183 512 2223 Glossarium,
525 2185 533 2200 ‘
544 2183 632 2224 Ape,
647 2184 809 2215 κώλυσον.’

111 2236 120 2249 ‘
136 2232 240 2273 Apet‚
252 2233 425 2269 ἆποσοβεΐ.’
447 2235 516 2266 Jos.
531 2234 616 2266 Scal.

154 2283 238 2323 Ape]
268 2284 322 2315 Ab
349 2285 487 2326 antiquo
513 2294 599 2325 apeo,
629 2285 804 2326 prohibeo,

112 2342 303 2372 compesco.
326 2334 408 2364 Duc.

155 2386 169 2401 Χ
182 2382 207 2412 A
210 2382 367 2422 pellinem]
381 2384 427 2414 Ut
442 2385 450 2401 ‘
462 2383 559 2414 hemo
573 2383 580 2396 ’
593 2393 652 2425 pro
665 2384 674 2401 ‘
685 2384 807 2423 liom03’

114 2432 122 2449 ‘
137 2432 295 2472 agelum‚'
310 2436 320 2450 ‘
332 2433 487 2472 agotum?
511 2434 609 2465 Idem.

154 2486 169 2507 ἲ
184 2481 322 2522 Aperta]
349 2482 457 2513 Immo
473 2482 592 2523 Aperta
607 2484 720 2524 lingua
743 2484 806 2515 Ta-

111 2530 260 2569 rentina,
276 2541 352 2572 quae
368 2541 489 2570 magna
503 2542 545 2562 ex
562 2537 658 2571 parte
673 2532 807 2564 AEolen-

114 2581 159 2612 sis
171 2581 247 2619 fuit,
259 2580 399 2621 ἆπερῶτα
411 2582 443 2612 id
458 2581 806 2622 εεῖ,ἠπειρώτης,ι]ιιοᾶ

114 2632 357 2662 transmarinus
367 2633 461 2662 Deus
479 2632 522 2662 sit
536 2636 570 2662 et
587 2633 806 2672 peregrinu83

115 2690 190 2712 nam
204 2682 304 2722 regiis
318 2682 524 2722 temporibus
538 2683 671 2722 ignotus
685 2681 807 2721 Apollo

115 2731 285 2767 Romanis,
313 2737 349 2762 ut
364 2742 406 2763 ex
424 2732 615 2763 Pontificiis
635 2732 727 2764 libris
745 2732 808 2763 Ar-

203 2784 317 2824 Delph.
332 2787 360 2815 el
379 2785 452 2816 Var.
472 2786 553 2815 Clas.

867 1129 987 1161 nobius
1004 1129 1132 1161 refert:
1156 1131 1253 1171 cujus
1278 1130 1326 1161 rei
1350 1130 1451 1161 fidem
1480 1130 1564 1162 facit

867 1190 990 1211 nomen
1007 1180 1175 1221 Apollinis
1196 1181 1369 1212 Graecum.
1413 1181 1449 1212 Si
1475 1181 1563 1211 enim
1607 1216 1609 1219 7

867 1231 1052 1273 antiquitus
1070 1231 1230 1262 Romanis
1245 1235 1342 1261 notus
1359 1231 1489 1271 fuisset,
1504 1241 1562 1272 pe-

867 1283 1000 1322 regrino
1023 1291 1099 1312 eum
1127 1280 1260 1312 nomine
1291 1291 1357 1312 non
1388 1281 1563 1322 designas-

867 1338 964 1362 sent:
989 1336 1025 1362 at
1048 1332 1164 1362 Venus
1189 1331 1404 1372 peregrinum
1428 1341 1562 1372 quoque

867 1391 1002 1418 numen,
1018 1391 1139 1413 nomen
1156 1386 1268 1413 autem
1287 1383 1486 1423 Romanum,
1502 1382 1562 1414 sed

865 1432 926 1472 ita,
942 1437 979 1463 ut
998 1433 1212 1473 peregrinum
1229 1432 1420 1472 significet3
1446 1432 1560 1463 Venus

865 1483 954 1513 enim
979 1492 998 1513 a
1014 1481 1180 1513 veniendo
1208 1482 1302 1523 quasi
1327 1482 1420 1513 dicas
1446 1481 1562 1522 προσή-

864 1531 1056 1563 λυτονΘεόν.
1072 1533 1141 1563 Jos.
1152 1533 1306 1572 Scaliger.
1322 1532 1516 1572 Ἠπειρώτης,
1536 1545 1562 1563 ει

863 1587 994 1613 mutato
1011 1583 1043 1613 in
1057 1595 1084 1621 ε,
1095 1588 1129 1613 et
1142 1595 1161 1620 η
1174 1584 1205 1613 in
1223 1595 1252 1618 α,
1264 1588 1301 1614 ut
1315 1583 1426 1614 lEoles
1441 1584 1562 1622 solent,

863 1631 1032 1672 ἆπερώτας,
1054 1632 1208 1671 ἀπερώτα,
1236 1637 1272 1664 et
1296 1642 1460 1673 syncope,
1483 1642 1560 1673 quae

864 1684 968 1713 etiam
1009 1683 1143 1713 illorum
1173 1687 1226 1713 est
1257 1683 1406 1723 propria.
1432 1681 1561 1723 ἆπέρτα,

863 1737 995 1772 aperta.
1049 1732 1105 1763 Sic
1129 1736 1242 1764 autem
1266 1733 1377 1763 dictus
1400 1732 1489 1773 quod
1516 1742 1560 1764 ex

864 1782 1003 1812 Graecia
1018 1782 1163 1818 venerit,
1173 1792 1248 1823 quae
1260 1782 1392 1813 Graecis
1402 1781 1560 1823 Ἤπειρος.

862 1832 1032 1863 Pacuvius
1046 1833 1078 1862 in
1091 1842 1258 1863 armorum
1271 1832 1418 1872 judicio,
1442 1833 1561 1872 ‘Aper-

863 1883 909 1914 tai
936 1882 1028 1913 fatur
1053 1883 1172 1921 dictio,
1203 1883 1229 1912 si
1255 1883 1446 1922 intelligas:
1486 1882 1559 1913 Tali

861 1933 932 1963 dari
970 1942 1064 1963 arina
1094 1933 1212 1973 qualis,
1245 1932 1301 1974 qui
1331 1933 1448 1972 gessit,
1481 1932 1560 1968 fuit,

859 1981 981 2021 Jubet,
1016 1982 1119 2022 potiri
1144 1982 1172 2013 si
1203 1981 1398 2013 studeamus
1430 1982 1558 2023 Perga-

864 2031 940 2063 mo.'
964 2033 1047 2062 Dac.

903 2087 915 2102 2
932 2080 1077 2121 Cortina]
1092 2080 1120 2111 A
1134 2079 1257 2112 Graeco
1270 2079 1394 2119 χόρτος,
1406 2089 1559 2121 gramen,

861 2131 928 2163 und
951 2135 1106 2172 eseptum
1132 2130 1326 2169 rotundum,
1341 2130 1418 2171 quia
1440 2129 1558 2170 χόρτῳ,

862 2183 1027 2224 gramine,
1043 2183 1077 2213 in
1089 2182 1202 2213 orbem
1221 2181 1427 2222 signabatur,
1443 2180 1558 2220 χόρτος

860 2234 989 2265 dictum
1010 2237 1061 2265 est
1088 2232 1251 2264 Homero.
1296 2232 1340 2262 Et
1364 2231 1441 2262 inde
1460 2241 1557 2263 voca·

861 2283 975 2315 bulum
993 2287 1144 2314 nostrum
1161 2283 1192 2312 la
1207 2285 1305 2312 court.
1352 2281 1437 2312 Inde
1454 2282 1557 2313 etiam

858 2333 962 2373 locus,
976 2333 1064 2364 unde
1081 2333 1250 2363 dabantur
1259 2330 1426 2371 Apollinis
1443 2340 1559 2363 oracu-

860 2385 904 2424 la,
921 2384 1055 2414 cortina.
1078 2383 1185 2414 Idem.

903 2432 1041 2473 ²Apex]
1059 2433 1229 2463 Cacumen
1257 2430 1348 2471 pilei.
1395 2432 1480 2463 Eum
1508 2433 1557 2465 sic

861 2483 1027 2514 describit
1052 2483 1208 2512 Servius:
1232 2481 1355 2522 ‘Apex
1379 2482 1504 2513 dicitur
1521 2484 1556 2515 in

862 2542 988 2564 summo
998 2531 1157 2562 Flaminis
1173 2531 1262 2571 pileo
1277 2532 1506 2572 virgalanata3
1521 2532 1555 2562 id

861 2588 925 2622 est,
940 2584 972 2613 in
990 2582 1086 2622 cujus
1102 2581 1319 2613 extremitate
1333 2581 1463 2613 modica
1478 2582 1557 2613 lana.

862 2632 938 2664 est.'
960 2633 1058 2663 Idem.

905 2683 919 2703 b
939 2683 1027 2713 Unde
1041 2681 1146 2723 aptus]
1171 2682 1268 2723 Virg.
1286 2682 1295 2698 ‘
1313 2682 1368 2713 ubi
1393 2682 1555 2714 maximus

865 2732 962 2764 Atlas
990 2732 1096 2765 Axem
1122 2734 1262 2764 humero
1288 2738 1424 2775 torquet
1448 2733 1554 2763 stellis

741 2786 851 2825 Pomp.
869 2786 953 2817 fest,
1443 2786 1469 2816 F
