1835 2906
362 189 422 218 DE
454 188 722 220 VERBORUM
758 188 1163 219 SlGNIFlCA'I‘lONE
1200 192 1290 221 [ΑΒ.
1324 193 1396 223 111.

1514 183 1597 223 165

156 283 398 338 elypeum-²
429 284 594 338 antiqui
616 285 671 325 ob
692 284 1005 326 rotunditatem
1028 285 1162 326 etiam
1184 289 1346 329 corium
1368 289 1496 330 bovis
1519 302 1598 344 ap-

212 351 439 404 pellarunt,
460 351 502 392 in
523 365 613 406 quo
630 352 776 393 foedus
794 351 1066 394 Gabiorum⁶
1098 366 1198 394 cum
1223 354 1439 397 Romanis
1455 356 1600 398 fuerat

211 419 494 472 descriptum.

155 485 455 536 CNASONAs,⁷
474 494 488 509 Χ
510 501 633 538 acus,
654 489 813 542 quibus
833 487 1036 528 mulieres
1057 489 1261 542 scalpunt
1281 497 1432 544 caput.

156 552 445 607 Cnephosum
459 555 473 579 ⁸
492 561 509 584 y
531 556 703 609 antiqui
725 555 934 597 dicebant
955 557 1270 598 tenebricosum
1289 571 1300 609 3
1323 558 1472 600 Graeci
1486 559 1602 600 enim

211 621 346 671 κνέφας
368 624 597 677 appellant
616 625 865 665 obscurum.

157 685 396 731 COCETUM
414 696 430 722 ⁹
446 696 460 712 ²
490 704 626 744 genus
651 691 789 732 edulii
811 703 872 731 ex
891 692 1020 733 melle
1042 696 1325 747 etpapavere
1345 694 1526 736 factum.

763 799 881 812 eeeeee

882 801 1004 813 emec·

197 877 217 904 6
241 874 295 906 Al.
320 875 579 907 Sabinorum—7
604 876 748 910 Quidam
779 878 1000 908 Cnaonas.—-8
1026 876 1081 909 Al.
1108 878 1397 919 Cneplzonsum.-9
1420 879 1473 912 Al.
1494 880 1603 912 Cocce-

159 921 233 948 tum.
277 919 346 950 Pro
362 919 469 960 edulii,
485 920 596 961 inquit
614 920 699 951 Dac.
716 920 836 951 melius
855 930 930 952 cum
946 921 1070 952 Vossio
1086 921 1178 960 legas
1191 921 1338 961 potionis.

814 1022 955 1054 NOTAE

159 1100 229 1138 get,
244 1095 404 1135 inclytum.
427 1095 579 1137 Simplex
594 1097 710 1127 elutum
722 1105 787 1128 non
804 1101 856 1128 est

158 1148 190 1178 in
206 1157 278 1178 usu.
301 1147 402 1178 Idem.

202 1203 215 1218 ²¹
234 1197 397 1239 Clypeum]
411 1196 441 1228 A
452 1197 574 1229 Gtaeco
590 1197 725 1234 κυκλίον,
741 1203 856 1230 rotun-

159 1249 250 1289 dum,
266 1259 328 1290 per
351 1248 646 1289 transpositionem
671 1249 858 1280 literarum.

159 1300 249 1331 Nam
268 1299 407 1340 clypeos
430 1298 591 1330 rotundos
606 1297 710 1330 fuisse
726 1303 856 1330 certum

160 1355 231 1382 est:
250 1350 284 1381 id
299 1354 418 1391 aperte
431 1349 584 1381 declarat
596 1349 771 1389 Virgilius,
787 1349 857 1391 qui,

159 1406 198 1432 ut
214 1401 396 1432 rotundum
419 1400 623 1441 Polyphemi
648 1400 781 1431 oculum
799 1400 856 1431 de-

159 1456 338 1490 monstret,
352 1452 401 1483 ait
416 1451 533 1492 fuisse,
555 1452 564 1468 ‘
580 1450 728 1492 Argolici
745 1452 859 1492 clypei

160 1507 219 1535 aut
237 1503 397 1535 Phoebeae
421 1504 586 1545 lampadis
612 1504 745 1536 instar.¹
789 1504 859 1535 Ubi

161 1553 240 1585 solis
255 1558 289 1585 et
307 1554 419 1595 clypei
446 1554 589 1585 eandem
616 1564 690 1586 esse
717 1553 859 1585 formam

162 1603 256 1637 dicit.
289 1604 346 1636 Sic
362 1605 496 1636 Graecis
513 1606 654 1646 clypeus
670 1604 762 1636 ἀσπὶς
779 1604 860 1635 dici-

162 1659 229 1686 tur.
273 1657 373 1687 Unde
392 1656 561 1687 Homerus
588 1656 702 1687 ἀσπίδα
725 1654 862 1686 πάντοσε

161 1705 260 1745 'ternus‘
270 1707 437 1747 Clypeum
448 1706 664 1747 undiquaque
677 1705 863 1747 aequalem,'

163 1756 253 1796 quod
270 1761 401 1787 tantum
418 1757 565 1788 rotunda
582 1756 690 1787 forma
716 1756 861 1796 recipit:

163 1806 255 1837 ἀσπὶς
270 1811 382 1838 autem
401 1807 646 1845 rotunditatem
663 1806 789 1846 signat,
805 1815 865 1836 un-

164 1855 207 1887 de
224 1865 363 1897 serpens
382 1857 436 1887 ille
453 1857 635 1888 orbiculari
658 1866 733 1888 sese
757 1855 866 1887 forma

165 1907 341 1938 involvens
371 1907 463 1939 ἀσπὶς
489 1908 601 1939 dictus
629 1912 691 1939 est.
748 1908 864 1941 Quare

167 1958 373 2000 Hesychius,
401 1961 434 1990 in
463 1960 520 1991 illo
548 1960 689 1991 Homeri
704 1959 805 1990 Iliad.
828 1964 864 1991 A.

166 2010 204 2041 δι’
221 2009 365 2041 ἀσπιδέος
389 2009 516 2050 πεδίοιο,
538 2009 665 2042 ἀσπίδες
689 2009 796 2041 πεδίον
817 2010 866 2041 in-

167 2067 377 2102 terpretatur
414 2060 585 2102 περιφερὲς,
625 2061 633 2077 ‘
659 2060 866 2092 rotundum.'

166 2113 222 2144 Sic
239 2113 358 2144 Attius
384 2112 639 2153 Agamemnone
667 2112 676 2128 ⁴
694 2111 770 2143 coeli
798 2111 867 2152 cly-

168 2174 268 2205 peum
280 2164 288 2176 '
311 2165 420 2196 dixit:
444 2166 452 2180 ‘
468 2165 509 2195 In
526 2164 689 2195 altissimo
706 2163 782 2194 coeli
797 2163 866 2203 cly-

170 2225 234 2255 peo
260 2220 350 2247 temo
376 2220 517 2256 superat
541 2214 681 2246 stellas?
725 2214 779 2245 Ab
805 2214 868 2244 hac

168 2266 274 2303 igitur
303 2267 414 2306 clypei
451 2264 699 2306 significatione
732 2265 870 2304 clypeum

170 2315 288 2347 dixere
304 2316 432 2347 corium
449 2316 481 2347 in
497 2326 564 2357 quo
580 2315 791 2347 Gabinorum
808 2314 869 2344 foe-

172 2366 234 2396 dus
251 2366 471 2405 descriptum.
495 2367 594 2397 Idem.

214 2421 229 2436 Χ
266 2415 441 2455 Cnasonas]
479 2416 632 2447 Isidorus
652 2427 658 2446 :
697 2420 705 2433 ⁴
724 2416 872 2455 Cnason,

174 2478 268 2508 acus,
284 2477 350 2509 qua
363 2467 482 2498 mulier
494 2471 599 2507 caput
611 2467 757 2507 scalpit!
780 2467 871 2497 Nam

173 2519 300 2560 duplex
325 2522 378 2549 est
398 2527 478 2549 acus
497 2518 726 2549 ornatricum:
752 2517 874 2556 altera,

175 2580 242 2610 qua
256 2569 414 2609 scalpunt
429 2573 547 2609 caput,
571 2577 644 2608 quae
668 2567 874 2598 discernicu-

911 1097 961 1128 καὶ
977 1098 1111 1138 σύριγγα
1127 1103 1262 1129 vocant.
1302 1098 1415 1129 Latini
1431 1098 1533 1129 etiam
1550 1099 1611 1130 ali-

910 1147 1045 1188 quando
1062 1148 1218 1189 fistulam.
1265 1148 1329 1178 Est
1354 1151 1467 1178 autem
1488 1148 1611 1179 Cnason

912 1199 1106 1230 Tarentinae
1122 1199 1258 1239 linguae.
1303 1200 1392 1230 Nam
1407 1198 1613 1230 Tarentino-

912 1259 986 1280 rum
1024 1249 1198 1290 proprium
1227 1254 1279 1280 est
1309 1248 1480 1289 simplicia
1504 1249 1613 1280 verba

911 1299 991 1330 κατὰ
1002 1299 1193 1340 παραγωγὴν
1204 1299 1393 1340 producere
1405 1310 1413 1329 :
1432 1303 1468 1330 ut
1483 1299 1525 1330 ab
1536 1298 1615 1340 ἄγω,

910 1348 1027 1390 ἆγάζω.
1073 1350 1173 1382 Unde
1190 1351 1309 1390 Agame,
1333 1350 1349 1380 ὁ
1366 1347 1511 1389 ἆγάζωνι
1533 1350 1578 1381 Et
1595 1359 1616 1380 a

912 1399 1006 1441 κνάω,
1020 1401 1091 1441 κνῶ,
1108 1398 1225 1438 κνάζωε
1252 1400 1342 1432 unde
1361 1401 1475 1440 Gna-3⁰,
1493 1400 1510 1430 ὅ
1525 1398 1614 1437 κνάζ-

913 1464 965 1484 ων.
1010 1451 1078 1483 Sed
1094 1452 1137 1483 de
1153 1452 1217 1482 hoc
1234 1451 1326 1482 alibi.
1341 1452 1411 1482 Jos.
1422 1450 1508 1482 scal.

956 1509 969 1530 Y
1004 1502 1210 1543 Cnephosum]
1249 1502 1289 1533 L.
1314 1511 1359 1532 m.
1391 1501 1616 1541 Cnephonsum.

913 1553 1030 1584 Velius
1044 1554 1182 1593 Longus
1193 1552 1236 1583 de
1249 1551 1518 1592 orthographia:
1534 1551 1544 1567 ‘
1557 1551 1618 1581 Se·

914 1604 1049 1645 quenda
1079 1607 1132 1634 est
1165 1611 1406 1642 nonnunquam
1444 1601 1618 1641 elegantia

915 1655 1140 1693 eruditorum,
1162 1653 1218 1694 qui
1243 1652 1405 1693 quasdam
1422 1652 1555 1691 literas,
1570 1652 1618 1682 le-

917 1704 1031 1736 vitatis
1058 1713 1174 1743 causa,
1206 1703 1405 1744 omiserunt,
1435 1703 1535 1733 sicuti
1563 1702 1618 1734 Ci-

919 1764 1012 1796 cero,
1028 1754 1084 1796 qui
1100 1753 1250 1793 Foresia,
1269 1754 1471 1794 Megalesia,
1495 1752 1620 1784 Horte-

917 1806 980 1845 sia,
1017 1805 1088 1836 sine
1114 1814 1136 1834 η
1161 1804 1264 1835 litera
1290 1804 1435 1835 libenter
1460 1802 1621 1834 dicebat!

920 1856 993 1887 Ful.
1015 1855 1123 1886 Ursin.

966 1905 1174 1947 Cnephosum]
1211 1903 1243 1935 A
1270 1903 1394 1935 Graeco
1424 1902 1537 1942 κνέφας
1567 1903 1621 1933 vel

920 1956 1046 1997 κνέφος,
1067 1958 1076 1974 ‘
1093 1954 1269 1987 tenebrae!
1326 1954 1413 1985 Nam
1440 1958 1621 1994 utrumque

920 2010 1054 2041 dicitur.
1101 2007 1190 2038 Vide
1206 2011 1215 2024 ‘
1230 2004 1474 2045 Gnephosum.'
1499 2005 1581 2035 Duc.

963 2065 975 2079 Ζ
993 2057 1154 2097 cocetum]
1177 2056 1422 2093 Tertullianus,
1439 2053 1526 2084 libro
1543 2063 1624 2084 con-

922 2114 977 2141 tra
999 2107 1282 2140 Valentinianos:
1307 2107 1315 2122 ‘
1332 2104 1525 2135 Pandoram
1551 2104 1623 2135 He-

923 2160 1029 2192 siodi:
1049 2158 1135 2190 Acci
1152 2157 1321 2197 patinam:
1350 2154 1508 2185 Nestoris
1527 2164 1625 2186 coce-

924 2218 1017 2244 tum:
1041 2207 1291 2241 Miscellaniam
1320 2204 1525 2236 Ptolemaei.’
1555 2206 1626 2236 Jos.

925 2264 1010 2295 Scal.

971 2311 1133 2351 Cocetum]
1151 2311 1178 2342 A
1198 2310 1321 2341 Graeco
1337 2302 1628 2346 xvndwfmisceo?

926 2364 1063 2406 proprie
1080 2363 1122 2393 de
1140 2358 1346 2402 potionibus.
1384 2358 1542 2396 Cwetum,
1558 2366 1578 2386 u
1594 2356 1627 2387 in

926 2428 953 2455 ο,
975 2417 1122 2446 cocetum.
1156 2409 1312 2441 Nestoris
1338 2411 1493 2439 cocetum
1518 2406 1625 2437 nomi-

927 2471 986 2497 nat
1002 2461 1233 2496 Tertullianus
1259 2459 1292 2489 in
1320 2459 1408 2489 libro
1424 2462 1546 2489 contra
1560 2457 1627 2487 Va-

926 2514 1156 2547 lentinianos:
1194 2511 1203 2527 ‘
1224 2508 1417 2541 Pandoram
1457 2507 1598 2538 Hesiodi
1619 2518 1628 2538 ε

930 2565 1015 2597 Acci
1046 2563 1225 2594 Patinam:
1259 2559 1418 2591 Nestoris
1446 2557 1629 2589 cocetum.'

174 2622 243 2652 lum
261 2621 403 2660 dicitur;
425 2621 542 2659 altera,
559 2629 624 2661 qua
640 2619 750 2650 crines
766 2618 877 2657 figunt
931 2615 997 2647 Ubi
1024 2611 1207 2645 manifesto
1232 2612 1369 2642 κυκεῶνα
1396 2609 1554 2641 Nestoris
1578 2617 1630 2638 re-

178 2676 214 2703 et
239 2671 421 2711 sustinent,
452 2680 551 2712 quam
579 2670 693 2702 Graeci
722 2667 877 2707 καλαμίδσι

932 2665 1047 2706 spicit,
1069 2663 1112 2695 de
1137 2672 1201 2703 qua
1218 2661 1360 2693 Homer.
1385 2659 1485 2691 Iliad.
1501 2663 1536 2690 A.
1561 2657 1630 2689 Pro
