1835 2906
338 164 402 194 DE
435 161 707 193 VERBORUM
742 156 1159 190 SIGNIFICATIONE
1194 156 1289 184 Llss.
1326 155 1435 184 Vlll.

1551 142 1635 183 311

191 261 460 302 HUMANUM
518 256 830 299 sacrificiumm
881 252 1104 301 dicebant,
1146 250 1262 303 quod
1302 249 1461 290 mortui
1502 260 1638 288 causa

246 328 391 368 fiebat.

190 396 529 437 HYPERBOREI
552 399 569 414 ¹¹
611 404 747 445 snpra
787 387 1008 442 aquilonis
1048 385 1198 425 flatum
1226 385 1474 424 habitantes
1515 383 1638 431 dicti,

243 462 361 516 quod
382 463 586 502 humanae
618 461 722 501 vitae
744 457 916 498 modum
937 454 1159 495 excedant
1180 452 1371 493 vivendo
1394 451 1505 491 ultra
1541 463 1641 491 cen·

246 531 447 571 tesimum
470 543 646 578 annum,
683 527 728 568 id
759 530 838 575 est,
870 520 1144 579 ὑπερβαίνοντες
1158 518 1234 575 ἔρον
1254 518 1611 560 saeeulihumani.

196 599 500 652 Hyperionem
516 602 531 618 ⁰
553 597 629 637 alii
658 600 827 648 patrem
851 592 972 640 solis,
996 591 1073 631 alii
1095 590 1256 643 ipsum,
1280 586 1396 641 quod
1417 591 1490 626 eat
1510 598 1643 639 super

250 672 402 715 terras,
418 666 478 706 ita
500 664 771 717 appellatum
793 660 1026 714 putabant.

851 786 995 819 NOTAE

193 868 387 907 nificalmnt,
417 872 453 898 nt
481 867 611 906 liostis3
643 876 718 897 nam
750 870 819 896 tuin
851 874 891 895 eo

194 919 298 949 verbo
316 918 478 949 dicebant
503 918 732 957 peregrinum,
751 915 805 955 qui
823 914 891 944 suis

193 970 323 1009 legibus
349 974 515 1009 uteretur,
549 978 636 998 nunc
661 968 779 998 dicunt
803 975 892 1001 euni,

195 1029 294 1059 qnein
312 1025 380 1050 tum
399 1018 555 1049 dicebant
575 1015 808 1058 perduellem?
839 1015 893 1045 Ita

197 1073 317 1103 Cicero
345 1078 379 1102 et
404 1072 468 1112 leg.
495 1074 545 1102 12.
574 1071 643 1102 tab.
677 1072 685 1087 ‘
703 1070 759 1100 Sei
784 1074 892 1099 status

196 1122 374 1153 condictus
402 1122 473 1153 dies
496 1122 678 1153 intercedit
702 1130 778 1151 cnm
799 1121 893 1150 lioste

196 1172 267 1203 ito.’
313 1174 398 1206 Qnae
428 1173 532 1203 verba
549 1174 599 1203 12.
629 1172 731 1202 tabul.
751 1170 893 1201 Plautus

196 1224 374 1263 usurpavit
391 1224 421 1253 in
440 1223 578 1254 Curcul.
610 1222 619 1238 ‘
635 1222 670 1252 Si
695 1220 795 1252 statu’
813 1230 893 1251 con-

197 1273 310 1304 dictus
323 1283 397 1303 cum
415 1273 510 1303 hoste
527 1271 710 1303 intercedit
727 1270 813 1307 dies,
826 1270 893 1300 Ta-

197 1336 273 1357 men
288 1331 340 1356 est
353 1325 525 1356 eundum.'
549 1325 685 1356 Servius
701 1334 749 1356 ιν.
764 1323 895 1355 AEneid.

198 1379 206 1394 ‘
225 1376 423 1407 Herodotus
446 1376 583 1415 Persas,
606 1376 661 1416 qni
686 1380 783 1406 erant
800 1375 897 1406 Grae-

198 1437 313 1458 corum
331 1427 458 1464 hostes,
479 1426 581 1466 ξένους
603 1437 620 1456 a
645 1425 898 1456 Lacedaemoniis

197 1478 388 1518 appellatos
407 1476 510 1507 refert
527 1488 533 1508 ι
563 1477 640 1508 inde
658 1476 760 1507 nostri
785 1477 899 1507 hostes

199 1539 260 1570 pro
276 1529 463 1569 hospitibus
481 1528 656 1565 dixerunt,
672 1537 747 1557 nain
772 1526 899 1557 inimici

200 1578 390 1619 perduelles
405 1577 630 1609 dicebantur.’
664 1577 718 1608 Ab
736 1577 798 1607 hac
812 1577 900 1616 prio-

200 1631 228 1660 ri
259 1631 356 1661 hostis
394 1629 642 1669 significatione
675 1628 767 1658 Galli
796 1628 899 1657 etiam

199 1690 289 1711 nunc
307 1681 441 1720 hospites
464 1684 587 1710 vocant
614 1680 728 1709 hostes.
775 1678 899 1717 Neque

202 1731 288 1761 enirn
307 1731 476 1761 Gallicum
494 1730 578 1760 hoste
600 1735 653 1760 est
672 1729 712 1760 ab
732 1729 847 1768 hospes,
864 1732 900 1758 ut

202 1780 337 1821 quidam
356 1781 575 1810 somniarunt.
601 1780 680 1810 Duc.

244 1837 267 1851 ¹¹¹
286 1832 319 1862 H
325 1841 466 1861 umanum
480 1830 684 1872 sacrficium]
703 1828 802 1862 Quod
815 1838 904 1859 mor-

205 1882 247 1911 tis
277 1892 378 1912 causa
407 1880 522 1911 fiebat.
584 1880 669 1911 Nam
702 1889 776 1910 cuin
818 1888 902 1909 nior-

204 1937 273 1962 tem
291 1931 529 1970 designabant,
552 1930 716 1960 humanum
738 1939 901 1969 usurpare

204 1982 358 2013 solebant
383 1982 535 2019 Veteres,
568 1980 577 1996 ⁴
602 1982 629 2011 si
658 1981 737 2020 qnid
769 1979 903 2010 lnnnani

205 2032 284 2063 mihi
317 2030 476 2070 accidat,y
509 2035 517 2048 ‘
541 2031 566 2061 si
599 2030 679 2071 qnid
713 2029 904 2060 humanitus

205 2082 363 2113 accidat:
417 2081 564 2112 Ennius:
587 2081 596 2096 ‘
615 2081 640 2110 si
666 2080 745 2120 quid
779 2089 830 2110 nie
854 2078 906 2109 fn·

206 2130 495 2172 vat11umanitus‚'
518 2132 539 2162 i.
563 2131 588 2160 si
605 2140 693 2162 mors
720 2131 906 2170 contingat.

208 2185 307 2214 Idem.

251 2239 265 2253 ¹¹
289 2233 501 2274 Hyperborei]
525 2232 563 2262 Οἱ
580 2230 653 2272 ὑπὲρ
669 2230 783 2271 Βορέαν
800 2239 905 2270 popu-

208 2284 244 2319 li,
275 2284 332 2323 qni
359 2292 458 2322 supra
491 2283 647 2312 Boream.
708 2282 785 2312 Nou
816 2280 905 2321 quod

211 2333 300 2373 apud
327 2342 384 2362 eos
407 2341 472 2362 non
497 2333 603 2371 spiret
622 2333 764 2369 Boreas,
785 2337 819 2361 nt
838 2331 908 2362 He-

212 2384 351 2414 rodotus
369 2383 482 2413 tradit.
528 2384 636 2414 Quam
653 2385 843 2423 opinionem
862 2392 910 2411 se-

213 2439 310 2464 cutus
339 2433 508 2463 Pindarus
527 2431 741 2472 Olyinp.111.
777 2431 835 2462 Ἰδὲ
860 2432 912 2461 κά·

214 2484 317 2516 κείναν
340 2483 437 2523 χθόνα
456 2484 567 2513 Πνοιᾶς
585 2482 708 2513 ὄπισθεν
734 2482 831 2522 Βορέα
852 2486 912 2511 Ψυ-

946 862 1038 903 χροῦ.
1092 865 1100 878 ‘
1132 860 1217 890 Vide
1250 864 1373 890 terram
1407 857 1496 888 illam
1539 856 1646 886 Retro

947 913 1047 944 flatus
1064 913 1184 942 Boreae
1203 908 1354 950 Frigidi:
1400 908 1485 938 Post
1502 906 1646 938 Olenein

948 965 1100 1005 Lycium,
1114 963 1182 1004 qui,
1196 966 1233 992 nt
1245 962 1345 992 docet
1361 960 1507 990 Pausan.
1521 959 1647 998 primus

947 1016 1034 1046 dixit
1049 1023 1121 1044 esse
1148 1012 1310 1054 quosdam
1340 1010 1490 1040 homines
1518 1007 1547 1038 οἳ
1574 1006 1647 1047 ὑπὲρ

947 1067 1002 1097 τὸν
1031 1066 1141 1104 ἄνεμον
1166 1064 1281 1095 οἰκοῦσι
1306 1061 1363 1093 τὸν
1387 1060 1511 1101 Βορέαν,
1555 1059 1564 1076 ‘
1581 1060 1647 1091 Qui

949 1128 1051 1157 supra
1068 1122 1204 1147 ventum
1222 1114 1377 1145 habitant
1389 1109 1556 1142 Boream-²
1580 1110 1647 1141 Sed

949 1168 1038 1210 quod
1058 1168 1179 1198 Borea-e
1198 1164 1311 1195 flatum
1329 1161 1511 1200 excedant,
1530 1161 1596 1199 vel,
1614 1165 1651 1190 ut

950 1219 1098 1257 Servius,
1114 1216 1201 1257 qnod
1229 1225 1342 1255 snpra,
1360 1213 1474 1249 idest,
1491 1212 1579 1241 ultra
1594 1220 1650 1240 eos

949 1269 1008 1301 flet
1024 1270 1166 1300 Boreas.
1213 1266 1359 1305 Fuitque
1378 1263 1519 1304 primum
1536 1271 1553 1291 a
1572 1259 1652 1300 poe-

951 1321 993 1351 tis
1010 1318 1156 1350 conficta
1173 1326 1236 1346 vox
1252 1313 1446 1355 hyperborei,
1464 1321 1529 1352 qua
1546 1321 1652 1352 popu-

953 1372 1002 1402 los
1018 1367 1235 1411 Βορειοτάτους
1252 1368 1373 1398 Boreae
1390 1364 1562 1406 proximos
1586 1362 1652 1403 sig-

954 1421 1146 1452 nificarent.
1182 1418 1336 1450 Ridicule
1348 1417 1469 1447 Festus
1485 1414 1556 1445 sive
1571 1413 1658 1443 Pau-

955 1473 1005 1503 lus
1024 1468 1258 1511 ὑπερβαίνοντες
1273 1466 1354 1507 ὅρον,
1370 1465 1577 1497 excedentes
1592 1469 1656 1493 ter·

956 1523 1080 1554 niinnni
1112 1520 1229 1552 saeculi
1258 1518 1406 1549 humani.
1451 1516 1551 1546 Mere
1579 1514 1655 1544 bar-

955 1573 1036 1604 bara
1075 1570 1258 1602 balbuties.
1326 1569 1381 1599 De
1433 1565 1656 1607 hyperboreis

955 1624 1052 1656 multi
1082 1623 1190 1653 multa
1215 1618 1399 1650 tradidere.
1444 1616 1533 1646 Vide
1564 1616 1656 1645 Stra-

957 1676 1090 1707 bonem.
1135 1673 1225 1704 Plin.
1245 1671 1304 1702 lib.
1320 1678 1369 1700 1v.
1397 1677 1473 1708 cap.
1491 1670 1543 1698 12.
1582 1666 1657 1696 Me-

955 1727 1019 1757 lam
1044 1725 1101 1755 lib·
1118 1733 1144 1755 1.
1167 1732 1243 1763 cap.
1260 1725 1291 1752 2.
1315 1725 1351 1751 et
1372 1719 1430 1750 lib.
1451 1727 1506 1749 ιη.
1532 1727 1608 1757 cap.
1625 1720 1656 1746 5.

956 1776 1087 1807 Horum
1122 1773 1294 1813 regionem
1329 1771 1454 1801 inviam
1486 1767 1658 1798 fabulatur

956 1827 1128 1858 Pindarus
1161 1824 1264 1865 Pytli.
1291 1822 1358 1852 Od.
1385 1830 1454 1852 vu.
1488 1817 1590 1850 Ναυσὶ
1611 1817 1656 1856 δὲ,

956 1877 1028 1908 οὔτε
1043 1875 1135 1915 πεζὸς
1157 1875 1213 1905 ἐὼν
1232 1872 1337 1915 Εὕροις
1352 1872 1390 1903 ἂν
1414 1871 1444 1902 ἐς
1467 1868 1660 1910 ὑπερβορέων

957 1930 1064 1968 ἀγῶνα
1089 1924 1269 1965 θαυμαστάν
1292 1922 1374 1954 ὁδόν.
1421 1925 1430 1940 ⁶
1460 1922 1536 1953 Nec
1567 1921 1659 1952 navi-

957 1979 1019 2010 bus
1050 1988 1158 2018 neque
1190 1976 1293 2016 pedes
1325 1974 1475 2005 existens
1503 1972 1661 2003 Invenias

960 2029 1094 2071 quidem
1120 2028 1161 2058 ad
1194 2026 1484 2067 hyperboreoruin
1517 2032 1663 2053 conven-

961 2087 1032 2113 tum
1050 2081 1194 2110 Beatam
1213 2075 1324 2107 viam.'
1351 2074 1436 2104 Vide
1451 2073 1570 2113 Steph.
1586 2072 1663 2103 Cle-

962 2132 1022 2162 rici
1039 2131 1171 2162 Quaest.
1188 2127 1411 2158 Academ.1v.
1437 2123 1534 2153 Idem.

1003 2186 1017 2201 0
1045 2177 1268 2220 Hyperionem]
1293 2176 1377 2208 Coeli
1396 2180 1428 2205 et
1445 2174 1562 2204 Terrae
1579 2171 1665 2202 filius

961 2231 1027 2263 suit
1045 2230 1223 2272 Hymrz’mz,
1247 2227 1303 2268 qui
1325 2236 1366 2256 ex
1382 2226 1473 2256 Thea
1486 2223 1665 2259 Auroram,

963 2283 1085 2317 Solem,
1101 2285 1136 2310 et
1152 2281 1280 2310 Lunam
1298 2276 1461 2315 suscepit.
1507 2273 1667 2314 Apollod.

964 2332 1083 2363 Statim
1118 2330 1213 2360 initio
1245 2327 1301 2358 lib.
1334 2336 1356 2356 1.
1417 2326 1516 2364 Saepe
1551 2330 1664 2354 tamen

968 2381 1132 2422 Hyperion
1151 2390 1212 2420 pro
1230 2379 1302 2418 ipso
1317 2377 1398 2407 sole.
1427 2375 1530 2405 Ovid.
1548 2376 1556 2391 ‘
1572 2374 1664 2406 Jam—

969 2442 1031 2472 que
1069 2431 1149 2460 duas
1187 2429 1271 2459 lucis
1311 2423 1426 2467 partes
1466 2425 1664 2465 Hyperione

970 2491 1097 2519 menso,
1113 2479 1328 2509 Discubuere
1346 2475 1452 2509 toris.y
1479 2476 1578 2505 Idem,
1605 2512 1607 2515 ι
