1835 2906
161 135 248 178 222

598 142 750 174 SEXTI
785 141 991 173 POMPEII
1027 140 1165 172 FESTI

218 254 320 295 que,
353 239 557 280 Poputo
586 238 821 288 ROMANO,
840 238 1270 289 Qmmwnmscmn,
1290 232 1405 288 quod
1428 236 1496 276 est
1516 233 1602 274 Cu-

217 307 447 348 rensibus:
480 319 581 359 quae
613 307 773 348 civitas
803 306 1062 347 Sabinorum
1080 302 1388 357 potentissima
1407 300 1500 343 fuit.

163 371 409 427 Dictynna¹
445 373 610 423 Diana,
645 386 777 427 quam
798 387 898 414 esse
918 374 1066 414 lunam
1087 370 1319 425 putabant,
1340 369 1461 410 dicta
1482 368 1603 423 quod

216 442 386 494 fulgore
409 453 490 482 suo
510 444 645 482 noctu
662 441 811 482 omnia
827 440 1046 481 ostendat.

164 510 422 553 Dierectum
437 513 463 530 ¹¹¹
485 508 691 549 dicebant
710 521 788 562 per
816 507 1119 561 antiphrasim,
1146 504 1348 547 volentes
1369 501 1609 556 significare

219 576 385 617 malum
406 575 534 616 diem.

167 645 309 687 Diesn
334 643 495 693 dictUS,
528 641 645 696 quod
679 641 814 684 divini
839 642 900 683 sit
919 641 1085 696 operis,
1106 639 1198 681 sive
1219 639 1275 681 ab
1296 636 1410 678 Jove
1431 635 1545 690 ejus,
1565 636 1612 674 ut

823 783 963 816 NOTAE

213 875 290 907 Dici
311 885 376 906 mos
396 874 480 915 erat]
507 873 594 905 Haec
620 871 723 904 verba
748 870 868 911 Populo

171 925 311 956 Romano
349 924 586 964 Quiritibusque
616 933 659 954 ex
694 920 868 961 conceptis

171 975 384 1016 antiquarum
402 974 632 1014 precationum
650 972 762 1004 verbis
778 976 868 1002 trac-

172 1031 209 1057 ta
229 1029 318 1056 sunt.
352 1024 467 1055 Livius
490 1023 549 1055 lib.
576 1032 658 1054 vnr.
696 1023 705 1039 ‘
726 1021 869 1060 Compa-

172 1080 253 1107 rant
268 1075 357 1105 inter
373 1083 421 1109 se,
436 1077 473 1104 ut
491 1072 534 1104 ab
548 1078 624 1104 utra
635 1075 732 1113 parte
745 1071 869 1102 cedere

173 1126 346 1157 Romanus
363 1125 536 1155 exercitus
561 1123 716 1163 cepisset,
739 1121 817 1152 inde
836 1130 871 1151 se

174 1175 302 1207 Consul
326 1173 515 1205 devoveret
540 1183 601 1213 pro
626 1172 750 1213 populo
774 1172 871 1202 Rom.

175 1222 393 1257 Quiritibus.¹
424 1224 470 1254 Et
485 1223 576 1264 apud
593 1222 740 1254 Gellium
764 1221 822 1251 lib.
838 1229 873 1253 x.

175 1283 252 1314 cap.
269 1275 322 1304 24.
369 1278 377 1291 ¹
395 1273 462 1305 Die
480 1273 569 1304 Noni
594 1271 727 1312 Populo
752 1271 872 1301 Roma-

176 1332 221 1355 no
237 1322 426 1355 Quiritibus
440 1322 637 1363 compitalia
653 1320 778 1356 erunt,’
794 1330 874 1361 qna—

177 1374 205 1404 si
222 1373 317 1404 dicas
340 1372 430 1414 quod
450 1373 581 1413 Populo
598 1373 697 1404 Rom.
713 1376 749 1403 et
765 1371 876 1403 Quiri-

177 1423 269 1455 tibus
284 1423 370 1454 bene
386 1427 508 1454 vertat.
536 1423 618 1454 Duc.

223 1471 431 1513 ¹Dictynna]
461 1472 618 1503 Ridicule
646 1471 768 1502 Festus
798 1470 878 1501 Dic-

179 1528 320 1564 tynnam
347 1523 459 1554 lunam
488 1523 610 1553 dictam
641 1525 754 1562 putat,
782 1520 878 1562 quasi

181 1583 258 1614 quae
286 1572 380 1603 dicat
406 1577 441 1603 et
467 1571 599 1602 indicet
627 1575 730 1602 noctu
755 1570 878 1601 omnia.

180 1623 358 1663 Dictynna
389 1621 477 1652 enirn
503 1621 662 1651 Graecnm
685 1624 750 1658 est,
774 1623 810 1650 et
831 1619 880 1650 sic

182 1672 278 1703 dicta
289 1672 403 1704 Diana
420 1681 440 1702 a
456 1671 584 1702 retibus
600 1669 796 1706 venatoriis,
808 1677 883 1709 quae

183 1723 307 1754 Graece
331 1720 449 1758 δίκτυα,
473 1725 511 1751 ut
534 1720 577 1750 de
602 1718 751 1760 nympha
774 1718 884 1748 Brito-

183 1772 285 1803 marti
315 1771 417 1802 docet
445 1770 673 1801 Callimachus
708 1769 821 1808 hymn.
852 1768 885 1798 in

186 1822 329 1853 Dianam
342 1830 350 1851 ζ
376 1820 425 1850 καὶ
438 1819 559 1859 ἔνθορεν
570 1818 612 1849 εἷς
624 1817 738 1855 ἇλιήων
752 1816 881 1852 Δίκτυα,

184 1871 226 1903 τά
252 1872 305 1911 σφ’
332 1870 480 1909 ἐσάωσεν,
502 1870 571 1900 ὅθεν
591 1868 759 1907 μετέπειτα
780 1867 883 1898 Κύδω-

186 1935 237 1954 νες
251 1922 384 1961 Νύμφαν
398 1920 466 1960 μὲν,
482 1920 664 1954 Δίκτυνναν,
681 1918 749 1958 ὅρος
764 1920 801 1954 δ’,
814 1919 884 1949 ὅθεν

188 1974 286 2011 ἥλατο
303 1972 419 2011 νύμφη,
435 1972 580 2002 Δικταῖον
592 1968 756 2006 καλέουσι,
771 1969 803 1999 id
818 1974 884 2009 est,

187 2024 197 2041 ‘
215 2028 251 2055 et
274 2023 364 2054 saliit
391 2022 424 2052 in
446 2021 652 2061 piscatorum
677 2019 788 2057 Retia,
811 2028 885 2058 qnae

189 2073 281 2104 illam
307 2074 499 2107 servarunt,
516 2069 605 2101 unde
630 2074 752 2110 postea
776 2069 886 2109 Cydo-

190 2132 252 2153 nes
277 2121 472 2162 Nympham
499 2119 648 2162 quidem,
668 2121 887 2159 Dictynnam,

192 2176 343 2204 montem
367 2181 461 2211 vero,
480 2170 570 2202 unde
592 2170 694 2209 saliit,
719 2170 887 2200 Dicta²nm

192 2221 342 2253 vocant!
377 2221 477 2252 Hanc
494 2219 690 2252 Callimachi
713 2219 888 2250 historiam

194 2275 311 2301 narrat
345 2270 550 2301 Scholiastes
588 2268 825 2309 Aristophanis
856 2269 889 2299 in

194 2319 333 2359 Βατράχ.
357 2330 389 2360 p.
411 2323 487 2351 275.
509 2320 567 2351 sed
599 2319 687 2360 apud
714 2329 790 2350 enm
817 2328 891 2349 cor-

196 2374 298 2409 rupte
314 2370 516 2410 βρετιμάρτυς
540 2380 601 2411 pro
627 2367 829 2409 βριτομοὶρτυς
846 2369 892 2399 le-

198 2419 309 2459 gitur;
324 2423 361 2449 tu
375 2420 522 2450 monitus
538 2420 692 2450 emenda.
709 2419 807 2450 Idem.

241 2474 263 2489 ¹¹¹
288 2469 482 2510 Dim-ectum]
508 2471 606 2502 Quod
637 2470 752 2502 Graeci
774 2469 894 2500 dicunt

199 2518 408 2559 εἰσφθαρῆναι,
459 2520 572 2550 Latini
601 2516 815 2551 ‘dierectum
846 2519 894 2549 in-

202 2569 314 2606 trare,'
337 2570 437 2610 quod,
464 2570 518 2600 οὐκ
541 2571 709 2611 ἆποφθαρεῖ
734 2571 894 2608 ἐντεῦθεν;

203 2621 324 2651 Latine
346 2620 381 2651 id
407 2626 472 2660 est,
494 2621 502 2637 ‘
521 2621 598 2651 Non
633 2623 709 2652 hinc
745 2621 897 2652 dierecta

203 2671 313 2703 abibis
325 2671 348 2701 ?’
375 2675 411 2702 et
433 2671 563 2702 similia.
602 2671 656 2702 De
674 2671 792 2711 quibus
816 2671 896 2702 satis

922 868 1013 909 apud
1031 868 1203 900 Plautum.
1222 868 1290 899 Jos.
1307 867 1394 899 Scal.

966 920 1148 962 Dim-ectus]
1187 920 1294 953 Quasi
1310 920 1319 936 ‘
1340 919 1411 949 dies
1426 920 1537 949 rectus
1550 915 1559 930 ’
1582 920 1618 948 et

925 979 985 1011 per
1017 969 1238 1010 antiphrasim
1274 968 1342 1000 dici
1379 968 1452 999 vult
1487 967 1621 1004 Festus,

927 1019 1015 1061 quod
1042 1020 1069 1051 is
1091 1020 1164 1051 dies
1190 1019 1329 1050 minime
1352 1022 1463 1049 rectus
1483 1016 1537 1057 sit,
1560 1015 1620 1046 sed

928 1073 1048 1100 contra
1072 1079 1193 1100 saevus.
1232 1068 1331 1101 Quod
1353 1068 1506 1108 ineptum
1523 1066 1622 1106 plane

927 1124 992 1151 est.
1024 1120 1099 1150 Nec
1116 1120 1229 1160 placet
1245 1119 1346 1150 etiam
1364 1124 1399 1148 ut
1415 1117 1566 1148 dierectus
1581 1115 1625 1145 sit

927 1170 961 1201 in
978 1179 1115 1201 crucem
1133 1170 1257 1209 elatus,
1281 1173 1319 1200 ut
1341 1168 1477 1210 quidam
1494 1166 1625 1197 volunt.

927 1221 1019 1252 Vere
1034 1225 1073 1252 ut
1091 1220 1224 1252 videtur
1236 1220 1415 1251 Salmasius
1425 1217 1481 1259 qui
1497 1215 1627 1248 monuit

926 1270 1079 1302 dierectus
1108 1280 1182 1302 esse
1209 1279 1336 1301 meram
1366 1273 1483 1309 putam
1509 1275 1626 1298 vocem

929 1322 1087 1353 Graecam
1104 1319 1293 1361 διάῤῥηκτος,
1304 1331 1323 1351 a
1338 1319 1371 1350 in
1384 1328 1399 1350 e
1411 1322 1553 1353 mutato,
1566 1317 1629 1347 ‹lie-

928 1376 1043 1412 rectus,
1058 1372 1091 1403 id
1108 1375 1172 1412 est,
1185 1372 1194 1389 ‘
1214 1368 1413 1410 disruptus.’
1435 1367 1572 1399 Curcul.
1587 1373 1628 1396 n.

932 1426 961 1453 1.
994 1424 1002 1440 ‘
1020 1423 1104 1454 Lien
1123 1420 1293 1453 dierectu’
1309 1419 1374 1451 'st.'
1412 1418 1479 1450 Ubi
1494 1415 1630 1458 quidam

932 1472 1041 1504 Codd.
1080 1472 1210 1503 liabent
1250 1470 1330 1501 Lien
1375 1467 1529 1507 disruptu'
1580 1466 1631 1496 ἐι.

932 1523 1032 1555 Quod
1048 1522 1120 1553 sine
1136 1521 1241 1552 dubio
1263 1529 1328 1550 non
1345 1527 1427 1549 vera
1441 1516 1556 1551 lectio,
1572 1514 1630 1546 sed

932 1571 1117 1613 explicatio
1134 1570 1227 1602 vocis
1243 1569 1395 1601 dierectus
1417 1567 1458 1598 ab
1480 1564 1631 1597 studioso

933 1623 1046 1663 aliquo
1058 1621 1203 1662 margini
1217 1620 1375 1660 ascripta,
1386 1623 1423 1650 ut
1436 1618 1483 1653 fit,
1498 1621 1533 1649 et
1545 1617 1633 1647 male

939 1678 1059 1712 postea
1072 1672 1107 1702 in
1129 1675 1262 1703 textum
1276 1673 1434 1709 recepta;
1457 1666 1546 1709 quod
1564 1675 1635 1698 cer-

941 1727 974 1752 te
988 1721 1088 1752 unice
1105 1719 1257 1751 Salmasii
1273 1719 1504 1760 conjecturam
1528 1714 1637 1746 fulcit.

941 1771 1023 1803 Dae.

980 1826 994 1842 ¹¹
1017 1821 1113 1862 Dies]
1143 1821 1295 1852 Primum
1326 1823 1362 1850 et
1391 1817 1531 1849 tertium
1564 1819 1637 1855 ety-

937 1881 1015 1902 mon
1047 1870 1142 1902 Festi
1167 1869 1289 1900 falsum
1323 1871 1358 1899 et
1386 1867 1540 1907 ineptum
1574 1869 1638 1899 est,

939 1920 1128 1961 praesertim
1146 1919 1304 1950 tertium:
1329 1917 1403 1959 quis
1427 1916 1515 1947 enim
1543 1923 1562 1944 a
1587 1916 1639 1945 de·

939 1971 1022 2001 hisco
1039 1970 1126 2001 diem
1143 1969 1272 2000 dictum
1290 1967 1411 2008 putet?
1447 1965 1637 1997 Secundum

941 2019 1119 2051 confirmat
1141 2018 1299 2049 Macrob.
1323 2016 1380 2047 lib.
1413 2024 1438 2047 1.
1464 2015 1535 2045 Sat.
1561 2023 1637 2053 cap.

943 2073 995 2101 15.
1030 2073 1038 2086 ¹
1052 2069 1173 2102 Jovem
1198 2065 1406 2107 accipimus,'
1427 2064 1548 2105 inquit,
1563 2066 1572 2080 ¹
1591 2063 1640 2093 lu-

941 2119 990 2149 cis
1035 2123 1219 2152 auctorem,
1254 2116 1344 2148 unde
1391 2119 1428 2146 et
1460 2113 1639 2145 Lucetium

942 2167 1027 2198 Salii
1044 2168 1075 2197 in
1093 2167 1241 2198 carmine
1258 2168 1384 2196 canunt.
1405 2168 1441 2195 et
1457 2164 1640 2194 Cretenses

941 2218 1003 2249 Δία
1031 2217 1090 2255 τὴν
1117 2215 1232 2257 ἡμέραν
1257 2219 1392 2254 vocant,
1420 2213 1485 2254 ipsi
1509 2221 1641 2254 quoque

943 2267 1087 2299 Romani
1102 2267 1308 2307 Diespitrem
1323 2264 1510 2305 appellant,
1525 2266 1562 2293 ut
1575 2261 1642 2292 diei

945 2315 1100 2358 patrem!
1134 2315 1231 2347 Idem
1247 2315 1356 2345 Varro
1372 2312 1429 2344 lib.
1444 2320 1494 2343 lv.
1526 2315 1535 2329 ⁴
1556 2311 1641 2342 Nam

946 2368 1024 2398 olim
1040 2366 1172 2407 Dijovis
1188 2369 1223 2397 et
1240 2364 1418 2404 Diespiter
1441 2362 1565 2401 dictus,
1580 2362 1645 2392 hoo

946 2422 1011 2457 est,
1027 2417 1084 2448 aer
1100 2420 1135 2448 et
1151 2416 1225 2447 dies
1239 2419 1349 2456 pater,
1362 2423 1380 2444 a
1391 2423 1456 2455 quo
1466 2412 1533 2443 Dei
1547 2412 1642 2451 dicti,

946 2467 1004 2508 qni
1021 2466 1100 2497 inde
1123 2470 1159 2497 et
1183 2465 1270 2505 dies,
1296 2468 1332 2495 et
1355 2463 1444 2502 dius,
1465 2465 1501 2493 et
1520 2459 1644 2492 divus!

951 2518 996 2548 Et
1012 2516 1070 2548 lib.
1082 2526 1116 2548 v.
1153 2515 1164 2533 ‘
1176 2514 1208 2546 A
1223 2524 1289 2556 quo
1303 2518 1448 2554 tempus,
1462 2511 1496 2543 id
1512 2511 1555 2542 ab
1579 2511 1643 2542 hoc

948 2569 1025 2600 Deo
1039 2567 1110 2598 dies
1133 2564 1346 2607 appellatur.'
1382 2562 1541 2595 Caninius
1563 2570 1643 2592 vero

950 2620 983 2650 in
1002 2617 1180 2659 alphabeto
1202 2626 1262 2648 suo
1286 2625 1305 2646 a
1328 2615 1458 2646 Punico
1481 2614 1534 2644 dia
1554 2613 1642 2644 diein

951 2670 1024 2701 vult
1037 2669 1176 2699 dictum.
1201 2666 1298 2697 laem.
