1835 2906
342 164 406 193 DE
441 160 715 194 VERBORUM
750 159 1161 191 SIGNIFICATIONE
1206 161 1303 190 LIB.
1337 161 1453 191 XIII.
1543 151 1627 192 529

221 261 486 314 significare,
507 260 613 314 quia
632 271 784 301 omnes
807 270 918 312 opes
940 256 1128 298 humano
1150 257 1295 311 generi
1317 262 1433 299 terra
1452 258 1626 299 tribuit:

222 329 337 370 unde
374 334 418 369 et
453 328 668 383 opulenti,
697 326 973 368 terrestribus
1007 326 1136 367 rebus
1176 326 1364 380 copiosi,
1395 329 1438 367 et
1468 326 1628 368 hostiae

224 397 386 451 opimae
411 397 638 450 praecipue
670 395 883 450 pingues3
914 398 956 435 et
977 394 1142 449 opima,
1163 394 1399 447 magnifica
1420 399 1462 436 et
1482 395 1631 450 ampla

226 465 389 519 spolia.

167 531 350 587 Opitera
379 536 461 584 est,
493 532 617 587 cujus
638 535 765 586 pater
788 544 873 573 avo
895 532 999 573 vivo
1019 534 1215 572 mortuus
1237 535 1321 581 est,
1343 530 1477 572 ducto
1498 544 1632 573 voca-

224 602 347 652 bulo,
366 607 443 643 aut
464 601 586 656 quod
607 600 736 642 obitu
757 601 921 654 patris¹
943 600 1116 654 genitus
1138 599 1211 651 sit,
1235 603 1312 640 aut
1345 599 1464 653 quod
1500 612 1632 640 avum

225 670 283 710 ob
307 674 477 723 patrem
497 669 676 719 habeat,
699 668 743 709 id
763 672 847 719 est,
870 682 948 723 pro
969 672 1104 722 patre.

172 737 384 792 Opitulus
404 737 434 779 J
439 737 628 792 uppiter‚
650 740 693 779 et
713 737 952 792 opitulator
969 737 1116 778 dictus
1134 740 1214 786 est,
1231 736 1362 790 quasi
1383 735 1485 789 opis
1506 736 1633 776 lator.

172 806 433 861 Opportune
455 805 616 847 dicitur
636 806 692 847 ab
724 818 793 856 eo,
812 805 933 860 quod
955 805 1268 859 navigantibus
1292 805 1484 846 maxime
1503 804 1635 845 utiles

227 875 459 929 optatique
482 879 585 916 sunt
606 879 778 929 portus.

173 943 397 998 Opperiri,
419 948 671 998 expectare.

174 1011 392 1067 Oppido,b
422 1013 554 1054 valde
585 1014 799 1055 multum:
832 1016 975 1053 ortum
1008 1014 1076 1052 est
1104 1013 1250 1051 autem
1271 1009 1353 1051 hoc
1376 1010 1557 1051 verbum
1580 1023 1638 1051 cx

230 1093 433 1122 sermone
469 1080 582 1121 inter
608 1094 655 1122 se
690 1079 1084 1128 confabulantium,
1105 1082 1317 1133 quantum
1340 1078 1528 1132 quisque
1549 1077 1639 1117 fru-

226 1161 328 1201 gum
352 1148 542 1202 faceret3
564 1152 695 1203 utque
711 1147 946 1190 multitudo
965 1146 1294 1200 significaretur,
1316 1159 1438 1200 saepe
1455 1158 1640 1198 respon-

231 1216 428 1266 debatur,
460 1221 671 1271 quantum
707 1217 780 1258 vel
818 1214 987 1270 oppido
1026 1215 1141 1256 satis
1168 1218 1313 1255 essct:
1345 1214 1448 1255 hinc
1469 1213 1513 1254 in
1536 1226 1640 1254 con—

233 1285 515 1326 suetudinem
538 1286 674 1336 venit,
690 1289 742 1325 ut
758 1283 974 1325 diceretur
991 1281 1173 1337 oppido,
1196 1295 1276 1335 pro
1295 1281 1425 1323 valde
1443 1281 1640 1322 multum.

234 1352 409 1408 Itaque,
447 1354 486 1395 si
515 1355 590 1408 qui
625 1354 670 1395 in
707 1353 807 1395 aliis
841 1353 973 1394 rebus
1003 1364 1057 1392 eo
1077 1354 1268 1401 utuntur,
1293 1353 1336 1391 ut
1366 1353 1474 1403 puta
1505 1349 1643 1402 siqui

234 1420 385 1463 dicant
419 1422 601 1476 Oppido
635 1422 784 1472 didici,
807 1420 1022 1475 spectavi,
1053 1418 1298 1468 ambulavi,
1330 1422 1503 1469 errant3
1536 1418 1644 1471 quia

234 1491 341 1531 nulli
362 1504 511 1532 eorum
533 1490 692 1545 subjici
712 1493 872 1545 potest,
895 1489 969 1530 vel
989 1488 1109 1543 quod
1124 1492 1139 1509 ²
1173 1487 1284 1528 satis
1307 1490 1387 1528 est.

181 1558 485 1613 Oppidorumc
518 1560 734 1612 originem
765 1559 932 1613 optime
960 1557 1093 1598 refert
1114 1555 1272 1598 Cicero
1294 1555 1404 1596 libro
1428 1554 1568 1609 primo
1589 1554 1644 1595 de

231 1628 384 1679 gloria,
427 1641 615 1682 eamque
656 1627 1001 1681 appellationem
1041 1624 1336 1678 usurpatione
1373 1624 1645 1678 appellatam

237 1709 340 1736 esse
371 1696 609 1749 existimat,
646 1695 767 1750 quod
790 1708 917 1749 opem
940 1694 1108 1745 darent,
1132 1692 1363 1746 adjiciens,
1384 1698 1433 1734 ut
1454 1692 1646 1732 imitetur

237 1765 431 1818 ineptias
452 1765 715 1807 Stoicorum.

183 1832 443 1887 Oppidumd
485 1833 655 1875 dictum
694 1837 777 1884 est,
819 1832 942 1888 quod
983 1845 1111 1887 opem
1150 1832 1335 1886 praebet.
1417 1829 1649 1884 Oppidum

793 1940 1036 1956 “etaeeeeeeee

213 2016 245 2087 vtl
265 2012 320 2043 Al.
335 2012 419 2044 obito
441 2015 605 2053 patra—2
623 2013 687 2045 Vir
704 2013 795 2045 doct.
812 2012 845 2044 in
864 2021 972 2053 marg.
991 2010 1046 2043 ed.
1070 2010 1159 2042 ScaI.
1175 2009 1319 2050 conjicit
1336 2009 1415 2049 qaod
1441 2007 1551 2048 oppido
1572 2006 1651 2037 satis

185 2065 216 2087 es
235 2077 243 2086 .

846 2130 993 2165 NOTAE

228 2214 242 2230 ³
259 2210 387 2251 Opiter]
401 2209 563 2241 Placidus
576 2209 608 2240 in
622 2210 759 2250 glossis:
784 2209 888 2250 ‘Opi-
940 2209 1074 2249 jectum
1093 2207 1253 2248 opinatur
1276 2205 1373 2236 Fulv.
1390 2204 1535 2236 Ursinus
1553 2203 1593 2235 ab
1611 2213 1651 2235 eo

188 2266 241 2291 tei·
264 2266 331 2301 est,
357 2261 413 2301 qui
440 2260 534 2291 obito
561 2266 672 2301 patre,
699 2266 735 2292 et
760 2271 822 2292 avo
842 2261 889 2291 vi-
947 2259 1003 2300 qui
1023 2258 1153 2299 putarit
1169 2257 1311 2288 indicari
1327 2256 1385 2286 lib.
1405 2255 1582 2295 Originum
1601 2255 1651 2285 M.

190 2318 292 2343 vente
310 2318 407 2343 natus
425 2311 499 2343 est.‘
524 2313 597 2344 Ful.
619 2313 728 2344 Ursin.
947 2310 1103 2349 Catonis,
1116 2318 1192 2340 cuin
1210 2313 1321 2339 tamen
1338 2311 1458 2347 agatur
1481 2306 1522 2336 de
1537 2310 1652 2347 etymo

232 2361 246 2382 b
272 2360 413 2403 Oppido]
442 2362 503 2393 Ait
520 2362 609 2393 infra
626 2364 746 2394 Festus
763 2373 822 2394 eos
839 2372 891 2394 er·
949 2360 1179 2401 oppidorum.
1204 2358 1378 2391 Ciceronis
1391 2357 1467 2388 libri
1489 2356 1530 2387 de
1545 2357 1654 2397 gloria

190 2423 265 2443 rare
288 2414 344 2454 qui
368 2413 485 2444 dicant
503 2413 643 2454 Oppido
660 2413 780 2452 didici,
796 2424 892 2455 spec-
949 2412 1095 2451 periere.
1128 2410 1321 2442 Secundum
1338 2407 1456 2439 laudat
1482 2407 1572 2439 Gen.
1594 2406 1653 2438 lib.

189 2463 272 2503 tavi,
290 2463 472 2496 ambulavi.
496 2464 552 2495 Ita
568 2469 681 2496 tamen
697 2465 810 2496 l’laut.
829 2465 893 2496 Te·
951 2470 1036 2493 x111.
1053 2471 1129 2502 cap.
1147 2464 1176 2492 6.
1211 2460 1360 2492 Carisius
1381 2460 1495 2490 etiam.
1534 2457 1652 2489 Infra:

190 2521 278 2547 rent.
297 2516 431 2556 Cicero,
448 2516 614 2548 Catulum.
638 2516 720 2548 Dae.
949 2521 1076 2552 eamque
1090 2511 1326 2553 appellationem
1338 2510 1537 2551 usurpatione
1552 2511 1655 2550 appel-

234 2571 247 2587 c
273 2566 481 2607 Oppidorum]
523 2566 668 2598 Vidend.
700 2566 808 2597 Varro
834 2566 895 2599 lib.
950 2567 1047 2597 latam
1063 2575 1145 2596 esse:
1169 2565 1215 2595 ita
1233 2563 1380 2596 schedae.
1413 2564 1517 2604 Lego,
1528 2572 1654 2603 eamque

192 2626 243 2649 lv.
260 2617 302 2648 de
320 2618 416 2658 Ling.
432 2619 508 2649 Lat.
532 2617 611 2648 Ant.
629 2618 713 2656 Aug.
950 2616 1188 2657 appellationem
1199 2618 1378 2656 usurpatam
1394 2625 1468 2647 esse.
1494 2615 1580 2646 Dae.

240 2669 433 2709 oppidorum
446 2669 614 2710 originem]
639 2667 804 2700 Schedae:
833 2668 897 2708 Op·
994 2666 1009 2688 ‘¹
1036 2667 1210 2708 Oppidum]
1236 2667 1245 2684 ‘
1262 2666 1450 2698 Maximum
1474 2665 1655 2696 aedilicium

192 2720 335 2759 pidoram
365 2721 519 2759 originem
546 2720 658 2760 optime
680 2719 777 2756 refert
806 2720 896 2749 Cato.
953 2724 1006 2751 est
1022 2719 1184 2760 oppidum
1201 2718 1243 2749 ob
1260 2726 1324 2758 ope
1337 2717 1466 2748 dictum
1481 2715 1570 2757 quod
1584 2725 1656 2746 mua

200 2772 301 2803 Cicer.
325 2773 379 2805 lib.
395 2781 419 2803 1.
435 2774 487 2813 550·
534 2772 673 2804 Catonis
692 2782 815 2805 nomen
839 2772 898 2802 ad-
953 2770 1047 2802 nitur
1061 2770 1135 2813 opis
1151 2777 1267 2811 causa,
1282 2768 1339 2801 uhi
1355 2768 1445 2801 sint.'
1478 2768 1580 2797 Varr.
1596 2766 1656 2806 lib*

283 2825 401 2868 Delph.
415 2830 446 2858 et
467 2827 542 2860 Var.
558 2826 645 2859 Clas.
827 2827 937 2866 Pomp.
956 2825 1045 2857 Fest.
1498 2824 1518 2852 2
1544 2822 1568 2852 L
