1835 2906
198 71 285 114 586
643 81 789 112 SExri
826 81 1024 112 POMPEI}
1061 81 1198 111 FEs'r1

201 177 364 219 Pescia
377 182 392 199 ³
410 177 455 218 in
475 175 632 217 Saliari
652 175 856 226 carmine,
879 175 1026 217 AElius
1049 175 1159 216 Stilo
1184 174 1273 217 dici
1303 175 1379 226 ait,
1399 175 1564 229 capitia
1585 189 1642 218 ex

257 245 444 299 pellibus
474 244 640 297 agninis
668 243 805 293 facta,
837 242 957 297 quod
995 241 1145 284 Graeci
1175 248 1333 284 vocent
1363 243 1500 297 pelles
1524 242 1641 293 πέσκη

258 317 409 354 neutro
430 325 581 365 genere
601 311 844 365 pluraliter.

201 379 410 421 Pesestas
423 379 440 402 ¹³
455 380 563 420 inter
583 379 684 430 alia,
713 392 812 431 quac
833 377 1214 430 interpretatores9
1234 377 1398 428 dicunt,
1417 391 1519 419 cum
1544 377 1645 419 fun-

258 447 342 489 dus
360 448 579 498 lustratur,
599 445 847 500 significare
867 444 1038 485 videtur
1057 444 1367 498 pestilentiam,
1390 449 1438 486 ut
1460 445 1646 499 intelligi

259 528 319 556 ex
360 515 518 557 ceteris
534 521 568 540 ¹0
603 514 799 568 possit,¹¹
841 525 941 554 cum
974 512 1158 553 dicitur:
1203 511 1391 555 Avertas
1428 514 1658 563 morbum,‘

257 588 455 634 mortem,
471 583 632 628 labem,
652 580 874 630 nebulam,
894 579 1206 634 impetiginem.

202 650 413 693 Pesestas
436 651 665 692 dicebatur
685 647 953 702 pestilentia.
1466 647 1648 700 [PAUL.

203 717 422 759 Pestifera
453 716 680 770 auspiciac
710 728 809 756 esse
841 712 1059 764 dicebant,
1089 727 1190 755 cum
1222 727 1299 756 cor
1328 714 1372 754 in
1404 715 1537 764 extis,
1572 719 1649 755 aut

261 792 399 839 caput
418 786 463 826 in
478 786 676 841 jecinore
695 796 784 824 non
805 782 980 823 fuisset.

205 850 415 909 Pest{fera
434 852 613 907 auspicia
644 856 761 902 sunt,
783 864 882 892 cum
911 862 988 892 cor
1018 850 1063 891 in
1092 849 1204 901 extis,
1226 857 1298 891 aut
1318 856 1437 904 caput
1486 849 1650 903 [FEST.

259 920 499 976 nonfuisset
521 922 566 962 in
582 921 799 975 Jocinore.

204 987 471 1030 Pestiferam
485 987 502 1011 ‘¹
533 989 674 1042 fulgur
695 987 871 1038 dicitur,
894 999 984 1041 quo
1014 998 1130 1027 mors
1152 986 1387 1028 exiliumve
1418 984 1651 1039 significari

264 1057 418 1098 solent.

206 1123 486 1167 Petauristas
501 1131 513 1147 θ
536 1124 731 1166 Lucilius
748 1137 774 1165 a
791 1123 984 1165 Petauro
1001 1122 1247 1177 appellatos
1266 1122 1518 1163 existimare
1533 1120 1654 1163 vide-

812 1242 1052 1256 eeeeeeeeee

249 1325 270 1352 9
291 1322 371 1353 Vet.
401 1321 458 1353 lib.
483 1322 710 1362 imprecatores.
756 1320 954 1360 Legendum
981 1324 1098 1350 monet
1114 1319 1204 1350 Scal.
1221 1319 1304 1350 inter
1319 1318 1521 1359 precationes.
1566 1318 1654 1349 Dac-

208 1366 290 1396 inter
301 1365 608 1406 precationem—10
632 1365 715 1396 Vet.
731 1364 791 1396 lib.
809 1363 979 1394 aliia—11
1006 1363 1068 1394 Ed.
1081 1363 1171 1393 Scal.
1188 1363 1317 1402 possint.

862 1491 1003 1524 NOTAE

208 1585 329 1615 Festus
345 1582 466 1624 pedem
483 1582 525 1614 de
549 1580 651 1613 fluvio
668 1580 748 1621 dici,
763 1586 802 1612 ut
818 1579 908 1621 apud

208 1636 331 1666 Horat.
353 1636 362 1651 ‘
382 1633 495 1664 Mollis
520 1637 682 1673 crepante
698 1632 836 1673 lympha
853 1631 909 1662 de·

208 1687 277 1717 siiit
294 1685 408 1727 pede.'
452 1685 498 1715 Et
515 1684 654 1715 Lucret.
678 1683 735 1714 lib.
752 1692 787 1714 v.
811 1686 819 1700 ‘
834 1683 910 1715 Qua

207 1736 263 1767 via
286 1742 382 1768 secta
398 1736 515 1775 semei,
533 1734 659 1776 liquido
682 1734 769 1775 pede
786 1733 911 1765 detulit

210 1786 339 1818 undas.’
363 1788 446 1818 Duc.

251 1842 267 1857 ³
290 1837 416 1877 Pescia]
452 1836 556 1868 Pellis
584 1835 707 1876 agnina
739 1846 757 1866 a
787 1835 909 1866 Graeco

209 1886 335 1923 πέσκος,
347 1887 435 1929 quod
450 1897 468 1918 a
479 1886 584 1918 πέκος.
600 1887 750 1927 Hesych.
761 1884 911 1925 πεσκέων,

211 1938 377 1978 δερμάτων.
422 1938 533 1969 Item:
558 1936 686 1975 πέσκον,
713 1936 733 1973 ἢ
758 1936 864 1967 κώδιον
891 1936 910 1972 ἢ

210 1989 314 2030 δέρμα.
339 1989 463 2021 dicitur
484 1989 586 2020 etiam
603 1994 638 2020 et
653 1987 766 2019 πέσκα.
791 1988 889 2018 Idem.

253 2040 266 2060 ¹³
290 2039 452 2080 Pesestzw]
470 2040 576 2070 Pestis
592 2049 652 2080 pro
666 2042 814 2080 peresum,
830 2048 910 2079 qna—

210 2092 237 2122 si
269 2092 400 2131 pcrestz's
430 2101 449 2121 a
485 2091 664 2131 peredendo.
728 2090 804 2121 Nisi
833 2099 908 2120 cum

210 2143 365 2173 Menrsio
393 2142 488 2182 legas
528 2142 701 2180 Pesteslas,
741 2140 910 2182 quomodo

212 2198 219 2210 ‘
239 2192 448 2234 tempestas‚'
469 2193 477 2209 ‘
499 2191 654 2232 tempus‚'
670 2194 733 2223 &c-
780 2192 847 2222 Pro
862 2192 910 2222 in-

212 2247 445 2284 terpretatores,
475 2243 549 2283 lege
578 2243 661 2274 inter
691 2242 911 2282 precationem,

212 2301 250 2325 nt
264 2296 294 2325 in
307 2294 389 2325 edit.
403 2295 501 2325 Rom.
520 2293 738 2324 Precationem
750 2293 911 2333 intelligit

213 2355 287 2386 quae
316 2345 420 2376 fiebat
455 2344 533 2375 dnm
572 2344 645 2384 agri
673 2344 911 2378 lustrarentur,

214 2396 310 2435 cujus
328 2394 472 2426 formula
496 2394 584 2434 apud
611 2394 732 2425 Caton.
756 2394 798 2424 de
816 2394 856 2424 R.
869 2394 910 2426 R.

216 2455 292 2486 cap.
307 2449 379 2477 141.
397 2451 432 2477 et
445 2445 535 2487 apud
551 2445 676 2476 Tibull.
694 2445 788 2485 Eleg.
807 2448 837 2476 l.
855 2445 913 2476 lib.

216 2507 257 2528 ιι.
281 2499 376 2530 Idem.

259 2553 271 2568 Ε
298 2549 456 2587 I'esez'sera
475 2549 627 2589 auspicia]
650 2548 706 2580 Sic
731 2548 854 2589 passim
873 2548 915 2579 dc

218 2597 371 2629 tristibus
387 2599 544 2638 auspiciis
559 2604 638 2630 exta
662 2599 735 2631 sine
752 2599 866 2640 corde,
883 2604 916 2631 ct

213 2648 315 2688 jecur
330 2648 401 2680 sine
417 2649 541 2689 capite.
565 2649 661 2681 Idem.

1006 1579 1021 1601 ‘¹
1044 1579 1250 1621 Pestiferam]
1286 1579 1373 1611 Vide
1409 1580 1419 1596 ‘
1446 1577 1660 1610 Postularia.’

963 1630 1039 1662 Ant.
1057 1633 1141 1671 Aug.

1007 1688 1021 1704 θ
1043 1682 1258 1722 petauristas]
1274 1680 1466 1713 Mechanici
1483 1679 1566 1711 dicti
1582 1683 1661 1711 sunt

967 1734 1169 1773 Petauristoe,
1186 1733 1265 1775 qnia
1281 1734 1314 1764 in
1330 1732 1485 1764 machina
1508 1732 1561 1762 vel
1587 1735 1661 1763 rota

966 1785 1183 1826 trajiciebant
1207 1794 1282 1816 sese
1305 1787 1487 1825 desperata
1509 1782 1662 1814 audacia.

963 1836 1152 1867 Martialis:
1185 1836 1193 1851 ‘
1215 1836 1324 1868 Quam
1356 1840 1430 1866 rota
1466 1833 1662 1865 transmisso

965 1887 1067 1918 toties
1086 1887 1231 1927 impacta
1253 1884 1419 1926 petauro.’
1464 1884 1664 1924 Aristopha-

966 1946 1024 1968 nes
1055 1939 1087 1968 ἐν
1114 1935 1247 1976 δαιδάλῳ
1276 1935 1364 1976 apud
1395 1934 1662 1967 Grammaticos:

966 1989 1001 2019 Ὀ
1016 1988 1241 2028 μηχανοποιὸς,
1254 1986 1346 2018 ὁπότε
1361 1985 1462 2028 βούλῃ
1477 1985 1534 2016 τὸν
1547 1984 1665 2025 τροχὸν

964 2041 1041 2081 ’Egit‘
1062 2039 1184 2079 ἀνεκὰς,
1198 2038 1286 2079 λέγε,
1310 2039 1401 2078 χαῖρε
1422 2036 1542 2077 φέγγος
1563 2035 1665 2073 ἡλίου.

964 2093 1140 2132 Tanquam
1165 2088 1484 2131 periculosissimum
1501 2096 1574 2118 esse
1597 2091 1664 2117 tra-

960 2143 1070 2183 jicere
1095 2151 1131 2172 se
1158 2149 1217 2181 per
1234 2144 1355 2178 rotam,
1370 2142 1551 2179 propterea
1567 2136 1667 2174 dixit,

966 2204 985 2224 0
1012 2191 1218 2230 Petaurista,
1244 2189 1524 2230 quotiescumque
1552 2192 1665 2218 vertes

967 2247 1074 2275 rotam
1091 2240 1335 2280 mechanicam,
1351 2243 1450 2280 potes
1472 2247 1665 2279 supremam

967 2294 1083 2324 dicere
1102 2293 1180 2323 vitae
1201 2297 1280 2323 tnae.
1328 2291 1416 2322 Nam
1441 2293 1476 2320 et
1502 2289 1556 2320 hic
1584 2298 1666 2330 quo-

968 2355 1033 2385 que
1049 2342 1273 2382 Ιι.ν«,ν)<αινοποιὸς,
1290 2342 1345 2382 qni
1374 2341 1503 2372 Lucilio
1526 2340 1666 2371 Mecha·

970 2397 1076 2426 nicus.
1116 2395 1240 2426 Dictus
1258 2392 1455 2423 Petam-ista
1470 2390 1531 2422 ἀπὸ
1545 2391 1600 2422 τοῦ
1613 2402 1667 2420 πε-

969 2445 1092 2485 ταύρου.
1138 2445 1199 2476 Est
1228 2448 1341 2475 antem
1364 2440 1511 2482 πέτευρον
1534 2451 1592 2472 seu
1611 2439 1668 2471 πέ-

969 2508 1083 2536 ταυρον
1098 2495 1228 2527 tabella
1245 2493 1369 2535 parieti
1385 2491 1498 2531 affixa,
1512 2491 1666 2531 adquam

971 2556 1112 2588 vespere
1138 2546 1272 2586 gallina¹
1296 2554 1330 2574 se
1356 2543 1466 2574 volatu
1486 2542 1668 2582 recipiunt,

972 2604 1009 2630 ut
1041 2601 1260 2639 pernoctent:
1291 2594 1370 2635 qnia
1396 2592 1581 2623 mechanici
1612 2592 1666 2622 isti

973 2649 1013 2680 ad
1041 2653 1147 2679 rotam
1179 2646 1267 2678 illam
1297 2654 1331 2675 sc
1360 2643 1448 2674 saltu
1474 2642 1668 2682 subjiciunt,
