1835 2906
366 124 430 154 DE
463 120 735 153 VERBORUM
768 116 1173 150 SlGNlFlCATIONE
1208 116 1304 148 Ltss.
1338 116 1431 147 ΧΠ.

1550 104 1634 147 503

238 219 408 276 antiqua
434 218 684 269 Graecorum,
716 230 804 258 cum
827 216 902 265 ait,
932 214 1005 264 Ἐξ
1027 212 1132 264 ἀπίης
1155 212 1266 268 γαίης
1287 213 1369 254 νυὸν
1390 212 1522 268 ἀνδρῶν
1543 215 1635 267 αἰχ-

240 289 408 340 μητάων.

185 358 382 411 Nuptias
396 363 412 386 ἕ
442 356 584 397 dictas
605 368 704 396 esse
727 354 787 396 ait
807 353 966 394 Santra
987 351 1043 392 ab
1065 363 1135 400 e0‚
1158 350 1279 404 quod
1298 349 1515 404 nymphea
1536 348 1635 389 dix-

239 430 363 467 erunt
395 425 543 467 Graeci
572 424 737 477 antiqui
767 420 905 476 γάμον.
936 419 1040 461 inde
1064 431 1221 463 novam
1240 421 1421 471 nuptam
1443 416 1524 457 νέαν
1545 416 1634 468 νύμ-

241 501 322 542 epm.

240 562 341 610 tius,
373 561 488 615 quod
520 573 634 601 nova
665 556 848 612 pacio¹⁶
877 556 971 598 fiat.

383 492 661 541 Cornificius,
695 490 813 544 quod
837 502 947 530 nova
980 490 1181 542 petantur
1202 487 1416 540 conjugia.

1478 484 1634 526 Curia-

1032 555 1195 605 AElius,
1227 558 1269 595 et
1300 553 1494 603 Cincius,
1529 553 1635 606 quia

240 629 400 671 flameo
433 633 570 683 caput
605 626 810 667 nubentis
842 625 1119 674 obvolvatur,
1151 623 1273 677 quod
1304 622 1474 676 antiqui
1495 622 1636 662 obnu-

238 698 341 738 bere
364 700 619 738 vocarunt¹⁷
651 695 706 735 ob
741 706 876 747 quam
908 705 1090 733 causam
1117 692 1258 744 legem
1282 702 1459 744 quoque
1479 700 1634 742 paren-

240 768 353 805 stam
369 764 399 788 ¹3
424 765 580 820 jubere
603 766 739 816 caput
760 762 854 815 ejus
875 760 1107 810 obnubere,
1139 759 1217 814 qui
1247 762 1477 813 parentem
1504 768 1634 797 neca-

239 833 388 884 visset,
416 832 533 886 quod
557 836 624 872 est
645 830 892 872 obvolvere.

183 898 533 942 Nusciciosumh
562 898 721 940 Ateius
743 897 1004 950 Philologus
1028 896 1089 937 ait
1110 893 1323 948 appellari
1344 892 1536 941 solitum,
1559 892 1635 945 qui

238 972 414 1023 propter
449 968 674 1008 oculorum
706 965 861 1006 vitium
895 977 1053 1018 parum
1084 963 1272 1004 videret:
1306 967 1350 1003 at
1380 961 1434 1002 P.
1458 959 1636 1013 Opilius

237 1035 501 1085 Aurelius‚¹9
521 1034 800 1076 nusciciones
821 1046 917 1074 esse
940 1030 1228 1073 caecitudines
1246 1034 1502 1071 nocturnas.
1555 1028 1634 1069 AE-

238 1104 326 1144 lius
359 1104 484 1153 Stilo,
516 1102 592 1156 qui
628 1100 729 1156 plus
750 1100 915 1141 videret
935 1099 1125 1152 vesperi,
1160 1111 1290 1152 quam
1324 1097 1521 1148 meridie,
1551 1108 1635 1136 nec

238 1177 538 1226 cognosceret,
571 1171 656 1211 nisi
677 1168 794 1223 quod
815 1181 958 1222 usque
980 1167 1036 1208 ad
1059 1167 1211 1208 oculos
1233 1166 1519 1207 admovisset.

782 1290 843 1302 m
844 1290 1023 1301 eeeeeeee

227 1362 268 1392 16
306 1359 390 1390 Ead.
419 1358 473 1390 ed.
500 1359 679 1389 ratim—17
711 1356 792 1388 Vet.
820 1356 896 1388 cod.
922 1356 1160 1387 vocarint.—18
1206 1353 1294 1385 Scal.
1320 1350 1499 1393 legendum
1538 1354 1637 1390 putat

181 1407 292 1444 legem,
305 1412 421 1444 quoqne
437 1403 560 1433 Parens
573 1404 617 1432 ta.
632 1400 702 1431 III.
748 1400 810 1431 Vir
839 1400 930 1431 doct.
948 1401 979 1430 in
1003 1409 1107 1439 marg.
1132 1398 1220 1439 conj.
1247 1396 1408 1429 Paricam.
1455 1394 1551 1425 Fulv.
1573 1393 1638 1424 Ur-

182 1448 247 1480 sin.
263 1446 614 1487 legitsunestam.—l9
638 1443 702 1475 Ed.
717 1443 808 1474 Scal.
825 1453 860 1475 ac
877 1443 1023 1484 Popilius
1036 1442 1193 1474 Aurelius.

840 1552 984 1585 NOTAE

225 1639 239 1659 ἔ
264 1631 418 1672 Nuptias]
451 1630 550 1664 Quod
581 1630 698 1662 Graeci
724 1629 884 1661 dixerunt

183 1684 355 1725 nymphea:
386 1683 536 1722 intellige
563 1683 703 1721 νυμφεῖα.
761 1682 806 1712 Et
830 1685 880 1712 ta-

182 1744 258 1766 men
275 1733 378 1773 νύμφη
395 1743 458 1764 non
475 1732 556 1773 παρὰ
577 1732 614 1763 τὸ
640 1732 797 1771 νυμφεῖον,
823 1730 881 1761 sed

183 1792 313 1818 contra.
346 1786 539 1818 Obscurum
558 1795 648 1820 vero,
665 1784 744 1825 quid
763 1784 803 1815 sit
826 1785 882 1814 lex

184 1839 366 1869 Parensta.
419 1837 509 1868 Puto
541 1835 733 1876 legendum,
770 1836 882 1874 legem,

182 1899 297 1930 quoque
314 1889 436 1920 Parens
450 1891 495 1918 ta.
516 1896 572 1917 ιιι.
596 1886 659 1917 hoc
681 1890 744 1925 est,
760 1885 883 1925 legem,

181 1941 279 1980 cujus
306 1939 508 1981 principium
535 1939 678 1976 Parem,
703 1937 735 1967 in
752 1936 882 1967 Tabula

182 1992 306 2022 tertia:
331 1992 378 2022 sic
405 1991 438 2021 in
469 1999 550 2021 voce
576 1988 719 2020 ‘Reusz'
741 1993 749 2006 ‘
768 1989 883 2020 Numa

181 2042 216 2072 in
254 2042 405 2073 secunda
435 2041 574 2080 Tabula,
608 2039 756 2070 secunda
785 2038 882 2080 lege.’

184 2094 262 2125 Non
279 2094 384 2124 solum
401 2092 515 2124 tabula
537 2092 674 2127 citatur,
690 2090 748 2121 sed
766 2095 800 2121 et
817 2090 883 2121 lex.

183 2145 320 2176 Novum
336 2154 415 2175 vero
427 2153 491 2173 non
506 2148 572 2178 est,
589 2142 761 2181 edicta,et
778 2142 883 2173 actio-

183 2205 242 2226 nes
274 2196 455 2235 legitimaS,
485 2200 520 2225 et
547 2193 664 2233 capita
688 2192 814 2232 legum,
843 2192 883 2223 iis

184 2247 293 2277 verbis
309 2246 495 2280 nominare,
514 2255 532 2275 a
549 2245 670 2286 quibus
691 2243 882 2284 incipiunt:

184 2307 258 2328 cum
277 2296 357 2327 talia
369 2295 490 2336 passim
507 2295 595 2335 apud
610 2294 755 2324 Veteres
769 2302 885 2323 occur-

185 2352 273 2385 rant,
290 2345 480 2386 praesertim
498 2343 586 2383 apud
605 2343 815 2374 Ciceronem.
832 2343 885 2373 Ex

183 2399 233 2429 his
250 2407 315 2428 non
344 2396 483 2427 dubium
512 2402 576 2432 est,
599 2397 691 2435 leges
709 2395 819 2434 regias
851 2394 884 2424 in

185 2448 364 2480 duodecim
382 2447 511 2478 tabulas
529 2457 547 2476 a
563 2445 778 2476 Decemviris
808 2454 886 2474 con-

181 2502 292 2540 jectas
310 2499 433 2529 fuisse:
454 2503 488 2528 et
508 2497 626 2536 prima,
641 2496 801 2534 secunda,
820 2501 886 2525 ter·-

185 2552 230 2582 tia
240 2551 368 2582 'Pabula
378 2550 468 2588 leges
479 2548 603 2587 Regias
613 2547 795 2577 contineri:
808 2547 885 2586 quin

184 2603 279 2642 leges
295 2601 421 2641 Regias
436 2599 477 2629 de
496 2599 608 2640 patria
625 2603 793 2638 potestate
811 2598 843 2627 in
853 2601 884 2628 4.

183 2653 346 2684 Tabulam
380 2652 504 2682 relatas
540 2654 659 2680 auctor
687 2649 884 2688 Dionysius.

187 2705 238 2735 De
255 2704 293 2735 iis
311 2709 434 2740 autem,
449 2702 505 2744 qui
521 2706 681 2743 parentes
698 2699 886 2732 interfecis-

937 1632 1013 1660 sent
1027 1633 1086 1660 aut
1102 1627 1351 1664 verber-assent,
1369 1622 1562 1662 Romulum,
1576 1621 1639 1652 Ta-

938 1680 1034 1720 tium,
1050 1678 1216 1717 Servium,
1231 1677 1344 1716 Reges
1361 1673 1491 1714 legibus
1508 1673 1638 1713 capita-

937 1731 1001 1761 lem
1019 1739 1154 1770 poenam
1171 1727 1335 1765 sanxisse,
1360 1730 1495 1756 constat
1520 1724 1571 1754 vel
1595 1733 1638 1754 ex

937 1792 988 1817 eo,
1020 1780 1109 1823 quod
1134 1784 1232 1811 extat
1260 1779 1292 1809 in
1330 1786 1413 1807 voce
1441 1781 1448 1793 ‘
1468 1774 1639 1814 Plorare,'

937 1833 1021 1873 legis
1040 1832 1142 1872 regiae
1158 1830 1359 1870 fragmento.
1391 1827 1479 1858 Nam
1496 1834 1638 1856 necesse

937 1889 990 1915 est
1007 1893 1080 1914 eam
1096 1882 1221 1923 regiam
1237 1882 1344 1920 legem
1361 1877 1478 1914 fuisse,
1491 1887 1566 1909 cum
1579 1877 1639 1907 So-

937 1936 992 1966 lon
1010 1934 1091 1965 nihil
1108 1934 1150 1965 de
1167 1942 1207 1964 ea
1222 1942 1257 1963 re
1274 1930 1460 1962 statuisset.
1506 1928 1571 1959 Sed
1588 1938 1640 1959 ro-

939 1990 1051 2026 gatus,
1067 1994 1172 2025 quare
1187 1981 1475 2024 praetermisisset,
1498 1980 1507 1996 ‘
1525 1978 1640 2018 Quia‚’

938 2038 1058 2078 inquit,
1093 2042 1100 2054 ‘
1119 2044 1291 2076 nunquam
1319 2032 1435 2073 putavi
1467 2029 1553 2068 fore,
1582 2030 1638 2070 qui

939 2093 1070 2119 tantum
1096 2084 1191 2117 nefas
1221 2082 1387 2115 auderet!
1442 2081 1570 2112 Nescio
1596 2090 1639 2110 an

940 2148 1052 2170 veram
1070 2137 1251 2168 lectionem
1270 2138 1442 2166 assecutus
1456 2133 1530 2163 sim.
1568 2132 1640 2162 Sal-

940 2195 1007 2221 tem
1026 2198 1126 2230 spero
1143 2197 1197 2218 me
1214 2185 1353 2226 propius
1376 2194 1394 2214 a
1416 2192 1496 2214 vero
1509 2182 1640 2220 abesse,

941 2249 1040 2281 quam
1072 2239 1128 2280 qui
1159 2238 1308 2268 Paricam
1342 2236 1469 2274 legunt,
1500 2232 1640 2272 decepti

938 2294 1099 2330 corrupto
1117 2289 1192 2319 loco
1206 2287 1298 2317 Festi
1317 2296 1358 2316 ex
1373 2284 1528 2325 sequenti
1542 2283 1641 2324 libro,

939 2347 976 2374 nt
1000 2351 1059 2372 suo
1086 2341 1162 2371 loco
1185 2338 1358 2375 dicemus;
1382 2336 1441 2366 sed
1467 2340 1502 2366 et
1525 2335 1641 2365 melio-

939 2402 1008 2423 rem
1037 2391 1220 2422 lectionem
1244 2393 1406 2425 nostram,
1432 2395 1531 2426 quam
1556 2385 1639 2415 Tur-

939 2443 1032 2481 nebi,
1048 2442 1102 2483 qui
1125 2440 1285 2471 inusitate
1313 2438 1411 2479 ponit
1435 2436 1498 2476 legi
1516 2445 1640 2477 parens.

937 2494 1008 2526 JOS.
1025 2492 1114 2523 Scal.

983 2543 997 2564 ¹¹
1023 2541 1254 2581 Nascz'cz‘osum]
1293 2540 1381 2570 Vide
1428 2540 1436 2557 ‘
1468 2538 1640 2570 Luscino!

940 2596 1049 2626 Varro
1066 2598 1100 2624 et
1117 2593 1247 2624 Nonius
1262 2590 1412 2631 Opilium
1427 2590 1534 2621 secuti
1549 2595 1640 2621 sunt.

940 2647 1062 2678 Festus
1078 2645 1199 2677 AElium
1218 2643 1391 2675 Stilonem.
1416 2642 1499 2673 Dac.
