1835 2906
232 143 287 183 74

675 153 821 183 sEX'rl
854 152 1055 183 POMPElI
1089 152 1113 183 F
1123 153 1226 183 ESTI

229 247 490 297 Amussim,g
510 247 791 301 regulariter3
823 251 1008 288 tractum
1029 260 1056 287 a
1075 247 1237 299 regula,
1259 247 1313 288 ad
1335 260 1462 301 quam
1493 247 1664 302 aliquid

285 318 559 367 exaequatur,
577 328 674 368 quae
696 314 883 354 amussis
905 314 1076 354 dicitur.
1118 313 1310 363 Quidam
1332 315 1542 354 amussim
1562 328 1663 355 esse

286 380 436 421 dicunt
453 394 541 421 non
560 382 695 422 tacite
710 395 720 422 :
735 380 750 402 ¹¹
781 380 899 434 quod
921 381 1076 421 mutire
1097 380 1308 421 interdum
1329 381 1486 421 dicitur
1506 382 1643 434 loqui.

230 444 467 489 ΑΝΛΊἛΜἱ
485 448 682 488 morbum
704 460 863 488 anuum
885 447 1102 498 dicebant,
1121 447 1166 488 id
1181 450 1260 497 est,
1280 447 1517 488 vetularum
1536 462 1545 490 :
1572 448 1658 489 sic-

285 519 332 555 ut
355 515 539 565 senium,
562 515 761 556 morbum
786 526 951 555 senum.

874 657 1016 691 NOTAE

227 733 390 774 Romano,
414 735 472 767 sed
499 736 533 767 in
560 736 694 767 vicinia.
739 735 843 775 Cujus
870 734 918 766 rei

227 795 383 824 agrorum
407 791 549 825 quatuor
577 795 700 826 genera
722 785 816 825 ponit
832 785 919 815 Var-

226 844 288 865 ro:
327 835 509 874 Gabinum,
539 836 771 875 Peregrinum,
802 835 918 866 Hosti-

226 893 313 922 cum,
325 884 510 915 Incertum.
540 885 607 916 Qui
624 885 710 914 enim
727 885 760 914 in
777 884 816 914 iis
829 884 916 923 agris

225 934 436 972 babitabant,
452 939 548 965 erant
561 934 747 965 Amtermini
763 935 834 973 agri
851 935 917 965 Ro-

225 984 325 1014 mani.
357 984 448 1017 Quid
465 991 516 1015 est
527 995 606 1025 ager
622 986 810 1016 Romanus?
827 985 917 1025 quic-

224 1034 305 1075 quid
323 1035 507 1066 ambarvali
525 1037 577 1066 vel
594 1035 791 1066 amburviali
814 1036 916 1066 sacri-

224 1084 300 1116 ficio
317 1095 381 1116 uno
398 1086 451 1116 die
468 1086 598 1116 lustrari
620 1090 765 1126 poterat.
810 1085 916 1116 Arva-

225 1135 274 1165 les
292 1136 378 1166 enim
398 1135 534 1177 fratres,
558 1146 615 1167 seu
632 1136 774 1174 sodales,
788 1135 830 1166 ad
855 1135 917 1166 hoc

225 1185 333 1215 creati
347 1191 457 1224 erant,
471 1191 506 1216 ut
521 1186 679 1217 terminos
690 1185 760 1226 agri
778 1185 918 1216 Romani

225 1236 466 1267 suovetaurilia
492 1236 760 1268 circumferrent.
813 1236 916 1276 Cujus

225 1286 273 1316 rei
301 1286 479 1327 imaginem
505 1287 702 1328 praebebant
726 1285 917 1327 patresfam.

226 1337 446 1378 unusquisque
473 1339 505 1368 in
534 1348 613 1378 agro
638 1347 708 1372 suo,
733 1347 808 1368 cum
833 1337 916 1367 fines

225 1385 318 1416 fundi
336 1388 619 1418 suovetaurilibus
639 1387 814 1418 lustrabat.
853 1386 917 1417 Cu-

218 1435 278 1475 jus
302 1437 348 1468 rei
372 1439 560 1478 exemplum
588 1438 689 1468 habes
714 1437 801 1478 apud
819 1438 919 1469 Cato—

224 1497 312 1519 nem.
357 1489 402 1519 Et
429 1489 540 1519 allusit
563 1489 745 1528 Virgilius:
771 1493 778 1505 ‘
794 1493 916 1519 etcum

224 1537 442 1569 lustrabimus
467 1538 587 1578 agros!
638 1538 780 1568 Strabo:
806 1536 918 1577 μεταξὺ

226 1587 300 1624 γοῦν
320 1589 376 1618 τοῦ
401 1587 542 1626 πέμπτου
567 1588 617 1619 καὶ
641 1589 696 1618 τοῦ
721 1586 810 1618 ἕκτου
834 1588 920 1619 λίθου

222 1640 284 1668 τῶν
295 1638 335 1669 τὰ
345 1638 439 1677 ’μίλια
453 1638 710 1677 διασημαινόντων
724 1640 778 1675 τῆς
791 1639 919 1678 Ῥώμης,

222 1690 363 1719 καλεῖται
387 1689 483 1720 τόπος
509 1691 635 1728 φῆστοι.
658 1690 770 1720 τοῦτον
790 1690 815 1719 δ’
840 1689 918 1729 ὅριον

223 1740 489 1778 ἆποφαίνουσιτῆς
503 1740 577 1771 τότε
590 1739 741 1778 Ῥωμαίων
755 1741 826 1778 γῆς,
841 1739 871 1770 o‘l
883 1751 919 1769 τε

223 1789 434 1829 ἱερομνήμονες
450 1790 558 1821 θυσίαν
578 1792 771 1821 ἐπιτελοῦσιν
789 1790 920 1821 ἐνταῦθά

222 1851 269 1876 τε,
285 1840 335 1870 καὶ
352 1841 384 1870 ἐν
399 1840 507 1871 ἄλλοις
522 1840 627 1872 τόποις
642 1840 796 1880 πλείοσιν,
806 1841 844 1871 ὡς
857 1840 919 1880 ὅρι’-

222 1901 278 1929 οις,
289 1890 465 1931 αὐθημερὸν,
477 1890 513 1926 ἣν
523 1891 672 1921 καλοῦσιν
681 1891 920 1930 ἀμβαρουαλίαν.

224 1941 314 1981 Ergo
336 1939 419 1971 fines
443 1941 512 1979 agri
538 1941 599 1971 Ro.
622 1940 829 1972 definiuntur
854 1951 921 1971 am-

224 1991 341 2021 burvio
360 2001 367 2020 :
393 1991 481 2030 quod
511 1991 599 2021 idem
626 1996 678 2022 est
698 2001 772 2022 cum
790 1992 919 2023 ambar-

222 2041 311 2071 vali:
341 2045 375 2072 et
402 2041 588 2071 notandum
616 2042 801 2082 praecipue,
829 2042 917 2082 quod

223 2089 321 2130 dixit,
336 2090 513 2131 αὐθημερὸν,
524 2095 561 2121 ut
574 2090 768 2130 designetur
780 2091 918 2131 exiguus

222 2141 341 2172 modus
357 2143 428 2182 agri
455 2142 516 2173 Ro.
555 2142 664 2172 Porro
687 2142 828 2182 primum
847 2142 919 2173 Am·

223 2191 369 2222 terminos
387 2197 480 2232 puto,
497 2192 551 2232 qui
570 2196 692 2230 postea
705 2191 917 2227 Amiterminz',

224 2241 355 2272 dictos:
381 2242 413 2272 id
439 2246 505 2281 est,
529 2240 764 2282 ἀμφιτέρμονας,
787 2247 822 2272 ut
838 2243 917 2273 olim

223 2291 436 2331 interpretati
459 2302 593 2323 sumus:
619 2292 678 2323 sed
695 2292 804 2322 Varro
820 2291 917 2322 aliam

223 2342 373 2382 assignat
393 2352 541 2373 cansam.
588 2342 665 2373 Non
682 2342 786 2373 solum
803 2346 916 2372 autem

223 2392 413 2423 Antermini
438 2392 521 2423 dicti
544 2397 635 2432 sunt,
658 2392 715 2422 sed
743 2397 777 2423 et
794 2391 917 2423 Anter-

224 2443 349 2473 mines:
375 2442 451 2482 quia
470 2443 572 2473 etiam
599 2449 728 2473 tei-men
746 2443 917 2482 dicebant,

226 2497 365 2524 auctore
391 2493 553 2523 Varrone.
600 2494 683 2524 Cato
709 2494 742 2524 in
769 2493 918 2534 Origini-

225 2543 307 2574 bus:
335 2547 343 2559 ⁴
360 2542 543 2573 Oratorum
566 2543 812 2574 anterminum.’
857 2544 918 2574 Er-

226 2597 281 2624 rat
304 2593 509 2632 Macrobius,
531 2593 587 2633 qui
612 2592 742 2624 divulse
763 2593 857 2634 legit,
880 2603 920 2623 am

224 2643 410 2673 terminum.-
434 2652 508 2673 cum
536 2643 579 2673 sit
608 2642 825 2682 adjectivum,
849 2643 917 2674 Au-

225 2697 360 2724 termen:
391 2692 478 2724 unde
508 2692 724 2725 Antermines
753 2701 916 2725 oratores.

971 735 1057 765 Haec
1072 734 1224 774 Scaliger
1249 734 1455 774 acutissime,
1482 739 1518 766 ut
1544 735 1665 766 omnia.

971 784 1039 814 Sed
1064 794 1139 815 cum
1166 785 1213 815 ait
1236 785 1409 816 ambarvale
1430 790 1464 816 et
1480 786 1666 816 amburviale

972 834 1059 865 idem
1077 844 1166 873 esse,
1191 836 1346 874 peccavit
1362 836 1569 876 imprudens,
1588 845 1664 866 nam

974 885 1147 916 cimbam-ale
1162 890 1248 919 erat,
1262 895 1327 925 quo
1351 886 1475 916 circum
1499 896 1574 916 ανυα
1591 885 1666 916 hos-

975 935 1032 965 tiae
1049 934 1271 973 ducebantur,
1294 945 1368 975 quae
1388 940 1423 966 et
1446 935 1521 966 ideo
1537 935 1666 965 ambar-

974 985 1064 1015 vales
1094 984 1207 1015 dictae.
1267 984 1470 1015 Amburbium
1499 995 1580 1016 vero
1607 994 1667 1015 seu

972 1034 1159 1065 amburviale
1182 1044 1246 1075 quo
1269 1034 1396 1065 circum
1417 1035 1545 1065 urbem.
1590 1036 1666 1066 Am-

972 1085 1076 1116 burbio
1093 1085 1170 1116 urbs
1187 1085 1414 1116 lustrabatur:
1439 1095 1519 1116 arva
1537 1090 1571 1116 et
1594 1085 1666 1125 agri

971 1135 1151 1166 ambarvalz'.
1175 1136 1220 1165 Et
1237 1135 1410 1166 ambarvale
1426 1135 1468 1166 ab
1484 1135 1667 1165 amburviuli

972 1186 1020 1217 sic
1037 1191 1154 1226 aperte
1179 1185 1356 1226 distinguit
1372 1187 1526 1216 Servius:
1550 1187 1559 1202 ‘
1572 1185 1666 1217 Dici-

973 1241 1027 1267 tur
1043 1237 1104 1267 hoc
1124 1235 1323 1266 sacrificium
1349 1236 1552 1270 ambarvale,
1575 1234 1665 1276 quod

972 1298 1053 1319 arva
1068 1288 1193 1319 ambiat
1211 1288 1358 1326 victima,
1371 1287 1458 1317 sicut
1473 1286 1666 1317 amburvale

973 1339 1024 1368 vel
1042 1337 1264 1371 amburbium,
1281 1347 1347 1378 quo
1361 1338 1477 1368 urbem
1493 1336 1615 1367 circuit
1631 1341 1667 1366 et

974 1387 1078 1418 ambit
1097 1386 1254 1418 victima)
1272 1387 1367 1417 Idem.

1017 1437 1028 1456 f
1051 1439 1138 1468 Unde
1153 1438 1290 1478 anzicirz']
1327 1438 1428 1468 Certe
1445 1437 1523 1467 hinc
1540 1435 1664 1477 aliquid

972 1488 1111 1527 excidit,
1140 1493 1174 1518 et
1207 1488 1395 1519 necessario
1430 1487 1619 1527 legendum,
1647 1497 1666 1516 a

968 1539 1183 1579 praepositione
1197 1539 1353 1576 am„unde
1367 1538 1499 1569 amiciri.
1533 1537 1598 1568 Res
1615 1541 1668 1567 est

972 1590 1069 1619 nimis
1082 1594 1212 1629 aperta.
1233 1589 1328 1619 Idem.

1014 1644 1030 1666 ἕ
1052 1638 1224 1678 Amnssz'm]
1262 1638 1405 1678 Proprie
1430 1637 1543 1668 sunem
1572 1640 1666 1668 creta

974 1689 1027 1719 vel
1044 1689 1178 1719 rubrica
1195 1688 1328 1727 illitum,
1342 1697 1407 1728 quo
1422 1687 1566 1718 demisso
1581 1686 1665 1717 fabri

973 1739 1151 1779 explorant
1163 1749 1276 1779 opera.
1301 1738 1666 1771 Graecisdiciturmao-

972 1789 1024 1828 μή.
1042 1790 1189 1829 Hesych.
1203 1789 1336 1827 σταθμὴ,
1348 1787 1484 1828 σπάρτος
1497 1790 1528 1818 ἐν
1538 1785 1562 1829 ᾖ
1574 1788 1667 1827 ἀπορ-

975 1841 1060 1871 θοῦσι
1075 1841 1103 1870 οἵ
1120 1840 1276 1878 τέκτονες,
1302 1842 1310 1856 ‘
1327 1839 1493 1877 Amnssis,
1509 1838 1596 1869 funis
1613 1842 1667 1869 est

974 1901 1039 1930 quo
1053 1890 1202 1930 dirigunt
1220 1889 1331 1920 fabri.’
1376 1889 1509 1919 Dicitur
1524 1890 1533 1905 ‘
1550 1888 1668 1928 regula

973 1939 1170 1978 fabrorum‚’
1193 1948 1296 1979 quare
1321 1938 1375 1968 hic
1399 1939 1530 1972 Festus,
1554 1939 1563 1955 ‘
1578 1942 1665 1968 trac-

974 1995 1043 2020 tum
1071 2000 1090 2020 a
1116 1989 1255 2029 regula.’
1309 1988 1396 2019 Vide
1420 1987 1667 2018 ‘examussim’

973 2040 1071 2070 Idem.

1014 2089 1028 2110 ¹¹
1052 2089 1206 2121 Amussim
1230 2099 1288 2119 non
1312 2087 1419 2127 tacite]
1444 2086 1496 2117 Ab
1512 2097 1531 2117 a
1555 2087 1667 2127 priva-

972 2140 1054 2179 tivo,
1063 2145 1098 2170 et
1111 2141 1234 2178 nuutire,
1247 2138 1460 2169 inarticulate
1472 2137 1560 2178 loqui
1572 2142 1606 2168 et
1614 2147 1665 2168 mu

972 2188 1095 2220 facere.
1119 2190 1214 2219 Idem.

1012 2241 1020 2262 i
1043 2238 1191 2278 Amnem]
1215 2237 1443 2269 Glossarium:
1468 2238 1477 2254 ‘
1492 2236 1595 2276 Anas,
1608 2238 1666 2275 γῆ-

969 2303 1023 2331 ρας
1038 2290 1104 2320 κατ’
1122 2288 1216 2329 ὀργὴν
1231 2287 1328 2319 θεῶν.’
1351 2289 1360 2302 ‘
1375 2287 1496 2325 Antas,
1508 2286 1665 2326 γερουσία.

970 2341 1116 2378 Antites,
1131 2337 1306 2377 γερουσίαι.’
1320 2337 1436 2371 ‘Anet,
1450 2337 1557 2377 γηρᾷ]
1579 2337 1588 2353 ‘
1601 2337 1667 2367 An-

972 2401 1044 2428 nos,
1074 2388 1277 2429 θεοχολωσία,
1308 2387 1328 2423 ἢ
1357 2387 1462 2425 fimas!
1522 2388 1561 2418 In
1592 2388 1665 2418 aliis

971 2442 1112 2478 Glossis‚
1127 2443 1135 2458 ‘
1151 2440 1284 2477 Allitas,
1298 2437 1456 2478 Ὑραότης.’
1500 2437 1664 2477 Apuleius

971 2493 1029 2523 lib.
1045 2501 1069 2523 1.
1086 2489 1351 2529 Metamorphos.
1385 2490 1393 2504 ⁶
1406 2487 1458 2518 Ab
1475 2487 1571 2518 unico
1585 2496 1664 2517 con-

972 2552 1087 2581 gressu
1109 2549 1265 2572 annosam
1291 2539 1504 2579 pestilentem
1530 2541 1662 2566 contra-

972 2594 1015 2624 ho
1028 2593 1049 2624 ε’
1074 2592 1105 2623 id
1124 2597 1187 2627 est,
1210 2587 1429 2628 θεοχολωσίαν.
1450 2587 1518 2618 «1⁰³.
1535 2586 1619 2617 Scal.

1014 2643 1161 2683 Anutem]
1189 2640 1329 2677 ‘Anus‚’
1355 2644 1363 2656 ‘
1379 2637 1509 2675 anitas‚¹
1535 2639 1544 2654 ‘
1563 2635 1662 2668 anas.'

972 2693 1178 2726 Glossarium
1194 2703 1202 2723 :
1229 2693 1237 2708 ‘
1256 2699 1348 2730 anas,
1362 2689 1459 2728 ’γῆρας
1475 2687 1542 2718 κατ’
1568 2686 1662 2728 ὀργὴν
