<?xml version="1.0" encoding="UTF-8"?>
<!DOCTYPE html PUBLIC "-//W3C//DTD XHTML 1.0 Transitional//EN"
    "http://www.w3.org/TR/xhtml1/DTD/xhtml1-transitional.dtd">
<html xmlns="http://www.w3.org/1999/xhtml" xml:lang="en" lang="en">
 <head>
  <title>
</title>
<meta http-equiv="Content-Type" content="text/html;charset=utf-8" />
  <meta name='ocr-system' content='tesseract 3.04.00' />
  <meta name='ocr-capabilities' content='ocr_page ocr_carea ocr_par ocr_line ocrx_word'/>
</head>
<body>
  <div class='ocr_page' id='page_1' title='image "./mverriiflacciqua01verruoft/mverriiflacciqua01verruoft_0410.png"; bbox 0 0 1835 2906; ppageno 0'>
   <div class='ocr_carea' id='block_1_1' title="bbox 191 91 276 132">
    <p class='ocr_par' dir='ltr' id='par_1_1' title="bbox 191 91 276 132">
     <span class='ocr_line' id='line_1_1' title="bbox 191 91 276 132; baseline 0 0"><span class='ocrx_word' id='word_1_1' title='bbox 191 91 276 132; x_wconf 73' lang='lat'>392</span> 
     </span>
    </p>
   </div>
   <div class='ocr_carea' id='block_1_2' title="bbox 650 100 1207 132">
    <p class='ocr_par' dir='ltr' id='par_1_2' title="bbox 650 100 1207 132">
     <span class='ocr_line' id='line_1_2' title="bbox 650 100 1207 132; baseline 0.002 -2"><span class='ocrx_word' id='word_1_2' title='bbox 650 100 796 131; x_wconf 84' lang='lat' dir='ltr'>SEXTI</span> <span class='ocrx_word' id='word_1_3' title='bbox 832 101 1033 132; x_wconf 81' lang='lat' dir='ltr'><strong>POMPEII</strong></span> <span class='ocrx_word' id='word_1_4' title='bbox 1070 101 1207 132; x_wconf 82' lang='lat' dir='ltr'>FESTI</span> 
     </span>
    </p>
   </div>
   <div class='ocr_carea' id='block_1_3' title="bbox 192 196 1642 728">
    <p class='ocr_par' dir='ltr' id='par_1_3' title="bbox 249 196 1636 307">
     <span class='ocr_line' id='line_1_3' title="bbox 249 196 1636 252; baseline 0.003 -14"><span class='ocrx_word' id='word_1_5' title='bbox 249 197 340 238; x_wconf 83' lang='lat' dir='ltr'>deri</span> <span class='ocrx_word' id='word_1_6' title='bbox 373 196 589 251; x_wconf 78' lang='lat' dir='ltr'>adjicitur,</span> <span class='ocrx_word' id='word_1_7' title='bbox 626 197 702 238; x_wconf 82' lang='lat' dir='ltr'>sed</span> <span class='ocrx_word' id='word_1_8' title='bbox 740 199 944 248; x_wconf 82' lang='lat' dir='ltr'>deterius,</span> <span class='ocrx_word' id='word_1_9' title='bbox 975 202 1016 238; x_wconf 89' lang='lat' dir='ltr'>et</span> <span class='ocrx_word' id='word_1_10' title='bbox 1045 198 1163 252; x_wconf 84' lang='lat' dir='ltr'>quod</span> <span class='ocrx_word' id='word_1_11' title='bbox 1195 199 1288 239; x_wconf 86' lang='lat' dir='ltr'>sine</span> <span class='ocrx_word' id='word_1_12' title='bbox 1321 198 1412 240; x_wconf 90' lang='lat' dir='ltr'>ullo</span> <span class='ocrx_word' id='word_1_13' title='bbox 1443 212 1526 241; x_wconf 87' lang='lat' dir='ltr'>usu</span> <span class='ocrx_word' id='word_1_14' title='bbox 1557 204 1636 242; x_wconf 87' lang='lat' dir='ltr'>est.</span> 
     </span>
     <span class='ocr_line' id='line_1_4' title="bbox 249 265 1080 307; baseline -0.001 -1"><span class='ocrx_word' id='word_1_15' title='bbox 249 265 473 306; x_wconf 84' lang='lat' dir='ltr'>Lucilius:</span> <span class='ocrx_word' id='word_1_16' title='bbox 505 265 702 307; x_wconf 81' lang='lat' dir='ltr'>Mantisa</span> <span class='ocrx_word' id='word_1_17' title='bbox 725 266 909 307; x_wconf 86' lang='lat' dir='ltr'>obsonia</span> <span class='ocrx_word' id='word_1_18' title='bbox 931 266 1080 307; x_wconf 85' lang='lat' dir='ltr'>vincit.</span> 
     </span>
    </p>

    <p class='ocr_par' dir='ltr' id='par_1_4' title="bbox 192 331 1642 728">
     <span class='ocr_line' id='line_1_5' title="bbox 192 331 1638 388; baseline 0.003 -16"><span class='ocrx_word' id='word_1_19' title='bbox 192 332 450 373; x_wconf 78' lang='lat' dir='ltr'>Manubiaeu</span> <span class='ocrx_word' id='word_1_20' title='bbox 482 331 614 373; x_wconf 85' lang='lat' dir='ltr'>Jovis</span> <span class='ocrx_word' id='word_1_21' title='bbox 636 339 725 374; x_wconf 89' lang='lat' dir='ltr'>tres</span> <span class='ocrx_word' id='word_1_22' title='bbox 754 333 1003 375; x_wconf 85' lang='lat' dir='ltr'>dicuntur¹¹</span> <span class='ocrx_word' id='word_1_23' title='bbox 1037 347 1166 375; x_wconf 84' lang='lat' dir='ltr'>esse:</span> <span class='ocrx_word' id='word_1_24' title='bbox 1202 348 1386 388; x_wconf 84' lang='lat' dir='ltr'>quarum</span> <span class='ocrx_word' id='word_1_25' title='bbox 1409 348 1509 376; x_wconf 84' lang='lat' dir='ltr'>unae</span> <span class='ocrx_word' id='word_1_26' title='bbox 1533 341 1638 376; x_wconf 86' lang='lat' dir='ltr'>sunt</span> 
     </span>
     <span class='ocr_line' id='line_1_6' title="bbox 245 401 1636 457; baseline 0.001 -16"><span class='ocrx_word' id='word_1_27' title='bbox 245 401 454 449; x_wconf 81' lang='lat' dir='ltr'>minimae,</span> <span class='ocrx_word' id='word_1_28' title='bbox 487 414 588 454; x_wconf 81' lang='lat' dir='ltr'>quae</span> <span class='ocrx_word' id='word_1_29' title='bbox 617 407 825 443; x_wconf 86' lang='lat' dir='ltr'>moneant</span> <span class='ocrx_word' id='word_1_30' title='bbox 853 402 1136 457; x_wconf 70' lang='lat' dir='ltr'>placidaeque</span> <span class='ocrx_word' id='word_1_31' title='bbox 1173 403 1289 443; x_wconf 86' lang='lat' dir='ltr'>sint:</span> <span class='ocrx_word' id='word_1_32' title='bbox 1327 403 1495 452; x_wconf 74' lang='lat' dir='ltr'>alterae,</span> <span class='ocrx_word' id='word_1_33' title='bbox 1536 417 1636 456; x_wconf 79' lang='lat' dir='ltr'>quae</span> 
     </span>
     <span class='ocr_line' id='line_1_7' title="bbox 248 469 1639 524; baseline 0.001 -15"><span class='ocrx_word' id='word_1_34' title='bbox 248 469 438 523; x_wconf 83' lang='lat' dir='ltr'>maJ&#39;ores</span> <span class='ocrx_word' id='word_1_35' title='bbox 480 474 593 518; x_wconf 85' lang='lat' dir='ltr'>sunt,</span> <span class='ocrx_word' id='word_1_36' title='bbox 636 482 688 511; x_wconf 89' lang='lat' dir='ltr'>ac</span> <span class='ocrx_word' id='word_1_37' title='bbox 720 469 897 510; x_wconf 85' lang='lat' dir='ltr'>veniant</span> <span class='ocrx_word' id='word_1_38' title='bbox 930 483 1030 511; x_wconf 88' lang='lat' dir='ltr'>cum</span> <span class='ocrx_word' id='word_1_39' title='bbox 1074 470 1260 523; x_wconf 85' lang='lat' dir='ltr'>fragore,</span> <span class='ocrx_word' id='word_1_40' title='bbox 1310 470 1639 524; x_wconf 82' lang='lat' dir='ltr'>discutiantque</span> 
     </span>
     <span class='ocr_line' id='line_1_8' title="bbox 250 537 1638 591; baseline 0 -14"><span class='ocrx_word' id='word_1_41' title='bbox 250 541 326 578; x_wconf 83' lang='lat' dir='ltr'>aut</span> <span class='ocrx_word' id='word_1_42' title='bbox 345 537 571 586; x_wconf 77' lang='lat' dir='ltr'>divellant,</span> <span class='ocrx_word' id='word_1_43' title='bbox 594 551 694 591; x_wconf 89' lang='lat' dir='ltr'>quae</span> <span class='ocrx_word' id='word_1_44' title='bbox 717 551 743 577; x_wconf 88' lang='lat' dir='ltr'>a</span> <span class='ocrx_word' id='word_1_45' title='bbox 763 537 881 578; x_wconf 87' lang='lat' dir='ltr'>Jove</span> <span class='ocrx_word' id='word_1_46' title='bbox 902 538 1003 588; x_wconf 84' lang='lat' dir='ltr'>sint,</span> <span class='ocrx_word' id='word_1_47' title='bbox 1023 543 1064 580; x_wconf 85' lang='lat' dir='ltr'>et</span> <span class='ocrx_word' id='word_1_48' title='bbox 1086 538 1271 579; x_wconf 89' lang='lat' dir='ltr'>consilio</span> <span class='ocrx_word' id='word_1_49' title='bbox 1294 538 1490 579; x_wconf 83' lang='lat' dir='ltr'><strong>Deorum</strong></span> <span class='ocrx_word' id='word_1_50' title='bbox 1522 537 1638 578; x_wconf 83' lang='lat' dir='ltr'>mitti</span> 
     </span>
     <span class='ocr_line' id='line_1_9' title="bbox 247 605 1640 660; baseline 0 -15"><span class='ocrx_word' id='word_1_51' title='bbox 247 605 582 646; x_wconf 82' lang='lat' dir='ltr'>existimentur:</span> <span class='ocrx_word' id='word_1_52' title='bbox 624 606 760 646; x_wconf 80' lang='lat' dir='ltr'>tertiae</span> <span class='ocrx_word' id='word_1_53' title='bbox 795 605 864 646; x_wconf 89' lang='lat' dir='ltr'>his</span> <span class='ocrx_word' id='word_1_54' title='bbox 901 607 1153 660; x_wconf 85' lang='lat' dir='ltr'>ampliores,</span> <span class='ocrx_word' id='word_1_55' title='bbox 1176 620 1275 659; x_wconf 81' lang='lat' dir='ltr'>quae</span> <span class='ocrx_word' id='word_1_56' title='bbox 1310 619 1409 646; x_wconf 90' lang='lat' dir='ltr'>cum</span> <span class='ocrx_word' id='word_1_57' title='bbox 1440 606 1540 658; x_wconf 84' lang='lat' dir='ltr'>igne</span> <span class='ocrx_word' id='word_1_58' title='bbox 1568 617 1640 645; x_wconf 84' lang='lat' dir='ltr'>ve·-</span> 
     </span>
     <span class='ocr_line' id='line_1_10' title="bbox 247 672 1642 728; baseline 0.001 -16"><span class='ocrx_word' id='word_1_59' title='bbox 247 672 397 724; x_wconf 86' lang='lat' dir='ltr'>niant;</span> <span class='ocrx_word' id='word_1_60' title='bbox 417 678 462 713; x_wconf 88' lang='lat' dir='ltr'>et</span> <span class='ocrx_word' id='word_1_61' title='bbox 482 685 733 726; x_wconf 83' lang='lat' dir='ltr'>quanquam</span> <span class='ocrx_word' id='word_1_62' title='bbox 753 673 920 713; x_wconf 87' lang='lat' dir='ltr'>nullum</span> <span class='ocrx_word' id='word_1_63' title='bbox 941 674 1036 714; x_wconf 84' lang='lat' dir='ltr'>sine</span> <span class='ocrx_word' id='word_1_64' title='bbox 1058 675 1155 727; x_wconf 83' lang='lat' dir='ltr'>igne</span> <span class='ocrx_word' id='word_1_65' title='bbox 1178 674 1321 728; x_wconf 81' lang='lat' dir='ltr'>fulgur</span> <span class='ocrx_word' id='word_1_66' title='bbox 1342 678 1427 723; x_wconf 89' lang='lat' dir='ltr'>est,</span> <span class='ocrx_word' id='word_1_67' title='bbox 1448 673 1516 714; x_wconf 86' lang='lat' dir='ltr'>hae</span> <span class='ocrx_word' id='word_1_68' title='bbox 1540 685 1642 727; x_wconf 87' lang='lat' dir='ltr'>pro-</span> 
     </span>
    </p>
   </div>
   <div class='ocr_carea' id='block_1_4' title="bbox 796 793 1033 805">
    <p class='ocr_par' dir='ltr' id='par_1_5' title="bbox 796 793 1033 805">
     <span class='ocr_line' id='line_1_11' title="bbox 796 793 1033 805; baseline 0 0"><span class='ocrx_word' id='word_1_69' title='bbox 796 793 1033 805; x_wconf 54' lang='lat' dir='ltr'>eaeeaeoeaeeeoee</span> 
     </span>
    </p>
   </div>
   <div class='ocr_carea' id='block_1_5' title="bbox 235 867 1378 911">
    <p class='ocr_par' dir='ltr' id='par_1_6' title="bbox 235 867 1378 911">
     <span class='ocr_line' id='line_1_12' title="bbox 235 867 1378 911; baseline 0.002 -13"><span class='ocrx_word' id='word_1_70' title='bbox 235 870 272 898; x_wconf 90' lang='lat'>11</span> <span class='ocrx_word' id='word_1_71' title='bbox 298 867 444 900; x_wconf 80' lang='lat' dir='ltr'>Quidam</span> <span class='ocrx_word' id='word_1_72' title='bbox 463 867 517 898; x_wconf 83' lang='lat' dir='ltr'>lib.</span> <span class='ocrx_word' id='word_1_73' title='bbox 532 869 719 901; x_wconf 74' lang='lat' dir='ltr'>creduntur.-</span> <span class='ocrx_word' id='word_1_74' title='bbox 752 875 787 900; x_wconf 89' lang='lat' dir='ltr'>et</span> <span class='ocrx_word' id='word_1_75' title='bbox 803 879 881 901; x_wconf 88' lang='lat' dir='ltr'>mox</span> <span class='ocrx_word' id='word_1_76' title='bbox 895 871 1085 910; x_wconf 79' lang='lat' dir='ltr'>placatoeque</span> <span class='ocrx_word' id='word_1_77' title='bbox 1102 879 1162 910; x_wconf 89' lang='lat' dir='ltr'>pro</span> <span class='ocrx_word' id='word_1_78' title='bbox 1179 870 1378 911; x_wconf 77' lang='lat' dir='ltr'>placidoeque.</span> 
     </span>
    </p>
   </div>
   <div class='ocr_carea' id='block_1_6' title="bbox 846 978 990 1010">
    <p class='ocr_par' dir='ltr' id='par_1_7' title="bbox 846 978 990 1010">
     <span class='ocr_line' id='line_1_13' title="bbox 846 978 990 1010; baseline 0 0"><span class='ocrx_word' id='word_1_79' title='bbox 846 978 990 1010; x_wconf 86' lang='lat' dir='ltr'>NOTAE</span> 
     </span>
    </p>
   </div>
   <div class='ocr_carea' id='block_1_7' title="bbox 188 1051 895 2719">
    <p class='ocr_par' dir='ltr' id='par_1_8' title="bbox 188 1051 891 1435">
     <span class='ocr_line' id='line_1_14' title="bbox 191 1051 890 1094; baseline 0.004 -12"><span class='ocrx_word' id='word_1_80' title='bbox 191 1051 280 1092; x_wconf 88' lang='lat' dir='ltr'>quod</span> <span class='ocrx_word' id='word_1_81' title='bbox 296 1051 337 1082; x_wconf 86' lang='lat' dir='ltr'>ad</span> <span class='ocrx_word' id='word_1_82' title='bbox 355 1052 486 1093; x_wconf 88' lang='lat' dir='ltr'>pondus</span> <span class='ocrx_word' id='word_1_83' title='bbox 503 1054 667 1094; x_wconf 80' lang='lat' dir='ltr'>exigitur:</span> <span class='ocrx_word' id='word_1_84' title='bbox 692 1058 729 1085; x_wconf 89' lang='lat' dir='ltr'>ut</span> <span class='ocrx_word' id='word_1_85' title='bbox 741 1054 784 1085; x_wconf 88' lang='lat' dir='ltr'>sit</span> <span class='ocrx_word' id='word_1_86' title='bbox 797 1064 890 1085; x_wconf 86' lang='lat' dir='ltr'>man-</span> 
     </span>
     <span class='ocr_line' id='line_1_15' title="bbox 191 1102 890 1145; baseline 0.006 -13"><span class='ocrx_word' id='word_1_87' title='bbox 191 1102 258 1133; x_wconf 87' lang='lat' dir='ltr'>tisa</span> <span class='ocrx_word' id='word_1_88' title='bbox 273 1111 364 1143; x_wconf 87' lang='lat' dir='ltr'>caro,</span> <span class='ocrx_word' id='word_1_89' title='bbox 383 1104 434 1134; x_wconf 89' lang='lat' dir='ltr'>vel</span> <span class='ocrx_word' id='word_1_90' title='bbox 453 1104 596 1135; x_wconf 85' lang='lat' dir='ltr'>mantisa</span> <span class='ocrx_word' id='word_1_91' title='bbox 620 1114 728 1140; x_wconf 85' lang='lat' dir='ltr'>merx,</span> <span class='ocrx_word' id='word_1_92' title='bbox 750 1104 890 1145; x_wconf 85' lang='grc' dir='ltr'>χειρότο-</span> 
     </span>
     <span class='ocr_line' id='line_1_16' title="bbox 189 1151 891 1195; baseline 0.006 -12"><span class='ocrx_word' id='word_1_93' title='bbox 189 1164 244 1183; x_wconf 81' lang='grc' dir='ltr'>νον</span> <span class='ocrx_word' id='word_1_94' title='bbox 280 1151 381 1194; x_wconf 83' lang='grc' dir='ltr'>κρέας.</span> <span class='ocrx_word' id='word_1_95' title='bbox 426 1155 620 1195; x_wconf 85' lang='lat' dir='ltr'>Porrigitur</span> <span class='ocrx_word' id='word_1_96' title='bbox 657 1156 746 1187; x_wconf 88' lang='lat' dir='ltr'>enim</span> <span class='ocrx_word' id='word_1_97' title='bbox 778 1167 891 1194; x_wconf 87' lang='lat' dir='ltr'>manu,</span> 
     </span>
     <span class='ocr_line' id='line_1_17' title="bbox 191 1203 889 1243; baseline 0.006 -10"><span class='ocrx_word' id='word_1_98' title='bbox 191 1212 258 1234; x_wconf 90' lang='lat' dir='ltr'>non</span> <span class='ocrx_word' id='word_1_99' title='bbox 289 1203 390 1235; x_wconf 86' lang='lat' dir='ltr'>datur</span> <span class='ocrx_word' id='word_1_100' title='bbox 423 1205 585 1243; x_wconf 83' lang='lat' dir='ltr'>pondere.</span> <span class='ocrx_word' id='word_1_101' title='bbox 629 1206 738 1237; x_wconf 88' lang='lat' dir='ltr'>Porro</span> <span class='ocrx_word' id='word_1_102' title='bbox 769 1208 889 1238; x_wconf 81' lang='lat' dir='ltr'>Manti-</span> 
     </span>
     <span class='ocr_line' id='line_1_18' title="bbox 190 1255 888 1295; baseline 0.007 -12"><span class='ocrx_word' id='word_1_103' title='bbox 190 1263 258 1284; x_wconf 80' lang='lat' dir='ltr'>sam</span> <span class='ocrx_word' id='word_1_104' title='bbox 283 1263 344 1295; x_wconf 85' lang='lat' dir='ltr'>pro</span> <span class='ocrx_word' id='word_1_105' title='bbox 361 1255 539 1286; x_wconf 80' lang='lat' dir='ltr'>Mantesum</span> <span class='ocrx_word' id='word_1_106' title='bbox 558 1256 685 1287; x_wconf 88' lang='lat' dir='ltr'>dictum</span> <span class='ocrx_word' id='word_1_107' title='bbox 704 1267 768 1288; x_wconf 91' lang='lat' dir='ltr'>non</span> <span class='ocrx_word' id='word_1_108' title='bbox 790 1258 888 1289; x_wconf 75' lang='lat' dir='ltr'>ntira-</span> 
     </span>
     <span class='ocr_line' id='line_1_19' title="bbox 191 1303 890 1347; baseline 0.007 -13"><span class='ocrx_word' id='word_1_109' title='bbox 191 1303 299 1344; x_wconf 80' lang='lat' dir='ltr'>bitur,</span> <span class='ocrx_word' id='word_1_110' title='bbox 323 1305 379 1345; x_wconf 90' lang='lat' dir='ltr'>qui</span> <span class='ocrx_word' id='word_1_111' title='bbox 409 1305 473 1336; x_wconf 83' lang='lat' dir='ltr'>scit</span> <span class='ocrx_word' id='word_1_112' title='bbox 499 1307 644 1337; x_wconf 83' lang='lat' dir='ltr'>Veteres</span> <span class='ocrx_word' id='word_1_113' title='bbox 668 1311 676 1323; x_wconf 92' lang='lat'>‘</span> <span class='ocrx_word' id='word_1_114' title='bbox 695 1307 890 1347; x_wconf 83' lang='lat' dir='ltr'>Pertisum‚&#39;</span> 
     </span>
     <span class='ocr_line' id='line_1_20' title="bbox 191 1355 888 1397; baseline 0.009 -13"><span class='ocrx_word' id='word_1_115' title='bbox 191 1363 253 1394; x_wconf 90' lang='lat' dir='ltr'>pro</span> <span class='ocrx_word' id='word_1_116' title='bbox 279 1355 288 1371; x_wconf 92' lang='lat'>‘</span> <span class='ocrx_word' id='word_1_117' title='bbox 305 1355 503 1395; x_wconf 86' lang='lat' dir='ltr'>pertesum‚&#39;</span> <span class='ocrx_word' id='word_1_118' title='bbox 531 1362 566 1388; x_wconf 89' lang='lat' dir='ltr'>et</span> <span class='ocrx_word' id='word_1_119' title='bbox 594 1357 725 1397; x_wconf 80' lang='lat' dir='ltr'>similia,</span> <span class='ocrx_word' id='word_1_120' title='bbox 752 1358 888 1390; x_wconf 85' lang='lat' dir='ltr'>dixisse.</span> 
     </span>
     <span class='ocr_line' id='line_1_21' title="bbox 188 1403 357 1435; baseline 0 -2"><span class='ocrx_word' id='word_1_121' title='bbox 188 1403 257 1434; x_wconf 79' lang='lat' dir='ltr'>Jos.</span> <span class='ocrx_word' id='word_1_122' title='bbox 275 1403 357 1435; x_wconf 80' lang='lat' dir='ltr'>Scat.</span> 
     </span>
    </p>

    <p class='ocr_par' dir='ltr' id='par_1_9' title="bbox 188 1455 895 2719">
     <span class='ocr_line' id='line_1_22' title="bbox 234 1455 889 1496; baseline 0.006 -11"><span class='ocrx_word' id='word_1_123' title='bbox 234 1460 248 1475; x_wconf 84' lang='lat'>¹¹</span> <span class='ocrx_word' id='word_1_124' title='bbox 270 1455 446 1496; x_wconf 70' lang='lat' dir='ltr'>Illanubioe]</span> <span class='ocrx_word' id='word_1_125' title='bbox 470 1455 527 1487; x_wconf 92' lang='lat' dir='ltr'>Sic</span> <span class='ocrx_word' id='word_1_126' title='bbox 555 1456 653 1487; x_wconf 86' lang='lat' dir='ltr'>Jovis</span> <span class='ocrx_word' id='word_1_127' title='bbox 683 1456 821 1489; x_wconf 80' lang='lat' dir='ltr'>fulmina</span> <span class='ocrx_word' id='word_1_128' title='bbox 848 1460 889 1489; x_wconf 92' lang='lat' dir='ltr'>E-</span> 
     </span>
     <span class='ocr_line' id='line_1_23' title="bbox 191 1506 890 1547; baseline 0.007 -11"><span class='ocrx_word' id='word_1_129' title='bbox 191 1510 307 1537; x_wconf 80' lang='lat' dir='ltr'>trusco</span> <span class='ocrx_word' id='word_1_130' title='bbox 327 1506 491 1537; x_wconf 82' lang='lat' dir='ltr'>vocabulo</span> <span class='ocrx_word' id='word_1_131' title='bbox 508 1507 598 1537; x_wconf 84' lang='lat' dir='ltr'>dicta</span> <span class='ocrx_word' id='word_1_132' title='bbox 617 1513 709 1547; x_wconf 86' lang='lat' dir='ltr'>sunt,</span> <span class='ocrx_word' id='word_1_133' title='bbox 727 1509 778 1539; x_wconf 86' lang='lat' dir='ltr'>vel</span> <span class='ocrx_word' id='word_1_134' title='bbox 795 1508 890 1541; x_wconf 81' lang='lat' dir='ltr'>Grae·</span> 
     </span>
     <span class='ocr_line' id='line_1_24' title="bbox 191 1558 891 1598; baseline 0.006 -10"><span class='ocrx_word' id='word_1_135' title='bbox 191 1567 243 1592; x_wconf 79' lang='lat' dir='ltr'>ce,</span> <span class='ocrx_word' id='word_1_136' title='bbox 259 1561 296 1588; x_wconf 88' lang='lat' dir='ltr'>nt</span> <span class='ocrx_word' id='word_1_137' title='bbox 313 1558 448 1598; x_wconf 80' lang='lat' dir='ltr'>quidam</span> <span class='ocrx_word' id='word_1_138' title='bbox 465 1559 594 1597; x_wconf 80' lang='lat' dir='ltr'>volunt,</span> <span class='ocrx_word' id='word_1_139' title='bbox 607 1568 624 1589; x_wconf 86' lang='lat' dir='ltr'>a</span> <span class='ocrx_word' id='word_1_140' title='bbox 639 1560 742 1590; x_wconf 87' lang='lat' dir='ltr'>verbo</span> <span class='ocrx_word' id='word_1_141' title='bbox 759 1560 891 1592; x_wconf 84' lang='lat' dir='ltr'>scilicet</span> 
     </span>
     <span class='ocr_line' id='line_1_25' title="bbox 188 1606 892 1650; baseline 0.007 -12"><span class='ocrx_word' id='word_1_142' title='bbox 188 1606 303 1647; x_wconf 80' lang='grc' dir='ltr'><em>μανύω,</em></span> <span class='ocrx_word' id='word_1_143' title='bbox 316 1609 469 1647; x_wconf 77' lang='lat' dir='ltr'>ostendo,</span> <span class='ocrx_word' id='word_1_144' title='bbox 479 1607 714 1649; x_wconf 72' lang='lat' dir='ltr'>etfiia‚virtus,</span> <span class='ocrx_word' id='word_1_145' title='bbox 727 1611 892 1650; x_wconf 76' lang='lat' dir='ltr'>potentia,</span> 
     </span>
     <span class='ocr_line' id='line_1_26' title="bbox 189 1658 890 1701; baseline 0.006 -12"><span class='ocrx_word' id='word_1_146' title='bbox 189 1659 268 1701; x_wconf 89' lang='lat' dir='ltr'>quia</span> <span class='ocrx_word' id='word_1_147' title='bbox 284 1658 324 1689; x_wconf 81' lang='lat' dir='ltr'>iis</span> <span class='ocrx_word' id='word_1_148' title='bbox 349 1658 490 1698; x_wconf 86' lang='lat' dir='ltr'>Jupiter</span> <span class='ocrx_word' id='word_1_149' title='bbox 516 1661 701 1699; x_wconf 77' lang='lat' dir='ltr'>potentiam</span> <span class='ocrx_word' id='word_1_150' title='bbox 726 1670 818 1692; x_wconf 88' lang='lat' dir='ltr'>suam</span> <span class='ocrx_word' id='word_1_151' title='bbox 840 1672 890 1693; x_wconf 83' lang='lat' dir='ltr'>os-</span> 
     </span>
     <span class='ocr_line' id='line_1_27' title="bbox 190 1709 891 1743; baseline 0.004 -3"><span class='ocrx_word' id='word_1_152' title='bbox 190 1709 312 1741; x_wconf 80' lang='lat' dir='ltr'>tendit.</span> <span class='ocrx_word' id='word_1_153' title='bbox 349 1709 538 1740; x_wconf 88' lang='lat' dir='ltr'>Fulminum</span> <span class='ocrx_word' id='word_1_154' title='bbox 557 1716 669 1741; x_wconf 87' lang='lat' dir='ltr'>autem</span> <span class='ocrx_word' id='word_1_155' title='bbox 688 1712 792 1743; x_wconf 87' lang='lat' dir='ltr'>multa</span> <span class='ocrx_word' id='word_1_156' title='bbox 810 1711 891 1743; x_wconf 86' lang='lat' dir='ltr'>fuis-</span> 
     </span>
     <span class='ocr_line' id='line_1_28' title="bbox 190 1760 889 1802; baseline 0.006 -12"><span class='ocrx_word' id='word_1_157' title='bbox 190 1769 227 1790; x_wconf 72' lang='lat' dir='ltr'>se</span> <span class='ocrx_word' id='word_1_158' title='bbox 254 1769 380 1800; x_wconf 83' lang='lat' dir='ltr'>genera</span> <span class='ocrx_word' id='word_1_159' title='bbox 407 1760 578 1792; x_wconf 83' lang='lat' dir='ltr'>finxerunt</span> <span class='ocrx_word' id='word_1_160' title='bbox 593 1762 754 1802; x_wconf 77' lang='lat' dir='ltr'>Veteres,</span> <span class='ocrx_word' id='word_1_161' title='bbox 775 1769 809 1794; x_wconf 92' lang='lat' dir='ltr'>et</span> <span class='ocrx_word' id='word_1_162' title='bbox 835 1774 889 1794; x_wconf 86' lang='lat' dir='ltr'>eo-</span> 
     </span>
     <span class='ocr_line' id='line_1_29' title="bbox 190 1811 890 1853; baseline 0.004 -12"><span class='ocrx_word' id='word_1_163' title='bbox 190 1820 263 1841; x_wconf 89' lang='lat' dir='ltr'>rum</span> <span class='ocrx_word' id='word_1_164' title='bbox 302 1811 366 1841; x_wconf 85' lang='lat' dir='ltr'>tria</span> <span class='ocrx_word' id='word_1_165' title='bbox 401 1817 533 1842; x_wconf 80' lang='lat' dir='ltr'>tantum</span> <span class='ocrx_word' id='word_1_166' title='bbox 564 1812 685 1843; x_wconf 82' lang='lat' dir='ltr'>Jovem</span> <span class='ocrx_word' id='word_1_167' title='bbox 715 1813 890 1853; x_wconf 83' lang='lat' dir='ltr'>ejaculari,</span> 
     </span>
     <span class='ocr_line' id='line_1_30' title="bbox 191 1862 888 1902; baseline 0.004 -10"><span class='ocrx_word' id='word_1_168' title='bbox 191 1871 266 1902; x_wconf 88' lang='lat' dir='ltr'>quae</span> <span class='ocrx_word' id='word_1_169' title='bbox 299 1866 466 1891; x_wconf 88' lang='lat' dir='ltr'>vocarunt</span> <span class='ocrx_word' id='word_1_170' title='bbox 501 1862 670 1894; x_wconf 80' lang='lat' dir='ltr'>manubias.</span> <span class='ocrx_word' id='word_1_171' title='bbox 717 1864 888 1895; x_wconf 77' lang='lat' dir='ltr'>Candidas</span> 
     </span>
     <span class='ocr_line' id='line_1_31' title="bbox 191 1912 888 1952; baseline 0.003 -9"><span class='ocrx_word' id='word_1_172' title='bbox 191 1912 336 1952; x_wconf 82' lang='lat' dir='ltr'>scilicet,</span> <span class='ocrx_word' id='word_1_173' title='bbox 364 1912 494 1951; x_wconf 62' lang='lat' dir='ltr'>rubram,</span> <span class='ocrx_word' id='word_1_174' title='bbox 524 1918 561 1944; x_wconf 84' lang='lat' dir='ltr'>et</span> <span class='ocrx_word' id='word_1_175' title='bbox 578 1919 692 1944; x_wconf 84' lang='lat' dir='ltr'>atras:</span> <span class='ocrx_word' id='word_1_176' title='bbox 727 1915 888 1946; x_wconf 78' lang='lat' dir='ltr'>candidas</span> 
     </span>
     <span class='ocr_line' id='line_1_32' title="bbox 191 1962 890 2005; baseline 0.004 -12"><span class='ocrx_word' id='word_1_177' title='bbox 191 1962 343 2003; x_wconf 86' lang='lat' dir='ltr'>quidem,</span> <span class='ocrx_word' id='word_1_178' title='bbox 359 1962 589 2004; x_wconf 74' lang='lat' dir='ltr'>consilii‚qnae</span> <span class='ocrx_word' id='word_1_179' title='bbox 607 1964 807 2000; x_wconf 65' lang='lat' dir='ltr'>monuerim,</span> <span class='ocrx_word' id='word_1_180' title='bbox 821 1967 890 2005; x_wconf 79' lang='lat' dir='ltr'>pla-</span> 
     </span>
     <span class='ocr_line' id='line_1_33' title="bbox 189 2013 889 2055; baseline 0.006 -11"><span class='ocrx_word' id='word_1_181' title='bbox 189 2013 356 2055; x_wconf 82' lang='lat' dir='ltr'>cidaeque,</span> <span class='ocrx_word' id='word_1_182' title='bbox 384 2023 445 2044; x_wconf 86' lang='lat' dir='ltr'>seu</span> <span class='ocrx_word' id='word_1_183' title='bbox 476 2015 579 2054; x_wconf 71' lang='lat' dir='ltr'>laetae,</span> <span class='ocrx_word' id='word_1_184' title='bbox 597 2025 699 2055; x_wconf 85' lang='lat' dir='ltr'>quare</span> <span class='ocrx_word' id='word_1_185' title='bbox 730 2016 762 2047; x_wconf 87' lang='lat' dir='ltr'>id</span> <span class='ocrx_word' id='word_1_186' title='bbox 783 2019 889 2048; x_wconf 80' lang='lat' dir='ltr'>soium</span> 
     </span>
     <span class='ocr_line' id='line_1_34' title="bbox 190 2062 891 2104; baseline 0.006 -10"><span class='ocrx_word' id='word_1_187' title='bbox 190 2062 316 2095; x_wconf 83' lang='lat' dir='ltr'>fulmen</span> <span class='ocrx_word' id='word_1_188' title='bbox 344 2064 511 2104; x_wconf 83' lang='lat' dir='ltr'>placabile</span> <span class='ocrx_word' id='word_1_189' title='bbox 535 2065 623 2096; x_wconf 82' lang='lat' dir='ltr'>dixit</span> <span class='ocrx_word' id='word_1_190' title='bbox 643 2066 773 2098; x_wconf 85' lang='lat' dir='ltr'>Seneca</span> <span class='ocrx_word' id='word_1_191' title='bbox 789 2068 891 2098; x_wconf 86' lang='lat' dir='ltr'>alicu-</span> 
     </span>
     <span class='ocr_line' id='line_1_35' title="bbox 191 2115 890 2159; baseline 0.006 -14"><span class='ocrx_word' id='word_1_192' title='bbox 191 2115 246 2146; x_wconf 88' lang='lat' dir='ltr'>bi:</span> <span class='ocrx_word' id='word_1_193' title='bbox 278 2115 394 2145; x_wconf 61' lang='lat' dir='ltr'>rubras</span> <span class='ocrx_word' id='word_1_194' title='bbox 426 2124 518 2153; x_wconf 91' lang='lat' dir='ltr'>ver0,</span> <span class='ocrx_word' id='word_1_195' title='bbox 555 2118 777 2154; x_wconf 76' lang='lat' dir='ltr'>auctoritatis,</span> <span class='ocrx_word' id='word_1_196' title='bbox 815 2129 890 2159; x_wconf 80' lang='lat' dir='ltr'>quae</span> 
     </span>
     <span class='ocr_line' id='line_1_36' title="bbox 190 2165 891 2208; baseline 0.006 -12"><span class='ocrx_word' id='word_1_197' title='bbox 190 2166 266 2197; x_wconf 89' lang='lat' dir='ltr'>Diis</span> <span class='ocrx_word' id='word_1_198' title='bbox 279 2165 498 2197; x_wconf 83' lang='lat' dir='ltr'>inferioribus</span> <span class='ocrx_word' id='word_1_199' title='bbox 512 2167 655 2198; x_wconf 78' lang='lat' dir='ltr'>consciis</span> <span class='ocrx_word' id='word_1_200' title='bbox 668 2177 744 2199; x_wconf 90' lang='lat' dir='ltr'>cum</span> <span class='ocrx_word' id='word_1_201' title='bbox 756 2169 891 2208; x_wconf 77' lang='lat' dir='ltr'>fragore</span> 
     </span>
     <span class='ocr_line' id='line_1_37' title="bbox 192 2217 892 2259; baseline 0.004 -11"><span class='ocrx_word' id='word_1_202' title='bbox 192 2218 603 2258; x_wconf 84' lang='lat' dir='ltr'>veniebant,vulneraque</span> <span class='ocrx_word' id='word_1_203' title='bbox 621 2217 832 2259; x_wconf 79' lang='lat' dir='ltr'>infligebant,</span> <span class='ocrx_word' id='word_1_204' title='bbox 844 2224 892 2251; x_wconf 83' lang='lat' dir='ltr'>ta-</span> 
     </span>
     <span class='ocr_line' id='line_1_38' title="bbox 191 2269 893 2310; baseline 0.001 -10"><span class='ocrx_word' id='word_1_205' title='bbox 191 2279 268 2300; x_wconf 86' lang='lat' dir='ltr'>men</span> <span class='ocrx_word' id='word_1_206' title='bbox 295 2269 364 2300; x_wconf 88' lang='lat' dir='ltr'>sine</span> <span class='ocrx_word' id='word_1_207' title='bbox 396 2269 591 2310; x_wconf 83' lang='lat' dir='ltr'>cujusquam</span> <span class='ocrx_word' id='word_1_208' title='bbox 621 2270 738 2301; x_wconf 87' lang='lat' dir='ltr'>caede:</span> <span class='ocrx_word' id='word_1_209' title='bbox 775 2272 893 2302; x_wconf 85' lang='lat' dir='ltr'>tertias</span> 
     </span>
     <span class='ocr_line' id='line_1_39' title="bbox 193 2320 892 2362; baseline 0.003 -11"><span class='ocrx_word' id='word_1_210' title='bbox 193 2321 351 2362; x_wconf 82' lang='lat' dir='ltr'>denique,</span> <span class='ocrx_word' id='word_1_211' title='bbox 380 2320 414 2351; x_wconf 84' lang='lat' dir='ltr'>id</span> <span class='ocrx_word' id='word_1_212' title='bbox 443 2326 507 2359; x_wconf 84' lang='lat' dir='ltr'>est,</span> <span class='ocrx_word' id='word_1_213' title='bbox 536 2326 638 2359; x_wconf 81' lang='lat' dir='ltr'>atras,</span> <span class='ocrx_word' id='word_1_214' title='bbox 667 2327 775 2352; x_wconf 83' lang='lat' dir='ltr'>status</span> <span class='ocrx_word' id='word_1_215' title='bbox 802 2323 892 2353; x_wconf 84' lang='lat' dir='ltr'>(lice-</span> 
     </span>
     <span class='ocr_line' id='line_1_40' title="bbox 192 2371 892 2413; baseline 0.003 -12"><span class='ocrx_word' id='word_1_216' title='bbox 192 2371 287 2410; x_wconf 81' lang='lat' dir='ltr'>baut,</span> <span class='ocrx_word' id='word_1_217' title='bbox 305 2382 380 2412; x_wconf 83' lang='lat' dir='ltr'>quae</span> <span class='ocrx_word' id='word_1_218' title='bbox 399 2371 547 2402; x_wconf 83' lang='lat' dir='ltr'>Deorum</span> <span class='ocrx_word' id='word_1_219' title='bbox 565 2373 666 2402; x_wconf 82' lang='lat' dir='ltr'>etiam</span> <span class='ocrx_word' id='word_1_220' title='bbox 682 2373 892 2413; x_wconf 77' lang='lat' dir='ltr'>superiorum</span> 
     </span>
     <span class='ocr_line' id='line_1_41' title="bbox 193 2423 893 2465; baseline 0.004 -13"><span class='ocrx_word' id='word_1_221' title='bbox 193 2423 332 2453; x_wconf 83' lang='lat' dir='ltr'>consilio</span> <span class='ocrx_word' id='word_1_222' title='bbox 363 2429 489 2463; x_wconf 83' lang='lat' dir='ltr'>praeter</span> <span class='ocrx_word' id='word_1_223' title='bbox 519 2425 795 2465; x_wconf 79' lang='lat' dir='ltr'>expectationem</span> <span class='ocrx_word' id='word_1_224' title='bbox 826 2435 893 2456; x_wconf 94' lang='lat' dir='ltr'>om-</span> 
     </span>
     <span class='ocr_line' id='line_1_42' title="bbox 193 2473 893 2516; baseline 0.006 -14"><span class='ocrx_word' id='word_1_225' title='bbox 193 2473 286 2503; x_wconf 85' lang='lat' dir='ltr'>nium</span> <span class='ocrx_word' id='word_1_226' title='bbox 310 2474 608 2513; x_wconf 67' lang='lat' dir='ltr'>superveniebant,</span> <span class='ocrx_word' id='word_1_227' title='bbox 633 2474 808 2516; x_wconf 81' lang='lat' dir='ltr'>ignitaque</span> <span class='ocrx_word' id='word_1_228' title='bbox 826 2475 893 2506; x_wconf 89' lang='lat' dir='ltr'>vio-</span> 
     </span>
     <span class='ocr_line' id='line_1_43' title="bbox 192 2524 894 2568; baseline 0.004 -14"><span class='ocrx_word' id='word_1_229' title='bbox 192 2524 305 2554; x_wconf 82' lang='lat' dir='ltr'>lenter</span> <span class='ocrx_word' id='word_1_230' title='bbox 345 2525 573 2556; x_wconf 73' lang='lat' dir='ltr'>discutiebant</span> <span class='ocrx_word' id='word_1_231' title='bbox 620 2526 894 2568; x_wconf 72' lang='lat' dir='ltr'>adut-ebantque,</span> 
     </span>
     <span class='ocr_line' id='line_1_44' title="bbox 194 2576 895 2617; baseline 0.004 -12"><span class='ocrx_word' id='word_1_232' title='bbox 194 2584 260 2606; x_wconf 89' lang='lat' dir='ltr'>non</span> <span class='ocrx_word' id='word_1_233' title='bbox 277 2576 349 2606; x_wconf 86' lang='lat' dir='ltr'>sine</span> <span class='ocrx_word' id='word_1_234' title='bbox 366 2576 612 2615; x_wconf 69' lang='lat' dir='ltr'>significatione</span> <span class='ocrx_word' id='word_1_235' title='bbox 640 2584 749 2608; x_wconf 77' lang='lat' dir='ltr'>status</span> <span class='ocrx_word' id='word_1_236' title='bbox 768 2578 895 2617; x_wconf 76' lang='lat' dir='ltr'>publici</span> 
     </span>
     <span class='ocr_line' id='line_1_45' title="bbox 194 2627 894 2669; baseline 0.004 -13"><span class='ocrx_word' id='word_1_237' title='bbox 194 2627 389 2667; x_wconf 82' lang='lat' dir='ltr'>privatique</span> <span class='ocrx_word' id='word_1_238' title='bbox 416 2627 579 2661; x_wconf 73' lang='lat' dir='ltr'>initiandi,</span> <span class='ocrx_word' id='word_1_239' title='bbox 604 2629 795 2669; x_wconf 52' lang='lat' dir='ltr'>saepiusque</span> <span class='ocrx_word' id='word_1_240' title='bbox 819 2638 894 2659; x_wconf 86' lang='lat' dir='ltr'>cum</span> 
     </span>
     <span class='ocr_line' id='line_1_46' title="bbox 193 2677 894 2719; baseline 0 -9"><span class='ocrx_word' id='word_1_241' title='bbox 193 2677 363 2710; x_wconf 78' lang='lat' dir='ltr'>hominum</span> <span class='ocrx_word' id='word_1_242' title='bbox 381 2677 490 2709; x_wconf 79' lang='lat' dir='ltr'>clade.</span> <span class='ocrx_word' id='word_1_243' title='bbox 537 2678 655 2718; x_wconf 85' lang='lat' dir='ltr'>Neque</span> <span class='ocrx_word' id='word_1_244' title='bbox 673 2689 805 2719; x_wconf 75' lang='lat' dir='ltr'>prorsus</span> <span class='ocrx_word' id='word_1_245' title='bbox 821 2680 894 2710; x_wconf 89' lang='lat' dir='ltr'>abs·</span> 
     </span>
    </p>
   </div>
   <div class='ocr_carea' id='block_1_8' title="bbox 943 1051 1688 2710">
    <p class='ocr_par' dir='ltr' id='par_1_10' title="bbox 943 1051 1650 2664">
     <span class='ocr_line' id='line_1_47' title="bbox 945 1051 1644 1096; baseline -0.001 -10"><span class='ocrx_word' id='word_1_246' title='bbox 945 1065 1009 1096; x_wconf 87' lang='lat' dir='ltr'>que</span> <span class='ocrx_word' id='word_1_247' title='bbox 1027 1054 1158 1086; x_wconf 87' lang='lat' dir='ltr'>ratione</span> <span class='ocrx_word' id='word_1_248' title='bbox 1183 1053 1311 1085; x_wconf 84' lang='lat' dir='ltr'>dixisse</span> <span class='ocrx_word' id='word_1_249' title='bbox 1326 1054 1471 1084; x_wconf 81' lang='lat' dir='ltr'>Veteres</span> <span class='ocrx_word' id='word_1_250' title='bbox 1487 1051 1644 1084; x_wconf 88' lang='lat' dir='ltr'>videntur</span> 
     </span>
     <span class='ocr_line' id='line_1_48' title="bbox 946 1104 1645 1146; baseline -0.004 -9"><span class='ocrx_word' id='word_1_251' title='bbox 946 1107 1073 1146; x_wconf 85' lang='lat' dir='ltr'>primas</span> <span class='ocrx_word' id='word_1_252' title='bbox 1090 1105 1264 1137; x_wconf 87' lang='lat' dir='ltr'>manubias</span> <span class='ocrx_word' id='word_1_253' title='bbox 1277 1104 1380 1136; x_wconf 88' lang='lat' dir='ltr'>solius</span> <span class='ocrx_word' id='word_1_254' title='bbox 1391 1104 1487 1136; x_wconf 86' lang='lat' dir='ltr'>Jovis</span> <span class='ocrx_word' id='word_1_255' title='bbox 1503 1104 1645 1135; x_wconf 86' lang='lat' dir='ltr'>consilio</span> 
     </span>
     <span class='ocr_line' id='line_1_49' title="bbox 945 1154 1645 1195; baseline -0.004 -8"><span class='ocrx_word' id='word_1_256' title='bbox 945 1156 1031 1193; x_wconf 86' lang='lat' dir='ltr'>fieri,</span> <span class='ocrx_word' id='word_1_257' title='bbox 1049 1167 1122 1187; x_wconf 90' lang='lat' dir='ltr'>eum</span> <span class='ocrx_word' id='word_1_258' title='bbox 1141 1166 1191 1187; x_wconf 80' lang='lat' dir='ltr'>eae</span> <span class='ocrx_word' id='word_1_259' title='bbox 1208 1156 1368 1195; x_wconf 80' lang='lat' dir='ltr'>innoxiae,</span> <span class='ocrx_word' id='word_1_260' title='bbox 1383 1155 1426 1185; x_wconf 90' lang='lat' dir='ltr'>de</span> <span class='ocrx_word' id='word_1_261' title='bbox 1442 1159 1563 1185; x_wconf 88' lang='lat' dir='ltr'>natura</span> <span class='ocrx_word' id='word_1_262' title='bbox 1580 1154 1645 1185; x_wconf 89' lang='lat' dir='ltr'>sci-</span> 
     </span>
     <span class='ocr_line' id='line_1_50' title="bbox 945 1205 1642 1248; baseline -0.004 -10"><span class='ocrx_word' id='word_1_263' title='bbox 945 1209 1026 1239; x_wconf 86' lang='lat' dir='ltr'>licet</span> <span class='ocrx_word' id='word_1_264' title='bbox 1044 1209 1188 1248; x_wconf 83' lang='lat' dir='ltr'>planetae</span> <span class='ocrx_word' id='word_1_265' title='bbox 1204 1207 1313 1246; x_wconf 85' lang='lat' dir='ltr'>Jovis‚</span> <span class='ocrx_word' id='word_1_266' title='bbox 1328 1206 1383 1247; x_wconf 91' lang='lat' dir='ltr'>qui</span> <span class='ocrx_word' id='word_1_267' title='bbox 1397 1205 1561 1244; x_wconf 88' lang='lat' dir='ltr'>benignus</span> <span class='ocrx_word' id='word_1_268' title='bbox 1572 1209 1642 1236; x_wconf 82' lang='lat' dir='ltr'>est:</span> 
     </span>
     <span class='ocr_line' id='line_1_51' title="bbox 945 1255 1645 1290; baseline -0.007 0"><span class='ocrx_word' id='word_1_269' title='bbox 945 1259 986 1290; x_wconf 80' lang='lat' dir='ltr'>ad</span> <span class='ocrx_word' id='word_1_270' title='bbox 1004 1259 1171 1290; x_wconf 84' lang='lat' dir='ltr'>secundas</span> <span class='ocrx_word' id='word_1_271' title='bbox 1188 1267 1268 1289; x_wconf 87' lang='lat' dir='ltr'>vero</span> <span class='ocrx_word' id='word_1_272' title='bbox 1295 1256 1449 1287; x_wconf 87' lang='lat' dir='ltr'>adbiberi</span> <span class='ocrx_word' id='word_1_273' title='bbox 1473 1256 1569 1287; x_wconf 89' lang='lat' dir='ltr'>Deos</span> <span class='ocrx_word' id='word_1_274' title='bbox 1584 1255 1645 1286; x_wconf 87' lang='lat' dir='ltr'>mi-</span> 
     </span>
     <span class='ocr_line' id='line_1_52' title="bbox 944 1307 1644 1350; baseline -0.004 -10"><span class='ocrx_word' id='word_1_275' title='bbox 944 1320 1054 1349; x_wconf 87' lang='lat' dir='ltr'>nores,</span> <span class='ocrx_word' id='word_1_276' title='bbox 1071 1319 1152 1350; x_wconf 84' lang='lat' dir='ltr'>quos</span> <span class='ocrx_word' id='word_1_277' title='bbox 1170 1319 1232 1350; x_wconf 84' lang='lat' dir='ltr'>ego</span> <span class='ocrx_word' id='word_1_278' title='bbox 1254 1309 1464 1348; x_wconf 87' lang='lat' dir='ltr'>interpretor</span> <span class='ocrx_word' id='word_1_279' title='bbox 1487 1307 1644 1347; x_wconf 83' lang='lat' dir='ltr'>planetas</span> 
     </span>
     <span class='ocr_line' id='line_1_53' title="bbox 943 1356 1645 1398; baseline -0.004 -8"><span class='ocrx_word' id='word_1_280' title='bbox 943 1359 1030 1391; x_wconf 85' lang='lat' dir='ltr'>Jove</span> <span class='ocrx_word' id='word_1_281' title='bbox 1047 1358 1238 1397; x_wconf 83' lang='lat' dir='ltr'>inferiores,</span> <span class='ocrx_word' id='word_1_282' title='bbox 1262 1367 1365 1398; x_wconf 90' lang='lat' dir='ltr'>quare</span> <span class='ocrx_word' id='word_1_283' title='bbox 1385 1366 1434 1388; x_wconf 87' lang='lat' dir='ltr'>eae</span> <span class='ocrx_word' id='word_1_284' title='bbox 1452 1357 1556 1387; x_wconf 76' lang='lat' dir='ltr'>etiam</span> <span class='ocrx_word' id='word_1_285' title='bbox 1575 1356 1645 1387; x_wconf 89' lang='lat' dir='ltr'>vio-</span> 
     </span>
     <span class='ocr_line' id='line_1_54' title="bbox 944 1407 1646 1448; baseline -0.007 -6"><span class='ocrx_word' id='word_1_286' title='bbox 944 1411 1123 1442; x_wconf 85' lang='lat' dir='ltr'>lentiores:</span> <span class='ocrx_word' id='word_1_287' title='bbox 1149 1410 1191 1441; x_wconf 87' lang='lat' dir='ltr'>ad</span> <span class='ocrx_word' id='word_1_288' title='bbox 1217 1409 1336 1441; x_wconf 81' lang='lat' dir='ltr'>tertias</span> <span class='ocrx_word' id='word_1_289' title='bbox 1359 1408 1504 1448; x_wconf 90' lang='lat' dir='ltr'>denique</span> <span class='ocrx_word' id='word_1_290' title='bbox 1531 1407 1646 1438; x_wconf 84' lang='lat' dir='ltr'>vocari</span> 
     </span>
     <span class='ocr_line' id='line_1_55' title="bbox 945 1458 1649 1502; baseline -0.006 -10"><span class='ocrx_word' id='word_1_291' title='bbox 945 1462 1038 1492; x_wconf 81' lang='lat' dir='ltr'>Deos</span> <span class='ocrx_word' id='word_1_292' title='bbox 1052 1461 1259 1502; x_wconf 85' lang='lat' dir='ltr'>superioreS,</span> <span class='ocrx_word' id='word_1_293' title='bbox 1272 1459 1293 1490; x_wconf 93' lang='lat' dir='ltr'>i.</span> <span class='ocrx_word' id='word_1_294' title='bbox 1311 1459 1503 1500; x_wconf 84' lang='lat' dir='ltr'>superiores</span> <span class='ocrx_word' id='word_1_295' title='bbox 1517 1458 1649 1498; x_wconf 86' lang='lat' dir='ltr'>stellas,</span> 
     </span>
     <span class='ocr_line' id='line_1_56' title="bbox 945 1509 1647 1552; baseline -0.001 -12"><span class='ocrx_word' id='word_1_296' title='bbox 945 1516 1156 1552; x_wconf 84' lang='lat' dir='ltr'>quapropter</span> <span class='ocrx_word' id='word_1_297' title='bbox 1180 1520 1229 1541; x_wconf 85' lang='lat' dir='ltr'>eae</span> <span class='ocrx_word' id='word_1_298' title='bbox 1253 1510 1356 1540; x_wconf 83' lang='lat' dir='ltr'>etiam</span> <span class='ocrx_word' id='word_1_299' title='bbox 1383 1509 1647 1547; x_wconf 70' lang='lat' dir='ltr'>violentissimae,</span> 
     </span>
     <span class='ocr_line' id='line_1_57' title="bbox 945 1559 1646 1593; baseline -0.003 -1"><span class='ocrx_word' id='word_1_300' title='bbox 945 1568 980 1593; x_wconf 85' lang='lat' dir='ltr'>et</span> <span class='ocrx_word' id='word_1_301' title='bbox 1003 1571 1068 1593; x_wconf 89' lang='lat' dir='ltr'>non</span> <span class='ocrx_word' id='word_1_302' title='bbox 1091 1562 1163 1593; x_wconf 91' lang='lat' dir='ltr'>sine</span> <span class='ocrx_word' id='word_1_303' title='bbox 1185 1560 1355 1591; x_wconf 85' lang='lat' dir='ltr'>bominum</span> <span class='ocrx_word' id='word_1_304' title='bbox 1379 1560 1487 1592; x_wconf 89' lang='lat' dir='ltr'>clade.</span> <span class='ocrx_word' id='word_1_305' title='bbox 1534 1560 1579 1591; x_wconf 91' lang='lat' dir='ltr'>Et</span> <span class='ocrx_word' id='word_1_306' title='bbox 1603 1559 1646 1590; x_wconf 92' lang='lat' dir='ltr'>ad</span> 
     </span>
     <span class='ocr_line' id='line_1_58' title="bbox 945 1611 1647 1650; baseline -0.004 -7"><span class='ocrx_word' id='word_1_307' title='bbox 945 1613 1030 1643; x_wconf 89' lang='lat' dir='ltr'>banc</span> <span class='ocrx_word' id='word_1_308' title='bbox 1057 1612 1286 1643; x_wconf 86' lang='lat' dir='ltr'>manubiarum</span> <span class='ocrx_word' id='word_1_309' title='bbox 1314 1611 1479 1642; x_wconf 87' lang='lat' dir='ltr'>rationem</span> <span class='ocrx_word' id='word_1_310' title='bbox 1507 1620 1647 1650; x_wconf 85' lang='lat' dir='ltr'>respex-</span> 
     </span>
     <span class='ocr_line' id='line_1_59' title="bbox 947 1660 1648 1701; baseline -0.003 -8"><span class='ocrx_word' id='word_1_311' title='bbox 947 1663 1010 1694; x_wconf 86' lang='lat' dir='ltr'>isse</span> <span class='ocrx_word' id='word_1_312' title='bbox 1030 1663 1163 1694; x_wconf 80' lang='lat' dir='ltr'>videtur</span> <span class='ocrx_word' id='word_1_313' title='bbox 1183 1662 1413 1701; x_wconf 88' lang='lat' dir='ltr'>Tamerlanus,</span> <span class='ocrx_word' id='word_1_314' title='bbox 1435 1660 1490 1701; x_wconf 87' lang='lat' dir='ltr'>qui</span> <span class='ocrx_word' id='word_1_315' title='bbox 1508 1660 1540 1691; x_wconf 92' lang='lat' dir='ltr'>in</span> <span class='ocrx_word' id='word_1_316' title='bbox 1558 1660 1648 1691; x_wconf 86' lang='lat' dir='ltr'>obsi·</span> 
     </span>
     <span class='ocr_line' id='line_1_60' title="bbox 947 1712 1648 1755; baseline -0.003 -10"><span class='ocrx_word' id='word_1_317' title='bbox 947 1715 1045 1746; x_wconf 87' lang='lat' dir='ltr'>dione</span> <span class='ocrx_word' id='word_1_318' title='bbox 1063 1715 1191 1746; x_wconf 87' lang='lat' dir='ltr'>urbium</span> <span class='ocrx_word' id='word_1_319' title='bbox 1209 1715 1318 1755; x_wconf 87' lang='lat' dir='ltr'>primo</span> <span class='ocrx_word' id='word_1_320' title='bbox 1335 1713 1389 1744; x_wconf 88' lang='lat' dir='ltr'>die</span> <span class='ocrx_word' id='word_1_321' title='bbox 1413 1712 1559 1744; x_wconf 81' lang='lat' dir='ltr'>candido</span> <span class='ocrx_word' id='word_1_322' title='bbox 1575 1717 1648 1744; x_wconf 83' lang='lat' dir='ltr'>ten·</span> 
     </span>
     <span class='ocr_line' id='line_1_61' title="bbox 948 1764 1646 1806; baseline -0.001 -11"><span class='ocrx_word' id='word_1_323' title='bbox 948 1765 1034 1795; x_wconf 87' lang='lat' dir='ltr'>torio</span> <span class='ocrx_word' id='word_1_324' title='bbox 1061 1765 1231 1804; x_wconf 86' lang='lat' dir='ltr'>utebatur,</span> <span class='ocrx_word' id='word_1_325' title='bbox 1256 1770 1293 1796; x_wconf 91' lang='lat' dir='ltr'>ut</span> <span class='ocrx_word' id='word_1_326' title='bbox 1317 1764 1556 1806; x_wconf 81' lang='lat' dir='ltr'>impunitatem</span> <span class='ocrx_word' id='word_1_327' title='bbox 1572 1773 1646 1795; x_wconf 81' lang='lat' dir='ltr'>sese</span> 
     </span>
     <span class='ocr_line' id='line_1_62' title="bbox 947 1814 1648 1855; baseline -0.001 -10"><span class='ocrx_word' id='word_1_328' title='bbox 947 1815 1151 1846; x_wconf 85' lang='lat' dir='ltr'>dedentibus</span> <span class='ocrx_word' id='word_1_329' title='bbox 1168 1821 1381 1854; x_wconf 81' lang='lat' dir='ltr'>ostentaret3</span> <span class='ocrx_word' id='word_1_330' title='bbox 1407 1815 1461 1845; x_wconf 87' lang='lat' dir='ltr'>die</span> <span class='ocrx_word' id='word_1_331' title='bbox 1477 1814 1648 1855; x_wconf 78' lang='lat' dir='ltr'>sequenti,</span> 
     </span>
     <span class='ocr_line' id='line_1_63' title="bbox 943 1864 1648 1908; baseline -0.003 -12"><span class='ocrx_word' id='word_1_332' title='bbox 943 1866 1056 1900; x_wconf 83' lang='lat' dir='ltr'>rubro,</span> <span class='ocrx_word' id='word_1_333' title='bbox 1076 1876 1140 1907; x_wconf 85' lang='lat' dir='ltr'>quo</span> <span class='ocrx_word' id='word_1_334' title='bbox 1162 1867 1350 1908; x_wconf 85' lang='lat' dir='ltr'>principum</span> <span class='ocrx_word' id='word_1_335' title='bbox 1371 1870 1501 1897; x_wconf 83' lang='lat' dir='ltr'>tautum</span> <span class='ocrx_word' id='word_1_336' title='bbox 1520 1864 1648 1895; x_wconf 72' lang='lat' dir='ltr'>caedem</span> 
     </span>
     <span class='ocr_line' id='line_1_64' title="bbox 944 1915 1650 1957; baseline -0.003 -11"><span class='ocrx_word' id='word_1_337' title='bbox 944 1915 1087 1947; x_wconf 65' lang='lat' dir='ltr'>suturam</span> <span class='ocrx_word' id='word_1_338' title='bbox 1117 1917 1356 1957; x_wconf 76' lang='lat' dir='ltr'>significabat3</span> <span class='ocrx_word' id='word_1_339' title='bbox 1383 1916 1485 1947; x_wconf 87' lang='lat' dir='ltr'>tertio</span> <span class='ocrx_word' id='word_1_340' title='bbox 1503 1915 1558 1945; x_wconf 88' lang='lat' dir='ltr'>(lie</span> <span class='ocrx_word' id='word_1_341' title='bbox 1577 1920 1650 1946; x_wconf 86' lang='lat' dir='ltr'>tan-</span> 
     </span>
     <span class='ocr_line' id='line_1_65' title="bbox 945 1966 1646 1999; baseline -0.004 -2"><span class='ocrx_word' id='word_1_342' title='bbox 945 1967 1020 1998; x_wconf 85' lang='lat' dir='ltr'>(lem</span> <span class='ocrx_word' id='word_1_343' title='bbox 1048 1973 1122 1999; x_wconf 89' lang='lat' dir='ltr'>atro</span> <span class='ocrx_word' id='word_1_344' title='bbox 1150 1970 1301 1999; x_wconf 82' lang='lat' dir='ltr'>tentorio</span> <span class='ocrx_word' id='word_1_345' title='bbox 1326 1968 1472 1999; x_wconf 88' lang='lat' dir='ltr'>omnium</span> <span class='ocrx_word' id='word_1_346' title='bbox 1499 1966 1646 1996; x_wconf 82' lang='lat' dir='ltr'>interne-</span> 
     </span>
     <span class='ocr_line' id='line_1_66' title="bbox 946 2015 1649 2057; baseline -0.006 -10"><span class='ocrx_word' id='word_1_347' title='bbox 946 2020 1074 2049; x_wconf 75' lang='lat' dir='ltr'>cionem</span> <span class='ocrx_word' id='word_1_348' title='bbox 1099 2018 1337 2057; x_wconf 65' lang='lat' dir='ltr'>pollicebatur,</span> <span class='ocrx_word' id='word_1_349' title='bbox 1360 2018 1386 2048; x_wconf 89' lang='lat' dir='ltr'>si</span> <span class='ocrx_word' id='word_1_350' title='bbox 1407 2015 1486 2046; x_wconf 84' lang='lat' dir='ltr'>urbs</span> <span class='ocrx_word' id='word_1_351' title='bbox 1510 2023 1649 2055; x_wconf 71' lang='lat' dir='ltr'>capere-</span> 
     </span>
     <span class='ocr_line' id='line_1_67' title="bbox 948 2063 1648 2106; baseline -0.009 -8"><span class='ocrx_word' id='word_1_352' title='bbox 948 2074 1013 2098; x_wconf 87' lang='lat' dir='ltr'>tur.</span> <span class='ocrx_word' id='word_1_353' title='bbox 1060 2068 1135 2098; x_wconf 77' lang='lat' dir='ltr'>Etsi</span> <span class='ocrx_word' id='word_1_354' title='bbox 1153 2067 1234 2097; x_wconf 89' lang='lat' dir='ltr'>illud</span> <span class='ocrx_word' id='word_1_355' title='bbox 1253 2067 1318 2097; x_wconf 90' lang='lat' dir='ltr'>alio</span> <span class='ocrx_word' id='word_1_356' title='bbox 1337 2066 1442 2106; x_wconf 80' lang='lat' dir='ltr'>possit</span> <span class='ocrx_word' id='word_1_357' title='bbox 1461 2063 1591 2101; x_wconf 82' lang='lat' dir='ltr'>referri,</span> <span class='ocrx_word' id='word_1_358' title='bbox 1610 2068 1648 2093; x_wconf 89' lang='lat' dir='ltr'>nt</span> 
     </span>
     <span class='ocr_line' id='line_1_68' title="bbox 947 2117 1649 2158; baseline -0.009 -9"><span class='ocrx_word' id='word_1_359' title='bbox 947 2127 978 2149; x_wconf 79' lang='lat' dir='ltr'>et</span> <span class='ocrx_word' id='word_1_360' title='bbox 998 2119 1055 2149; x_wconf 88' lang='lat' dir='ltr'>illa</span> <span class='ocrx_word' id='word_1_361' title='bbox 1079 2118 1121 2148; x_wconf 86' lang='lat' dir='ltr'>de</span> <span class='ocrx_word' id='word_1_362' title='bbox 1145 2117 1321 2156; x_wconf 85' lang='lat' dir='ltr'>manubiis,</span> <span class='ocrx_word' id='word_1_363' title='bbox 1344 2127 1418 2158; x_wconf 84' lang='lat' dir='ltr'>quae</span> <span class='ocrx_word' id='word_1_364' title='bbox 1443 2126 1461 2146; x_wconf 89' lang='lat' dir='ltr'>a</span> <span class='ocrx_word' id='word_1_365' title='bbox 1479 2125 1529 2145; x_wconf 87' lang='lat' dir='ltr'>me</span> <span class='ocrx_word' id='word_1_366' title='bbox 1546 2124 1649 2154; x_wconf 82' lang='lat' dir='ltr'>supra</span> 
     </span>
     <span class='ocr_line' id='line_1_69' title="bbox 949 2164 1649 2209; baseline -0.007 -10"><span class='ocrx_word' id='word_1_367' title='bbox 949 2170 1060 2209; x_wconf 76' lang='lat' dir='ltr'>posita</span> <span class='ocrx_word' id='word_1_368' title='bbox 1078 2174 1167 2199; x_wconf 85' lang='lat' dir='ltr'>sunt.</span> <span class='ocrx_word' id='word_1_369' title='bbox 1212 2169 1338 2198; x_wconf 83' lang='lat' dir='ltr'>Verum</span> <span class='ocrx_word' id='word_1_370' title='bbox 1356 2176 1458 2207; x_wconf 83' lang='lat' dir='ltr'>super</span> <span class='ocrx_word' id='word_1_371' title='bbox 1475 2166 1567 2196; x_wconf 82' lang='lat' dir='ltr'>vario</span> <span class='ocrx_word' id='word_1_372' title='bbox 1585 2164 1649 2195; x_wconf 89' lang='lat' dir='ltr'>ful-</span> 
     </span>
     <span class='ocr_line' id='line_1_70' title="bbox 947 2215 1649 2258; baseline -0.007 -7"><span class='ocrx_word' id='word_1_373' title='bbox 947 2221 1072 2251; x_wconf 85' lang='lat' dir='ltr'>minum</span> <span class='ocrx_word' id='word_1_374' title='bbox 1091 2228 1214 2258; x_wconf 79' lang='lat' dir='ltr'>genere</span> <span class='ocrx_word' id='word_1_375' title='bbox 1239 2219 1287 2250; x_wconf 89' lang='lat' dir='ltr'>ita</span> <span class='ocrx_word' id='word_1_376' title='bbox 1311 2228 1329 2249; x_wconf 86' lang='lat' dir='ltr'>a</span> <span class='ocrx_word' id='word_1_377' title='bbox 1346 2217 1528 2248; x_wconf 76' lang='lat' dir='ltr'>Veteribus</span> <span class='ocrx_word' id='word_1_378' title='bbox 1553 2215 1649 2247; x_wconf 86' lang='lat' dir='ltr'>lasci-</span> 
     </span>
     <span class='ocr_line' id='line_1_71' title="bbox 948 2268 1648 2311; baseline -0.007 -9"><span class='ocrx_word' id='word_1_379' title='bbox 948 2272 1052 2302; x_wconf 84' lang='lat' dir='ltr'>vitum</span> <span class='ocrx_word' id='word_1_380' title='bbox 1079 2277 1143 2305; x_wconf 88' lang='lat' dir='ltr'>est,</span> <span class='ocrx_word' id='word_1_381' title='bbox 1168 2276 1205 2301; x_wconf 90' lang='lat' dir='ltr'>ut</span> <span class='ocrx_word' id='word_1_382' title='bbox 1227 2271 1446 2311; x_wconf 68' lang='lat' dir='ltr'>(juzecutnqtie</span> <span class='ocrx_word' id='word_1_383' title='bbox 1464 2268 1506 2299; x_wconf 91' lang='lat' dir='ltr'>ab</span> <span class='ocrx_word' id='word_1_384' title='bbox 1523 2268 1562 2298; x_wconf 89' lang='lat' dir='ltr'>iis</span> <span class='ocrx_word' id='word_1_385' title='bbox 1580 2273 1648 2297; x_wconf 80' lang='lat' dir='ltr'>tra-</span> 
     </span>
     <span class='ocr_line' id='line_1_72' title="bbox 948 2319 1648 2361; baseline -0.007 -8"><span class='ocrx_word' id='word_1_386' title='bbox 948 2322 1018 2353; x_wconf 80' lang='lat' dir='ltr'>dita</span> <span class='ocrx_word' id='word_1_387' title='bbox 1035 2328 1125 2361; x_wconf 76' lang='lat' dir='ltr'>sunt,</span> <span class='ocrx_word' id='word_1_388' title='bbox 1144 2321 1303 2361; x_wconf 82' lang='lat' dir='ltr'>pleraque</span> <span class='ocrx_word' id='word_1_389' title='bbox 1321 2320 1449 2350; x_wconf 87' lang='lat' dir='ltr'>somnia</span> <span class='ocrx_word' id='word_1_390' title='bbox 1468 2319 1592 2359; x_wconf 88' lang='lat' dir='ltr'>potius,</span> <span class='ocrx_word' id='word_1_391' title='bbox 1609 2326 1648 2348; x_wconf 88' lang='lat' dir='ltr'>ac</span> 
     </span>
     <span class='ocr_line' id='line_1_73' title="bbox 948 2370 1649 2412; baseline -0.007 -9"><span class='ocrx_word' id='word_1_392' title='bbox 948 2373 1182 2410; x_wconf 80' lang='lat' dir='ltr'>deliramenta,</span> <span class='ocrx_word' id='word_1_393' title='bbox 1198 2381 1296 2412; x_wconf 80' lang='lat' dir='ltr'>quam</span> <span class='ocrx_word' id='word_1_394' title='bbox 1324 2370 1463 2411; x_wconf 75' lang='lat' dir='ltr'>physica</span> <span class='ocrx_word' id='word_1_395' title='bbox 1479 2370 1649 2400; x_wconf 73' lang='lat' dir='ltr'>axiomata</span> 
     </span>
     <span class='ocr_line' id='line_1_74' title="bbox 949 2421 1647 2462; baseline -0.009 -8"><span class='ocrx_word' id='word_1_396' title='bbox 949 2425 1019 2454; x_wconf 85' lang='lat' dir='ltr'>sive</span> <span class='ocrx_word' id='word_1_397' title='bbox 1037 2422 1270 2462; x_wconf 82' lang='lat' dir='ltr'>metaphysica</span> <span class='ocrx_word' id='word_1_398' title='bbox 1288 2421 1568 2460; x_wconf 83' lang='lat' dir='ltr'>videantur,quae</span> <span class='ocrx_word' id='word_1_399' title='bbox 1583 2427 1647 2457; x_wconf 80' lang='lat' dir='ltr'>ego</span> 
     </span>
     <span class='ocr_line' id='line_1_75' title="bbox 949 2470 1648 2511; baseline -0.01 -5"><span class='ocrx_word' id='word_1_400' title='bbox 949 2485 990 2505; x_wconf 88' lang='lat' dir='ltr'>ne</span> <span class='ocrx_word' id='word_1_401' title='bbox 1008 2475 1135 2506; x_wconf 83' lang='lat' dir='ltr'>chartis</span> <span class='ocrx_word' id='word_1_402' title='bbox 1149 2474 1288 2505; x_wconf 86' lang='lat' dir='ltr'>illinam.</span> <span class='ocrx_word' id='word_1_403' title='bbox 1313 2472 1412 2511; x_wconf 83' lang='lat' dir='ltr'>Vide,</span> <span class='ocrx_word' id='word_1_404' title='bbox 1427 2472 1453 2502; x_wconf 91' lang='lat' dir='ltr'>si</span> <span class='ocrx_word' id='word_1_405' title='bbox 1471 2470 1648 2504; x_wconf 86' lang='lat' dir='ltr'>lubet‚Se·</span> 
     </span>
     <span class='ocr_line' id='line_1_76' title="bbox 949 2521 1649 2558; baseline -0.01 -1"><span class='ocrx_word' id='word_1_406' title='bbox 949 2537 1022 2558; x_wconf 84' lang='lat' dir='ltr'>uec.</span> <span class='ocrx_word' id='word_1_407' title='bbox 1055 2526 1111 2557; x_wconf 88' lang='lat' dir='ltr'>lib.</span> <span class='ocrx_word' id='word_1_408' title='bbox 1144 2535 1184 2556; x_wconf 83' lang='lat'>11.</span> <span class='ocrx_word' id='word_1_409' title='bbox 1211 2524 1365 2556; x_wconf 74' lang='lat' dir='ltr'>Natural.</span> <span class='ocrx_word' id='word_1_410' title='bbox 1397 2523 1528 2556; x_wconf 75' lang='lat' dir='ltr'>Quaest.</span> <span class='ocrx_word' id='word_1_411' title='bbox 1559 2521 1649 2551; x_wconf 90' lang='lat' dir='ltr'>Plin.</span> 
     </span>
     <span class='ocr_line' id='line_1_77' title="bbox 949 2571 1644 2615; baseline -0.01 -7"><span class='ocrx_word' id='word_1_412' title='bbox 949 2578 1005 2608; x_wconf 89' lang='lat' dir='ltr'>lib.</span> <span class='ocrx_word' id='word_1_413' title='bbox 1026 2586 1066 2608; x_wconf 85' lang='grc' dir='ltr'>ιι.</span> <span class='ocrx_word' id='word_1_414' title='bbox 1081 2577 1159 2607; x_wconf 88' lang='lat' dir='ltr'>hist.</span> <span class='ocrx_word' id='word_1_415' title='bbox 1176 2581 1245 2606; x_wconf 83' lang='lat' dir='ltr'>nat.</span> <span class='ocrx_word' id='word_1_416' title='bbox 1261 2584 1336 2615; x_wconf 89' lang='lat' dir='ltr'>cap.</span> <span class='ocrx_word' id='word_1_417' title='bbox 1353 2576 1405 2604; x_wconf 85' lang='lat'>52.</span> <span class='ocrx_word' id='word_1_418' title='bbox 1431 2573 1474 2603; x_wconf 89' lang='lat' dir='ltr'>Et</span> <span class='ocrx_word' id='word_1_419' title='bbox 1490 2571 1644 2602; x_wconf 78' lang='lat' dir='ltr'>Servium</span> 
     </span>
     <span class='ocr_line' id='line_1_78' title="bbox 949 2623 1648 2664; baseline -0.009 -5"><span class='ocrx_word' id='word_1_420' title='bbox 949 2628 989 2658; x_wconf 79' lang='lat' dir='ltr'>ad</span> <span class='ocrx_word' id='word_1_421' title='bbox 1003 2628 1085 2659; x_wconf 82' lang='lat' dir='ltr'>illud</span> <span class='ocrx_word' id='word_1_422' title='bbox 1097 2636 1120 2658; x_wconf 87' lang='lat'>1.</span> <span class='ocrx_word' id='word_1_423' title='bbox 1134 2625 1265 2658; x_wconf 81' lang='lat' dir='ltr'>AEneid.</span> <span class='ocrx_word' id='word_1_424' title='bbox 1292 2626 1300 2641; x_wconf 86' lang='lat'>‘</span> <span class='ocrx_word' id='word_1_425' title='bbox 1312 2623 1520 2664; x_wconf 37' lang='lat' dir='ltr'>Dii-„iecitque</span> <span class='ocrx_word' id='word_1_426' title='bbox 1535 2624 1648 2657; x_wconf 55' lang='lat' dir='ltr'>rates!</span> 
     </span>
    </p>

    <p class='ocr_par' dir='ltr' id='par_1_11' title="bbox 949 2679 1688 2710">
     <span class='ocr_line' id='line_1_79' title="bbox 949 2679 1688 2710; baseline -0.005 0"><span class='ocrx_word' id='word_1_427' title='bbox 949 2680 1032 2710; x_wconf 79' lang='lat' dir='ltr'>Duc.</span> <span class='ocrx_word' id='word_1_428' title='bbox 1679 2679 1688 2685; x_wconf 82' lang='grc'><strong>’</strong></span> 
     </span>
    </p>
   </div>
  </div>
 </body>
</html>
