1835 2906
363 159 423 188 DE
456 158 729 189 VERBORUM
763 158 1170 189 SlGNlFchTIONE
1204 160 1300 193 [AB.
1331 161 1426 192 ΧΠ.
1559 153 1642 194 499

243 268 344 296 esse
361 254 569 309 praesentis
588 254 791 310 temporis,
813 263 850 297 et
867 269 1032 310 prorsus
1053 254 1239 298 alienum
1258 270 1438 300 numero
1458 258 1641 310 fuerunt,

245 323 353 378 qnod
383 321 431 362 de
459 323 667 376 praeterito
709 331 942 378 usurpatur,
981 323 1062 364 sive
1093 337 1145 364 eo
1182 325 1332 367 ordine
1383 334 1640 380 usurparunt

245 389 408 444 antiqui
441 389 619 445 quadam
652 393 948 433 consuetudine
978 392 1203 447 loquendi,
1226 407 1306 447 qua
1340 393 1524 435 solebant
1540 409 1639 449 pro-

230 456 352 511 ferre
370 460 496 498 verba-
517 458 733 512 ejusmodi
756 472 768 511 3
791 460 884 501 sive
904 466 1012 501 certa
1014 459 1108 514 fine
1127 466 1396 501 extremarum
1417 460 1639 511 vocalium,

244 526 613 579 quemadmodum
651 526 810 568 videtur
856 528 897 568 in
945 529 1028 570 suis
1057 528 1218 582 scriptis
1249 542 1355 570 usus
1392 529 1640 584 Pompeius

243 593 413 645 Sextus,
460 593 572 648 apud
605 609 718 649 quem
760 594 960 649 reperitur
1007 603 1187 638 eoetrema
1237 597 1410 651 syllaba
1449 597 1642 639 vocativi

243 676 355 702 casus
364 662 580 716 producta,
596 670 635 703 et
649 663 825 718 ejusdem
845 678 979 706 casus
999 666 1153 707 eadem
1172 672 1381 719 correpta,
1401 665 1641 705 terminata-

245 744 319 784 que
341 729 384 770 in
405 744 429 771 e
458 732 668 785 temporis
692 733 938 786 praesentis.
1001 731 1180 773 Numero
1209 739 1343 773 antem
1364 731 1508 773 dixisse
1528 733 1642 774 anti-

243 811 359 850 quos
389 800 567 840 nimium
592 800 703 855 qnod
732 799 979 855 sigaezfficare,
1014 801 1073 841 ait
1109 801 1292 842 Sinnius
1315 799 1507 855 Capito:
1541 814 1641 842 esse

244 867 356 907 enim
377 867 440 908 ita
458 867 668 909 locutum.

248 964 256 972 ,
727 949 802 977 um
823 950 904 978 vos
925 937 1030 978 estis
1047 938 1240 978 minime.

245 1000 339 1042 Nisi
358 1016 523 1044 numero
545 1004 815 1057 perbiterint,
843 1004 932 1045 nisi
951 1006 1052 1046 cito.

684 1071 729 1112 id
758 1079 813 1113 est
849 1072 1031 1114 nimium
1061 1074 1100 1114 si
1128 1075 1234 1124 isso,
1257 1075 1332 1128 qui
1368 1086 1542 1123 exeam,
1562 1087 1642 1114 nu-

242 1151 362 1179 mero
399 1140 506 1180 estis
532 1141 703 1188 mortui,
736 1141 818 1182 hoc
848 1142 1069 1195 exemplo,
1104 1146 1153 1183 ut
1188 1142 1439 1195 pingeretis,
1475 1141 1521 1181 id
1559 1146 1641 1190 est,

243 1219 317 1247 cur
337 1207 426 1248 cito
447 1209 607 1249 mortui
628 1209 734 1249 estis
750 1210 769 1249 ’.Ρ
804 1209 921 1249 Item
944 1208 986 1249 in
1011 1209 1141 1250 Nelei
1159 1223 1168 1251 :
1199 1209 1439 1262 Nunquam
1457 1222 1640 1250 numero

241 1275 368 1314 matri
394 1275 610 1317 faciemus
631 1276 767 1318 volui.
828 1277 956 1318 Idem
970 1276 987 1301 ⁶
1004 1281 1086 1327 est,
1110 1277 1356 1332 Nunquam
1376 1278 1560 1318 nimium
1573 1267 1642 1318 'fa-

241 1342 421 1383 ciemus.
480 1341 618 1396 Apud
634 1343 869 1386 Naevium:
895 1345 1126 1386 Neminem
1146 1345 1252 1394 vidi,
1272 1345 1348 1399 qui
1365 1359 1542 1387 numero
1558 1347 1644 1387 sci-

241 1413 322 1459 ret,
345 1411 508 1464 quique
529 1412 628 1461 scit,
646 1413 690 1453 id
715 1419 797 1462 est,
820 1426 956 1466 opus,
978 1412 1024 1453 id
1047 1418 1130 1463 est,
1148 1414 1330 1454 nimium
1363 1414 1510 1454 sciret.
1571 1413 1644 1454 An

240 1491 464 1531 panurgus
484 1479 708 1521 Antonius
730 1480 826 1522 haec
850 1482 913 1521 ait
947 1493 1125 1522 numero
1160 1481 1342 1521 nimium
1367 1481 1456 1522 cito
1478 1481 1496 1521 ’ἒ
1531 1482 1646 1522 cele-

244 1547 347 1587 riter
368 1547 573 1589 nimium:
604 1553 654 1588 ut
677 1548 868 1589 Plautus
890 1549 935 1588 in
959 1548 1123 1590 Casina
1143 1555 1183 1591 :⁶¹
1218 1548 1301 1589 Ere
1325 1549 1384 1589 mi
1403 1563 1412 1590 :
1446 1549 1554 1603 quid
1577 1549 1644 1591 vis

243 1627 342 1655 mea
364 1615 557 1656 ancilla?
588 1617 770 1657 nimium
794 1617 962 1671 saepius
984 1630 1163 1658 numero
1194 1618 1307 1659 dicis
1337 1618 1514 1658 nimium
1538 1618 1644 1658 cito.

244 1681 396 1723 Attius
418 1684 463 1723 in
485 1683 737 1726 OEnomao:
771 1684 865 1738 Ego
890 1692 938 1727 ut
959 1699 1103 1727 essem
1125 1686 1284 1727 adfinis
1314 1686 1409 1735 tibi,
1429 1699 1514 1726 non
1533 1690 1582 1726 ut
1603 1690 1644 1726 te

244 1750 554 1803 extinguerem,
592 1752 736 1794 Tuam
775 1755 869 1807 peti
909 1760 1102 1808 gnatam,
1143 1767 1323 1795 numero
1356 1758 1398 1794 te
1429 1758 1646 1807 expurgat

244 1818 390 1859 timor.
451 1819 661 1860 Afranius
701 1821 743 1861 in
775 1821 1024 1876 Suspecta:
1056 1822 1144 1863 Per
1182 1822 1358 1871 falsum,
1401 1827 1447 1862 et
1487 1822 1567 1862 abs
1605 1827 1645 1862 te

245 1886 460 1927 creditum
490 1901 669 1929 numero
700 1889 846 1929 nimis.
898 1889 1119 1932 Celeriter.
1174 1889 1382 1930 Caecilius
1418 1890 1460 1929 in
1484 1889 1648 1929 AEthriv

246 1966 330 1994 one
350 1959 375 1992 :r
407 1954 459 1994 Ei
492 1956 632 2009 perii:
673 1957 777 2010 quid
807 1958 901 1999 ita?
934 1971 1115 1999 numero
1153 1958 1284 2006 venit,
1318 1956 1416 1999 fuce
1448 1957 1644 1998 domum,

801 2088 1037 2099 eeeeeeeeeeee

229 2151 249 2178 ῦ
273 2148 334 2179 Vir
349 2148 440 2181 doct.
458 2150 491 2181 in
507 2160 612 2192 marg.
629 2152 683 2183 ed.
701 2152 790 2185 Scal.
809 2153 896 2194 conj.
913 2154 946 2187 id
962 2158 1019 2186 est.
1051 2154 1138 2186 Vide
1156 2155 1277 2186 Notas.

846 2262 988 2294 NOTAE

187 2329 326 2369 mortui,
346 2330 410 2361 hoc
433 2333 590 2372 exemplo
615 2339 652 2364 ut
680 2335 889 2375 pingeretis?
946 2337 1023 2368 cilio
1041 2337 1144 2377 cipro
1159 2337 1221 2368 hei.
1267 2337 1449 2368 Postrema
1463 2335 1566 2366 verba
1585 2334 1646 2367 Ata

189 2380 230 2410 In
258 2380 444 2420 impressis,
463 2382 550 2412 Hinc
581 2386 752 2423 exemplum
775 2389 808 2416 ut
821 2387 890 2426 pin-
946 2389 983 2418 tii
1011 2390 1043 2419 in
1069 2389 1235 2420 OEnomao
1255 2387 1344 2428 apud
1370 2387 1517 2417 Nonium
1534 2386 1649 2426 legun:

186 2431 315 2469 geretis.
338 2432 569 2463 Quaerendum
588 2433 691 2472 igitur
708 2444 773 2475 quo
790 2435 890 2465 modo
945 2443 1011 2469 tur.
1073 2440 1180 2480 Lege,
1215 2442 1301 2470 tumn
1331 2438 1407 2477 petii
1429 2441 1573 2477 gnatam,
1595 2438 1647 2475 fise,

188 2481 247 2511 illa
259 2481 287 2512 si
301 2481 415 2521 istoqui
428 2491 536 2513 exeam
561 2483 629 2514 sint
646 2486 889 2518 convertenda.
945 2488 1056 2520 Idem.

190 2532 272 2562 Dae.
990 2542 1001 2557 r
1025 2539 1171 2570 Coecilius
1187 2540 1219 2571 in
1233 2539 1414 2580 AEthrz'one]
1437 2538 1647 2571 AEthrionem

235 2589 248 2609 (ὲ
273 2585 406 2615 Plautus
424 2585 458 2615 in
479 2585 609 2625 Casina]
633 2586 741 2618 Locus
754 2591 806 2618 est
823 2593 890 2620 act.
945 2589 1076 2620 Caecilii
1109 2590 1226 2621 laudat
1251 2591 1354 2620 etiam
1382 2589 1467 2620 infra
1498 2591 1530 2621 in
1565 2600 1650 2621 voce

166 2640 170 2642 ’
191 2643 249 2665 111.
267 2645 314 2666 sc.
330 2639 363 2667 5.
388 2637 397 2653 ‘
413 2637 479 2667 Ere
492 2637 555 2667 mi:
575 2637 654 2678 quid
669 2638 732 2674 vis,
746 2648 820 2669 mea
837 2648 892 2669 an·
946 2641 955 2656 ‘
968 2640 1142 2671 sentinat)
1185 2640 1253 2671 Sed
1280 2641 1312 2671 in
1342 2650 1424 2671 voce
1447 2641 1456 2657 ‘
1475 2639 1556 2680 ora,'
1581 2641 1651 2671 [Εε-

193 2686 294 2716 cilia?
342 2687 491 2717 Nimium
517 2689 628 2719 saevis.
677 2689 828 2720 Numero
844 2690 893 2720 di·
949 2690 1131 2721 chrionem.
1175 2690 1303 2721 Eadem
1322 2694 1434 2721 tamen
1452 2690 1586 2720 videtur
1601 2689 1650 2720 fa„

195 2736 264 2767 cis!
310 2738 372 2769 Ere
390 2748 450 2779 pro
469 2739 549 2771 here.
583 2740 637 2771 Sic
657 2739 744 2772 iufra
761 2751 800 2773 ex
820 2743 893 2774 Cae·
951 2742 1039 2781 bula,
1058 2751 1161 2782 quare
1181 2743 1304 2783 ubique
1324 2742 1374 2773 vel
1394 2742 1575 2774 AEsclm·io⁷1e
1604 2742 1648 2771 ¹00
