1835 2906
178 88 264 130 551
638 98 785 129 SEXT!
820 98 1024 128 POMPEll
1058 97 1191 128 FEs'r1

179 194 423 246 Paludati,⁰
443 194 615 244 armati,
638 195 778 236 ornati
796 209 806 236 ε
838 193 984 235 omnia
1007 193 1121 234 enim
1142 193 1347 236 militaria
1369 201 1622 239 ornamenta

236 262 550 317 paludamenta
570 263 791 304 dicebant.

181 329 392 371 Paludati
412 329 456 370 in
485 330 610 371 libris
630 330 911 384 auguralibus
931 329 1167 382 significat,
1191 333 1238 371 ut
1258 330 1322 371 ait
1338 329 1427 371 Ve-
1457 331 1627 385 [FES'P.

237 398 405 448 ranius,
438 398 608 448 armati,
631 398 796 440 ornati:
830 398 978 438 omnia
1005 398 1120 438 enim
1140 398 1347 440 militaria
1369 407 1628 442 ornamenta

239 466 558 520 paludamenta
578 466 679 508 dici.

184 533 449 589 Pancarpiae
472 535 676 577 dicuntur
697 546 871 576 coronae
886 539 903 564 P
923 546 979 574 ex
1000 534 1121 575 vario
1143 546 1295 586 genere
1312 534 1464 576 florum
1483 536 1628 578 factae.

184 600 429 644 Pandanaq
449 607 573 657 porta
593 602 713 643 dicta
733 606 802 643 est
819 601 994 652 Romae,
1015 601 1132 656 quod
1152 615 1324 657 semper
1346 616 1426 658 pa·
1452 603 1580 658 [PAU
1588 615 1631 644 1..

242 673 366 712 teret.

188 737 473 779 Pandiculari
493 738 709 789 dicuntur,
731 738 807 792 qui
827 742 924 779 toto
937 751 1120 793 corpore
1137 738 1380 781 oscitantes
1397 739 1634 781 extendun-

243 809 336 846 tur:
368 818 422 846 eo
444 806 561 860 quod
582 805 717 860 pandi
737 806 858 847 fiunt.

188 872 498 915 Pandicularis
533 874 762 915 dicebatur
799 874 922 924 dieS,r
951 874 1067 916 idem
1103 877 1146 915 et
1180 874 1560 924 communicamus,
1589 874 1636 915 in

247 953 335 995 quo
355 941 560 982 omnibus
586 941 690 983 Diis
714 942 1007 983 communiter
1029 941 1376 984 sacrificabatur.

190 1008 404 1063 Pangere,
421 1008 550 1062 figere
570 1024 578 1048 :
611 1009 721 1051 unde
743 1010 908 1064 plantae
925 1011 1059 1064 pangi
1075 1010 1294 1060 dicuntur,
1307 1024 1408 1052 cum
1420 1011 1466 1052 in
1479 1016 1637 1052 terram

248 1076 557 1120 demittuntur:
588 1078 688 1120 inde
716 1078 848 1120 etiam
877 1091 1031 1120 versus
1059 1079 1207 1133 pangi,
1230 1079 1328 1120 vel7
1360 1079 1434 1133 figi
1467 1079 1513 1120 in
1540 1091 1641 1120 cera

249 1147 472 1188 dicuntur.

194 1215 419 1268 PangereS
456 1213 674 1267 significat
706 1214 861 1268 figere:
893 1214 1010 1256 unde
1034 1215 1194 1269 plantae
1223 1215 1355 1269 pangi
1385 1214 1448 1256 di·
1480 1213 1642 1269 [FEST.

251 1288 418 1333 cuntur,
435 1295 536 1324 cum
555 1283 601 1323 in
620 1285 777 1325 terram
795 1283 1083 1324 demittuntur

792 1420 1026 1434 oeemmeee

242 1500 261 1529 7
285 1497 366 1530 Vet.
393 1497 453 1530 lib.
480 1499 514 1530 id
538 1502 595 1531 est.

854 1617 999 1650 NOTAE

199 1709 365 1745 tractare,
378 1705 477 1746 palpo
492 1709 684 1746 percutere.
710 1705 817 1737 Lucil.
829 1706 900 1736 Sat.

199 1756 260 1788 lib.
278 1765 383 1789 xxix.
406 1756 415 1772 ‘
432 1756 510 1794 Hic,
531 1756 586 1787 ubi
612 1766 664 1787 me
691 1756 796 1792 videt,
822 1756 897 1787 sub—

200 1806 389 1845 blanditur,
402 1808 575 1848 palpatur,
591 1812 696 1848 caput
712 1807 901 1848 scabit,pe-

200 1857 261 1889 des
277 1857 384 1898 legit.'
409 1858 505 1889 Idem.

243 1912 257 1928 ⁰
276 1907 441 1947 Paludati]
457 1908 540 1938 Inde
553 1908 734 1948 paludatum
747 1918 807 1948 pro
821 1918 903 1950 quo-

201 1959 250 1990 vis
280 1959 388 1989 milite
412 1959 575 1998 invenias,
607 1964 645 1990 ut
676 1959 765 2000 apud
797 1960 905 1991 Lucil.

199 2010 208 2026 ‘
231 2009 423 2041 Paludatus
442 2008 611 2040 r01·arins.‘
655 2010 757 2041 Satir.
786 2011 841 2041 lib.
869 2019 905 2043 x.

202 2059 350 2100 Proprie
365 2065 476 2091 antem
501 2060 510 2075 ‘
524 2059 657 2100 paludae
673 2060 681 2074 '
698 2066 734 2091 et
746 2062 755 2078 ‘
767 2061 905 2101 paluda-

203 2110 343 2149 menta,'
370 2110 618 2151 Imperatorum
635 2116 734 2142 erant
751 2111 907 2152 insignia,

205 2171 280 2202 quae
297 2160 427 2191 thoraci
444 2160 821 2201 superimponebantur.
844 2162 894 2193 Id.

248 2215 264 2236 Ρ
288 2210 472 2251 Pancarpiae
494 2210 628 2251 corouoe]
647 2210 816 2251 Quicquid
833 2212 908 2242 mis-

207 2261 329 2293 cellum
346 2266 437 2292 esset
454 2266 489 2292 et
515 2270 557 2292 ex
579 2261 679 2292 variis
702 2262 801 2292 rebus
825 2271 905 2293 con-

207 2318 338 2344 textum
356 2313 707 2353 consarcinatumque‚
719 2322 908 2353 pancarpum

211 2364 326 2395 Graeci
356 2364 487 2395 dixere.
532 2364 588 2395 Sic
610 2373 797 2405 pancarpum
819 2364 906 2405 apud

209 2414 438 2446 Justinianum
464 2415 598 2446 novella
621 2423 677 2446 cv.
722 2417 908 2455 Spectacu-

210 2465 279 2495 lum
296 2465 337 2495 ab
350 2465 532 2505 omnigenis
549 2465 679 2504 bestiis,
696 2475 769 2506 quae
781 2465 910 2506 depug-

211 2514 381 2545 nabantur
396 2520 431 2546 et
450 2515 695 2546 occidebantur
710 2516 752 2546 ab
769 2516 910 2547 homini-

213 2564 288 2605 bus,
306 2565 363 2605 qui
379 2574 515 2605 operam
540 2575 634 2597 suam
661 2565 703 2596 ad
728 2576 783 2597 eas
809 2565 911 2598 confi-

215 2613 353 2645 ciendas
381 2614 551 2646 locabant.
594 2615 684 2646 Vide
715 2616 912 2647 Cassianum

218 2664 343 2698 Collat.
380 2674 454 2707 cap.
481 2667 534 2698 14.
568 2665 761 2699 Cassiodor.
792 2666 852 2700 lib.
878 2676 913 2700 v.

954 1705 1063 1745 Epist.
1080 1707 1134 1736 42.
1178 1705 1224 1735 D.
1240 1702 1469 1744 Augustinum
1489 1701 1652 1734 adversus

953 1755 1196 1787 Secundinum.
1242 1754 1298 1785 Sic
1322 1752 1521 1793 παγκάρπους
1537 1752 1655 1793 στεφά·

958 1817 1027 1836 νους
1044 1805 1157 1836 Graeci
1174 1804 1293 1836 dixere
1316 1814 1382 1835 non
1400 1805 1506 1835 solum
1524 1814 1565 1836 ex
1586 1814 1654 1836 om-

956 1857 989 1887 ni
1005 1855 1136 1896 florum,
1152 1856 1212 1887 sed
1230 1855 1333 1886 etiam
1349 1865 1389 1886 ex
1414 1855 1502 1886 omni
1531 1864 1655 1895 genere

957 1906 1128 1938 fructuum
1143 1906 1344 1947 compositas
1370 1906 1525 1946 cor-onas,
1540 1905 1656 1947 quales

958 1968 1008 1989 eae
1034 1962 1123 1994 sunt,
1142 1957 1263 1999 quibus
1279 1957 1509 1987 columnarum
1526 1955 1656 1987 frontes

958 2008 1180 2047 ornabantur,
1203 2017 1283 2049 quas
1300 2006 1470 2047 ἐγκάρπους
1486 2011 1584 2037 vocat
1600 2006 1659 2036 Vi-

961 2059 1160 2090 truviuslib.
1178 2067 1226 2089 ιν.
1247 2067 1321 2098 cap.
1350 2061 1378 2087 l.
1426 2055 1514 2087 Vide
1531 2055 1659 2087 Salma-

961 2110 1045 2141 sium
1062 2109 1095 2140 iu
1111 2109 1203 2141 Julio
1220 2107 1429 2146 Capitolino.
1455 2106 1550 2137 Idem.

1005 2165 1020 2186 ‘1
1044 2158 1215 2198 Panduna]
1239 2158 1349 2188 Varro
1380 2157 1437 2188 lib.
1463 2165 1516 2187 xv·
1539 2155 1661 2189 ‘Quod

961 2210 1122 2242 Saturnia
1139 2213 1252 2248 porta,
1273 2216 1372 2248 quam
1392 2206 1514 2238 Junius
1531 2206 1663 2240 scribit,

964 2270 1062 2302 quam
1081 2268 1170 2290 nunc
1182 2262 1304 2289 vocant
1315 2255 1536 2288 Pandanam.'
1563 2256 1664 2287 Dice-

961 2312 1060 2343 batur
1079 2311 1182 2342 etiam
1198 2308 1409 2340 ‘Romanula
1420 2307 1428 2321 '
1445 2312 1481 2339 et
1497 2312 1505 2325 ‘
1518 2305 1664 2338 Libera.'

962 2364 1060 2394 Idem.

1006 2419 1018 2433 ¹
1033 2411 1252 2443 Panfflcularis
1268 2409 1348 2449 dies]
1367 2409 1432 2449 An,
1445 2409 1533 2450 quod
1552 2409 1578 2440 is
1594 2408 1665 2439 dies

965 2466 997 2495 iu
1016 2466 1108 2495 Deos
1126 2472 1242 2494 omnes
1270 2462 1398 2501 pariter
1424 2458 1561 2489 extendi
1577 2458 1665 2489 vide-

965 2520 1071 2553 retur,
1098 2523 1174 2544 cum
1188 2512 1222 2542 in
1239 2522 1278 2542 eo
1298 2511 1337 2541 iis
1350 2509 1503 2541 omnibus
1520 2517 1667 2540 commu-

965 2566 1054 2597 niter
1070 2574 1165 2596 sacra
1180 2561 1319 2594 fierent?
1343 2561 1440 2592 Idem.

1009 2623 1019 2637 S
1044 2615 1206 2655 Panga-e]
1232 2613 1320 2644 Vide
1343 2608 1535 2650 ‘impages.’
1580 2609 1665 2642 Quae

969 2668 1106 2708 desunt,
1120 2663 1294 2707 supplebis
1308 2672 1350 2694 ex
1365 2662 1524 2703 epitome.
1550 2660 1647 2692 Idem.
