1835 2906
377 170 439 199 DE
473 170 740 203 VERBORUM
773 171 1181 206 SIGNIFICATIONE
1215 178 1308 210 LIB.
1342 181 1373 209 1.

1534 173 1591 214 65

154 261 233 303 AM
250 268 266 284 ¹¹
292 265 546 316 praepositio
567 266 799 320 loquelaris
821 267 1035 321 significat
1055 270 1245 313 circum:
1284 272 1399 313 unde
1432 273 1543 316 infra
1558 281 1586 304 ¹³

123 333 127 336 '
211 342 362 370 servus
375 332 618 382 ambactus,
640 334 685 374 id
704 339 785 384 est,
807 336 1100 378 circumactus
1121 338 1295 380 dicitur.

155 396 380 445 Amass0,0
401 411 624 440 amavero,

154 461 331 504 Amatio
348 469 410 495 ¹41³
440 467 494 505 ab
515 479 659 507 amore
681 466 1024 508 denominatum.

152 528 421 571 Ambactusq
444 534 559 586 apud
580 534 927 586 Enniumlingua
943 535 1116 578 Gallica
1138 543 1265 579 actus
1284 544 1313 568 ¹⁵
1335 539 1509 580 dicitur.

746 647 883 658 eeeeee

884 647 982 658 ‘‘‘‘‘

194 711 233 738 13
259 709 319 739 Ed.
344 709 634 750 Scal.supra.-—14
659 712 858 753 Legendum
876 718 991 745 mouet
1015 714 1103 747 Scal.
1119 726 1257 748 amasco:
1283 717 1356 749 aliae
1373 718 1450 750 edd.
1467 719 1591 751 habent

110 747 114 750 ’
151 751 360 782 amatim—15
388 752 453 782 Alii
469 763 581 784 servus.

801 830 831 861 N
840 829 945 861 OTAE

192 905 214 920 ¹¹¹
237 900 335 931 Alvus
370 907 476 933 venter·
509 904 666 946 foeminae]
699 908 744 937 Et
782 905 843 936 viri

150 950 250 981 etiam
279 951 467 984 Masculino
492 963 612 992 genere
640 957 754 996 posuit
777 956 841 987 Ac-

151 1000 234 1030 cius.
279 1001 287 1016 ‘
301 1001 348 1032 Ut
364 1011 462 1042 quam
481 1002 711 1045 fragilissimus
727 1006 845 1037 alvus!

152 1049 250 1080 Idem.

193 1105 207 1119 ¹¹
230 1100 306 1140 Am]
341 1102 546 1142 Praepositio
572 1104 753 1145 loquelaris
778 1111 842 1146 est,

150 1159 224 1190 quae
242 1159 302 1190 per
318 1159 352 1181 se
369 1161 432 1181 nou
450 1154 615 1193 subsistit,
630 1155 688 1186 sed
703 1165 778 1187 cum
796 1157 844 1187 lo·

149 1200 278 1239 quelis:
303 1201 352 1231 ita
373 1202 522 1242 Sergius,
540 1204 686 1244 Probus,
703 1207 842 1237 Diome-

149 1250 208 1280 des
237 1251 472 1284 Grammatiei.
518 1255 694 1294 Ejusmodi
711 1266 842 1297 praepo—

149 1300 287 1331 sitiones
305 1306 395 1341 sunt,
409 1303 468 1341 dis,
483 1313 548 1344 con,
563 1315 624 1344 am,
642 1316 687 1345 re,
703 1313 736 1337 et
754 1307 842 1337 simi-

148 1349 195 1379 les
217 1350 244 1380 si
269 1361 343 1392 quae
369 1358 444 1387 sunt
468 1354 554 1385 aliae.
601 1356 687 1386 Nam
704 1366 778 1387 cum
796 1357 842 1388 lo-

149 1401 268 1441 quelis,
286 1402 412 1443 aliquid
429 1408 518 1443 sunt,
534 1415 595 1445 per
611 1416 660 1445 se,
677 1407 776 1438 nihil:
796 1408 843 1439 sic

149 1450 237 1491 apud
254 1451 452 1484 Ciceronem
470 1455 502 1485 in
521 1455 562 1485 de
576 1457 705 1488 somnio
716 1458 844 1499 Scipio-

149 1501 199 1530 nis
230 1502 238 1518 ‘
258 1501 479 1545 loquelariter
508 1514 613 1536 annus
642 1507 682 1537 ad
710 1518 842 1539 cursum

149 1550 232 1581 Solis
263 1551 470 1592 descriptus'
500 1564 574 1584 esse.
605 1555 750 1587 dicitur:
780 1558 843 1589 hoc

150 1606 214 1640 est,
240 1603 524 1642 contemplatione
542 1605 647 1644 ipsius
663 1606 762 1647 Solis,
779 1618 843 1639 non

148 1651 238 1691 quod
256 1661 290 1681 re
307 1662 387 1683 vera
415 1654 441 1684 is
469 1664 573 1685 annus
591 1655 755 1687 dicendus
778 1658 842 1689 sit:

149 1701 430 1740 quemadmodum
445 1704 511 1735 511ae
527 1706 782 1745 pra-positiones
796 1717 845 1738 re-

149 1760 229 1781 vera
255 1761 318 1781 nou
348 1758 438 1791 sunt,
465 1755 529 1784 uisi
557 1757 844 1795 contemplatione

151 1811 263 1832 earum
289 1812 421 1841 vocum,
438 1804 557 1842 quibus
582 1806 843 1845 conjunguntur.

152 1851 265 1882 Quare
278 1852 453 1883 manifesto
468 1859 559 1885 errat
569 1855 773 1895 Macrobius,
787 1857 843 1897 q'ui

151 1900 242 1939 apud
279 1901 441 1933 Catonem
476 1904 559 1944 legit
592 1915 642 1936 am
670 1906 843 1943 terminum,

150 1959 215 1979 non
234 1953 453 1990 antermz'num,
468 1963 542 1984 curn
559 1965 609 1985 am
635 1965 700 2003 peg
710 1966 745 1987 se
754 1957 844 2001 *nihil

151 2000 206 2035 sit,
222 2000 280 2030 sed
300 2002 533 2041 loquelariter:
555 2005 629 2034 vide
647 2005 726 2046 quid
744 2009 844 2037 anno-

150 2055 258 2081 tamus
277 2060 358 2082 voce
375 2053 384 2068 ⁴
400 2052 627 2086 Annei-mini)
671 2056 771 2095 Apud
788 2058 842 2087 Ci-

149 2110 305 2131 ceronem
334 2102 431 2142 vulgo
459 2112 524 2133 non
551 2104 760 2144 loqueba-iter,
784 2105 842 2136 sed

149 2151 339 2191 populariter
376 2162 547 2184 excusum.
605 2155 672 2185 Sed
710 2155 844 2188 discant

150 2210 265 2231 omues
288 2202 499 2232 Ciceroniani
524 2202 610 2234 hanc
634 2214 762 2240 vocem,
787 2215 844 2237 ue-

151 2260 216 2290 que
241 2250 321 2281 milii
348 2251 549 2291 irascantur,
571 2253 598 2283 si
625 2263 709 2294 eam,
735 2256 784 2286 uti
810 2256 843 2286 in

151 2301 303 2332 omnibus
320 2303 554 2343 manuscriptis
572 2304 706 2345 legitur,
724 2306 843 2346 proba-

155 2359 239 2381 mus.
263 2352 331 2380 Jos.
347 2352 429 2383 Scal.

193 2399 271 2438 Am]
286 2400 407 2430 Servus
424 2403 595 2434 ambactus
612 2403 757 2436 fortasse
779 2406 843 2446 sig·

154 2449 269 2480 nificat
295 2458 426 2480 servum
452 2451 640 2484 libertatem
664 2463 738 2485 esse
766 2465 843 2486 cou-

153 2504 315 2531 secutum.
362 2500 498 2531 Persius
529 2502 600 2534 Sat,
629 2512 662 2534 v.
683 2509 691 2522 ‘
714 2505 844 2537 Quibus

154 2559 218 2580 una
233 2550 401 2584 Quiritem
418 2551 560 2591 vertigo
576 2551 676 2583 facit:
699 2553 753 2584 hic
773 2556 842 2586 Da-

152 2611 206 2631 ma
232 2606 284 2632 est
308 2611 372 2631 non
398 2602 514 2631 tressis
540 2611 662 2641 agaso:
691 2603 845 2636 Verterit

153 2651 239 2681 huuc
282 2652 454 2682 dominus:
494 2657 662 2683 momento
701 2655 844 2685 turbinis

158 2702 226 2731 exit
255 2702 389 2732 Marcus
407 2702 539 2732 Dama)
587 2702 675 2734 vide
700 2709 707 2720 ‘
726 2704 844 2734 Manu-

239 2755 351 2793 Delph.
374 2759 405 2786 et
425 2757 500 2788 Var.
528 2757 612 2788 Clas.

898 906 1012 938 mitti?
1036 908 1113 938 Ant.
1129 912 1211 949 Aug.

942 955 1017 996 Am]
1045 957 1073 987 A
1102 958 1227 990 Graeco
1259 959 1357 999 ἀμφίς
1382 970 1456 991 nam
1473 960 1591 992 fallun-

898 1010 952 1037 tur
977 1008 1033 1048 qui
1061 1014 1184 1048 putant
1205 1011 1296 1050 prius
1322 1011 1446 1043 Graece
1463 1012 1592 1044 dictum

897 1055 1001 1087 fuisse
1019 1069 1072 1095 αμ,
1089 1059 1204 1090 addito
1220 1066 1267 1099 φι,
1284 1059 1372 1099 ἀμφί.
1395 1061 1475 1092 Dac.

940 1110 954 1125 ⁰
976 1106 1122 1146 Amasso]
1146 1108 1260 1139 Plaut.
1288 1109 1401 1140 Casin.
1425 1119 1458 1141 v.
1475 1113 1507 1140 4.
1532 1109 1541 1126 ‘
1558 1111 1594 1141 Si

898 1165 1042 1197 unquam
1071 1162 1147 1197 post
1172 1158 1233 1188 hoc
1265 1164 1322 1189 aut
1348 1169 1475 1190 amasso
1498 1159 1593 1190 Casi-

898 1216 971 1237 nam
990 1212 1047 1238 aut
1064 1217 1207 1248 occepso
1223 1206 1341 1248 Modo,
1362 1218 1403 1239 ue
1421 1209 1498 1240 dum
1520 1219 1593 1241 eam

899 1256 1050 1288 amasso?
1075 1258 1173 1289 Idem.

940 1311 955 1331 Ρ
978 1308 1116 1347 Amatio]
1142 1309 1243 1348 Lege,
1270 1309 1419 1341 Amasco:
1443 1310 1613 1342 Isidorus>

898 1355 930 1385 in
948 1356 1097 1388 Glossis:
1122 1360 1130 1374 ⁴
1149 1358 1307 1400 Amasco,
1333 1370 1445 1392 amare
1468 1360 1594 1402 cupio.’

897 1406 966 1436 Jos.
982 1406 1066 1438 Scal.

940 1457 1082 1497 Amulio]
1098 1458 1249 1498 Scaliger
1263 1458 1348 1499 legit
1359 1469 1492 1492 amasco.
1528 1460 1592 1492 Fa-

898 1511 978 1538 vent
1009 1507 1140 1539 Glossae
1171 1509 1312 1540 Isidori:
1346 1511 1356 1527 ‘
1381 1519 1525 1549 amasco,
1559 1521 1592 1541 a·

898 1565 989 1587 mare
1006 1557 1131 1597 cupio!
1177 1559 1185 1574 ‘
1204 1558 1314 1596 Amo,’
1338 1559 1348 1577 ‘
1367 1559 1524 1600 amasc0,'
1555 1565 1593 1591 ut

899 1610 906 1622 ‘
920 1606 1000 1644 hio,'
1031 1608 1039 1624 ‘
1053 1607 1170 1644 hisco‚'
1189 1610 1198 1626 ⁴
1213 1609 1381 1649 misereo,’
1412 1614 1420 1628 ‘
1437 1609 1591 1641 miseres-

898 1656 962 1695 c0,’
978 1659 1042 1688 ἃς.
1069 1668 1167 1698 quam
1191 1658 1424 1690 formationem
1443 1660 1555 1691 Latini
1573 1672 1593 1692 a

900 1708 1033 1738 Graecis
1049 1714 1251 1749 sumserunt,
1266 1710 1322 1750 qui
1347 1708 1463 1750 τύπτω,
1479 1711 1593 1742 τυπτέ·

900 1769 974 1794 σκω,
1002 1763 1036 1789 et
1065 1759 1130 1789 alia
1168 1759 1258 1799 apud
1295 1769 1352 1790 eos
1387 1758 1592 1800 frequentia.

899 1809 1023 1839 Verum
1041 1814 1075 1840 et
1090 1810 1205 1840 amatio
1222 1810 1360 1840 retineri
1386 1815 1509 1849 potest,
1527 1821 1593 1851 qua

900 1868 982 1888 voce
1007 1868 1072 1889 non
1095 1860 1197 1889 semel
1217 1869 1294 1890 usus
1315 1864 1366 1890 est
1382 1859 1538 1894 Plautus,
1555 1864 1594 1892 ut

899 1908 1008 1938 Casin.
1025 1917 1063 1939 11.
1079 1912 1110 1939 5.
1133 1910 1143 1926 ‘
1161 1910 1285 1939 Verum
1307 1909 1439 1948 aedepol
1459 1915 1516 1940 tua
1533 1910 1593 1939 mi-

898 1958 928 1988 lii
952 1959 1068 1989 odiosa
1092 1966 1144 1990 est
1167 1959 1310 1990 amatio:
1354 1959 1523 1990 Meursius
1542 1964 1592 1990 to-

898 2013 967 2039 tum
991 2009 1039 2040 ita
1062 2010 1190 2040 mavult
1214 2009 1396 2048 refingere,
1417 2013 1531 2048 amato,
1553 2009 1592 2040 ab

897 2067 964 2086 amo
999 2058 1240 2089 denominatum.
1304 2058 1436 2098 Nempe
1475 2065 1512 2089 ut
1549 2058 1590 2089 ab

899 2109 908 2123 ⁴
924 2105 1002 2145 hio,'
1026 2108 1035 2124 ‘
1053 2107 1167 2144 hiato,'
1193 2108 1239 2139 sic
1255 2108 1298 2139 ab
1324 2110 1333 2125 ‘
1352 2107 1449 2148 amo,’
1475 2109 1484 2125 ‘
1503 2118 1590 2139 ama-

899 2154 955 2186 to.'
978 2156 1060 2187 Duc.

941 2211 955 2231 (ἰ
980 2205 1162 2246 Ambactus]
1186 2206 1273 2237 Sane
1291 2206 1416 2236 Paulus
1438 2206 1503 2237 iste
1522 2217 1589 2238 non

899 2261 1070 2286 assecutus
1101 2263 1153 2287 est
1176 2261 1324 2287 mentem
1350 2256 1456 2287 Festi.
1501 2257 1589 2288 Nam

899 2305 1102 2336 Ambactum
1132 2307 1255 2337 Festus
1286 2306 1371 2336 dixit
1401 2306 1490 2346 apud
1522 2309 1589 2338 En-

898 2356 988 2387 nium
1021 2357 1209 2396 siguificare
1247 2366 1381 2386 servum
1416 2367 1590 2389 mercena-

899 2407 1001 2437 rium:
1027 2416 1047 2437 a
1070 2407 1175 2438 Gallis
1195 2411 1305 2437 autem
1328 2406 1395 2437 dici
1419 2407 1591 2447 clientem,

898 2462 935 2487 ut
952 2457 1075 2495 legitur
1091 2456 1180 2497 apud
1198 2457 1378 2488 Caesarem.
1411 2457 1589 2498 Vel‚quod

899 2506 1009 2537 verius
1027 2510 1122 2546 puto,
1139 2507 1256 2537 Festus
1277 2512 1406 2538 tantum
1423 2507 1465 2536 ab
1480 2508 1589 2539 Ennio

900 2557 944 2586 ita
984 2562 1139 2587 vocatum
1173 2566 1303 2588 servum
1342 2557 1588 2589 conductitium

899 2605 997 2637 dixit.
1044 2605 1168 2637 Paulus
1186 2616 1264 2637 vero
1281 2607 1345 2637 iste
1362 2606 1464 2636 voluit
1481 2607 1587 2638 since-

901 2665 972 2685 rum
1003 2665 1056 2686 vas
1083 2656 1279 2692 incrustare,
1309 2661 1344 2687 et
1369 2656 1417 2686 ita
1439 2666 1457 2687 a
1483 2657 1588 2690 Gallis

901 2705 1027 2735 dictum
1044 2714 1117 2737 esse
1129 2707 1278 2747 scripsit,
1291 2706 1367 2746 quia
1381 2715 1452 2736 eam
1469 2717 1585 2739 vocem

704 2799 709 2803 ¹
763 2757 871 2799 Pomp.
888 2758 972 2789 Fest.
1472 2760 1501 2789 E
