1835 2906
206 90 290 131 514
636 101 787 133 sssx'm
823 103 1028 133 POMPEH
1065 103 1201 134 resrr

263 197 586 239 obstrudulenti
620 198 805 252 aliquid,
843 197 963 252 quod
984 202 1161 251 pectam
1183 197 1355 248 sedens,
1378 197 1469 240 Aut
1487 199 1557 241 hic
1579 201 1655 242 lae-

263 269 417 315 taster,
439 270 516 306 aut
535 265 764 307 formaster
785 266 983 319 frigidus.

207 333 536 383 Obstrundant:
557 334 686 375 avide
705 334 892 375 trudant.
1483 335 1660 387 [PAUL.

205 400 458 443 Obtestatio
489 408 571 452 est,
608 415 706 444 cum
729 403 850 443 Deus
873 401 1000 442 testis
1020 401 1065 442 in
1086 402 1304 444 meliorem
1325 407 1494 457 partem
1517 416 1651 444 voca-

260 474 359 510 tur:
396 469 651 521 detestatio,
673 483 772 511 cum
792 470 836 509 in
857 468 1131 510 deteriorem.

205 536 478 588 Obtrectat,u
500 543 654 580 contra
673 538 930 578 sententiam
953 540 1127 579 tractat.

204 604 485 648 Obtrectator
505 611 586 656 est,
607 606 685 660 qui
703 605 810 646 facit
829 605 932 659 quid
956 609 1108 647 contra
1128 609 1244 647 recte
1265 609 1542 647 tractantem.

203 672 447 716 Obturare¹
469 687 527 716 ex
548 673 709 715 Graeco
732 673 938 715 trahitur:
972 675 1028 715 ab
1049 687 1119 725 eo,
1142 673 1260 729 quod
1282 674 1346 715 illi
1369 675 1485 716 ostia
1505 673 1657 715 dicunt

260 741 380 797 θύρας.

203 809 389 859 Obtutu,
409 809 537 863 quasi
559 809 754 860 obtuitu,
786 822 813 850 a
840 809 976 851 verbo
1007 812 1164 860 tueor,2
1198 809 1318 864 quod
1356 809 1575 863 significat
1593 811 1661 852 vi-

262 877 362 918 deo.

201 944 518 988 Obvaricatory
538 946 783 996 dicebatur,
808 947 884 1001 qui
905 946 1097 1000 cuipiam
1115 947 1387 997 occurrebat,
1406 959 1493 1000 quo
1511 947 1655 988 minus

256 1014 322 1054 is³
356 1019 522 1056 rectum
544 1015 622 1056 iter
643 1015 891 1056 conficeret.

201 1082 272 1123 Ob
296 1096 378 1124 vos
400 1096 541 1133 sacro,
565 1096 647 1137 pro
678 1084 802 1125 vobis
834 1084 1047 1125 obsecro:
1078 1088 1130 1124 ut
1162 1084 1244 1125 sub
1279 1096 1366 1140 >vos
1400 1083 1550 1136 placo,
1578 1096 1659 1137 pro

258 1151 478 1204 supplico.

199 1215 270 1258 Ob
288 1231 368 1259 vos
389 1231 532 1268 sacro,
555 1220 598 1260 in
622 1219 885 1273 quibusdam
910 1217 1239 1272 precationibus
1261 1224 1342 1268 est,
1364 1231 1446 1273 pro
1492 1219 1656 1274 [FEST.

256 1299 338 1328 vos
361 1287 574 1338 obsecr03
605 1291 652 1327 ut
675 1288 758 1327 sub
781 1300 862 1328 vos
885 1288 1048 1340 Ρὶειοο,Ζ
1080 1300 1158 1340 pro
1178 1287 1402 1341 supplico.

200 1352 444 1405 OCCARE,²
477 1359 522 1396 et
559 1359 809 1396 occatorem
843 1354 1026 1396 Verrius
1062 1358 1188 1408 putat
1218 1355 1384 1396 dictum
1421 1355 1475 1396 ab
1512 1368 1655 1398 occae-

802 1474 882 1486 ‘etse
889 1474 1049 1486 eevaeeeae‘

241 1532 253 1560 1
285 1534 292 1547 ¹
311 1530 450 1571 Repone
466 1530 662 1565 abstrudunt,
686 1534 723 1562 ut
748 1541 865 1572 supra,
888 1531 952 1563 etsi
970 1532 1072 1564 aliter
1090 1531 1194 1563 visum
1210 1530 1402 1563 Lambino.'
1425 1531 1571 1564 Dua—2
1590 1528 1658 1562 Alii

202 1572 279 1604 libri
294 1576 440 1605 tumn—3
467 1574 531 1605 Ed.
545 1574 635 1605 Scal.
649 1574 692 1604 id.

860 1671 1001 1704 NOTAE

238 1752 253 1767 ¹¹
273 1746 454 1788 Obtrectat]
471 1747 582 1778 Gloss.
598 1746 608 1763 ‘
621 1746 803 1787 obtrectat,
818 1747 899 1779 ἀντι-

195 1796 348 1837 πράττει.’
372 1797 470 1828 Idem.

238 1852 254 1866 ¹
281 1847 453 1887 Obturare]
479 1846 543 1877 Alii
568 1857 587 1878 a
610 1851 700 1879 ture:
726 1852 763 1879 ut
776 1849 819 1879 sit
837 1859 899 1880 vox

196 1897 353 1938 profecta
371 1907 389 1927 a
407 1907 498 1928 inore
516 1898 745 1934 sacerdotum,
765 1899 820 1939 qui
843 1909 900 1930 au-

955 1748 1009 1779 liic
1041 1748 1145 1782 ordo.’
1198 1749 1387 1780 Ohvaricare
1414 1749 1456 1780 de
1484 1748 1660 1780 itinerario

956 1799 1108 1840 auspicio
1133 1799 1270 1831 dicitur.
1317 1801 1441 1831 Horat.
1474 1801 1483 1817 ‘
1508 1800 1661 1840 Rumpat

957 1856 1015 1881 aut
1033 1860 1172 1891 serpens
1190 1852 1255 1882 iter
1272 1850 1487 1881 institutum!
1511 1850 1593 1881 Dae.

998 1906 1010 1920 2
1026 1900 1090 1932 Sul,
1106 1912 1157 1932 vos
1171 1901 1272 1942 placo]
1291 1902 1356 1931 l’ro
1372 1901 1507 1940 supplico
1518 1911 1582 1931 ros.
1608 1900 1660 1931 Ex

193 1958 248 1978 res
266 1952 340 1979 ture
357 1948 557 1988 opplebant,
584 1958 626 1979 ne
644 1950 821 1980 audientes
836 1950 902 1980 alia

194 1999 427 2037 turbarentur,
443 2009 481 2030 ac
497 2009 627 2030 rursum
640 2000 794 2040 profecto
807 2010 903 2032 sacro

957 1951 1107 1992 antiquis
1125 1954 1357 1992 precationum
1377 1951 1547 1989 forumlis3
1564 1951 1597 1981 in
1618 1951 1657 1981 iis

957 2001 1044 2031 euim
1063 2001 1105 2032 de
1123 2002 1289 2032 industria
1305 2001 1408 2032 verba
1428 2002 1569 2032 Veteres
1589 2006 1655 2031 tra·

193 2050 346 2089 negotio,
363 2054 416 2079 tus
436 2049 643 2086 eximebant,
660 2056 698 2080 ut
720 2059 818 2081 aures
847 2061 903 2091 pa·
946 2050 1128 2090 jiciebant.
1153 2052 1252 2082 [dem.

194 2105 308 2131 terent
326 2100 404 2137 illis,
422 2109 495 2139 quae
514 2099 722 2131 dicerentur.
748 2100 846 2132 Idem.

235 2157 248 2177 y
276 2150 497 2190 Obmricutor]
523 2150 714 2182 Obvaricant
743 2156 778 2182 et
810 2151 899 2183 obva-

193 2206 266 2232 ruut
284 2212 419 2242 quoque
437 2201 609 2233 dicebant.
642 2202 770 2233 Ennius
785 2202 900 2234 Achil-

194 2252 249 2282 le:
285 2253 294 2269 ‘
310 2253 398 2283 Nam
416 2252 566 2283 consiliis
580 2253 759 2294 obvarant,
776 2254 898 2293 quibus

192 2307 305 2333 tamen
321 2302 480 2333 concedit
493 2303 547 2334 liic
565 2302 670 2333 ordo.'
715 2303 894 2335 Obvarare

190 2354 316 2384 dicitur
331 2353 399 2393 περὶ
421 2353 549 2385 εἶνοδίου
574 2353 744 2392 οἶωνισμοῦ.
785 2354 896 2386 Hora·

192 2404 278 2434 tius:
304 2405 313 2420 ‘
328 2405 475 2445 Ruinpat
492 2410 550 2436 ant
562 2415 703 2446 serpens
721 2405 784 2436 iter
801 2406 895 2437 insti-

195 2454 328 2484 tutum.'
350 2456 418 2485 dos.
433 2456 516 2487 Scal-

237 2503 456 2545 Obz-aricutor]
476 2506 505 2536 A
522 2516 626 2547 rarus,
643 2516 766 2546 curare,
792 2511 827 2538 et
842 2517 896 2538 va·

190 2554 313 2590 ricare,·
337 2554 526 2595 obem-icam,
549 2562 583 2587 et
604 2557 763 2594 obturare,
788 2558 895 2597 inipe-

192 2605 277 2635 dire.
323 2605 449 2634 Ennius
476 2605 622 2644 Achille,
645 2608 653 2623 ¹
674 2609 761 2638 Nan]
787 2608 895 2638 consi-

189 2655 241 2689 liis
258 2654 438 2695 obvarant,
455 2656 574 2696 quibus
597 2661 709 2688 tamen
736 2657 896 2689 concedit

998 2106 1011 2121 ³
1037 2101 1169 2141 Occare]
1196 2102 1303 2131 Locus
1329 2100 1502 2132 Ciceronis
1531 2101 1657 2132 relatus

954 2161 973 2181 a
991 2152 1165 2190 Festo‚est
1182 2151 1213 2181 in
1233 2151 1317 2182 libro
1331 2151 1371 2181 de
1390 2151 1658 2191 senectutejux-

953 2207 989 2232 ta
1006 2201 1190 2232 editionem
1207 2201 1303 2232 Petri
1326 2202 1487 2235 Victorii,
1502 2206 1537 2231 et
1556 2207 1592 2232 ut
1609 2202 1658 2232 ci-

953 2255 1046 2282 tatur
1063 2261 1081 2281 a
1098 2251 1206 2282 Nonio
1222 2251 1402 2290 Marcello,
1420 2260 1485 2281 non
1502 2257 1539 2282 ut
1557 2251 1657 2292 vulgo

949 2300 1201 2332 circumfertur.
1225 2301 1305 2332 Ant.
1321 2302 1406 2339 Aug.

995 2352 1127 2393 Occare]
1146 2351 1338 2382 Isidorusin
1355 2351 1507 2382 Glossis:
1525 2354 1533 2369 ⁴
1547 2352 1657 2394 Ocea,

951 2404 1118 2436 rastruiu.'
1165 2405 1215 2435 M.
1232 2404 1331 2435 Tullii
1353 2408 1492 2443 etymon
1510 2409 1657 2434 transtu-

950 2456 990 2486 lit
1010 2456 1044 2486 in
1065 2455 1247 2486 dimetrum
1264 2455 1443 2486 iambicum
1458 2455 1604 2485 Serenus
1621 2455 1654 2484 in

950 2506 1145 2547 opusculis:
1170 2507 1178 2522 ‘
1195 2506 1353 2545 Occatio,
1375 2505 1554 2536 occaecatio
1582 2504 1656 2535 est.'

953 2556 1013 2587 Est
1040 2555 1185 2586 dimeter
1208 2555 1389 2586 Ianibicus.
1434 2554 1501 2585 Sed
1516 2563 1580 2585 nos
1597 2554 1654 2585 de-

951 2606 1099 2637 rivamus
1118 2606 1159 2637 ab
1172 2616 1266 2637 occa.
1288 2607 1357 2637 Jos.
1379 2605 1460 2635 Scal.

1001 2656 1133 2696 Occare]
1169 2657 1272 2688 Crate
1305 2656 1359 2687 vel
1392 2660 1503 2687 rastro
1539 2654 1654 2696 glebas
