1835 2906
197 119 282 161 384

254 213 383 256 nimis
407 226 482 266 per
500 212 701 254 minimas
728 225 832 254 suas
853 216 1001 267 partes
1022 210 1242 264 erumpit:
1267 210 1387 263 quod
1407 222 1464 251 ex
1486 209 1645 254 Graeco

255 282 438 324 trahitur
460 295 470 323 ε
504 281 610 335 quia
627 281 692 322 illi
712 294 799 322 non
821 280 932 321 satis
953 278 1141 320 solidum
1159 278 1274 331 μανὸν
1295 277 1465 319 dicunt,

200 350 386 392 Manare
419 349 559 390 solem
605 348 775 402 antiqui
813 347 1034 396 dicebant,
1055 358 1154 386 cum
1188 345 1295 386 solis
1325 345 1507 386 orientis
1536 345 1648 386 radii

255 417 533 472 splendorem
558 416 709 471 jacere
744 415 1002 469 coepissent,
1037 426 1063 453 a
1103 425 1195 466 quo
1225 412 1390 454 dictum
1431 413 1648 467 putabant

252 498 394 526 mane.
453 484 546 525 Alii
564 484 728 525 dictum
758 495 886 524 mane
921 481 1139 535 putabant
1159 481 1214 521 ab
1237 493 1306 532 eo,
1327 480 1449 534 quod
1469 492 1646 520 manum

255 555 418 595 bonum
441 553 664 594 dicebant.

199 619 381 662 Manare
400 619 519 662 solem
540 627 633 661 tunc
656 619 809 660 soiitos
832 631 928 659 esse
958 617 1169 671 antiquos
1200 614 1345 666 dicere,
1365 614 1425 655 ait
1485 614 1648 668 [FEs‘r.

261 687 441 736 Verrius,
465 701 565 729 cum
588 687 695 728 solis
723 685 900 727 orientis
929 684 1041 726 radii
1071 681 1324 738 splendorem
1343 682 1486 737 jacere
1507 679 1650 734 coepis-

253 761 375 798 sent:
410 762 541 810 atque
562 755 663 796 ideo
685 754 874 808 primum
897 751 978 792 diei
1001 757 1169 805 tempus,
1183 764 1298 791 mane
1317 749 1487 800 dictum,
1509 761 1652 804 quam-

253 825 321 865 vis
341 825 482 876 magis
499 823 542 864 id
565 822 758 871 dicitur‚⁹
777 818 885 875 quod
903 833 1067 859 manum
1089 817 1237 859 bonum
1257 817 1444 858 dicebant
1462 832 1487 857 a
1509 829 1647 865 mane,

253 891 297 932 id
315 895 394 941 est,
418 904 443 931 a
465 895 664 932 maturet
695 889 813 944 quod
836 888 879 928 id
916 886 1060 928 bonum
1094 893 1164 937 est,
1185 885 1293 941 quod
1325 891 1531 926 maturum
1566 891 1649 924 est:

255 958 371 1000 unde
393 965 439 1000 et
459 962 630 1000 mutata
651 958 763 998 dicta
784 969 940 1011 quoque
959 953 1120 995 videtur
1141 960 1286 995 mater.

201 1026 338 1068 Mane
355 1041 382 1068 a
404 1027 504 1068 Diis
524 1023 751 1067 manibusb
772 1024 987 1073 dixerunt,
1004 1036 1105 1064 nam
1126 1027 1303 1064 mana¹⁰
1324 1021 1441 1062 bona
1470 1019 1651 1074 [PAun.

256 1095 417 1137 dicitur
435 1109 444 1133 z
475 1094 589 1136 unde
610 1099 654 1135 et
671 1096 809 1134 mater
830 1096 1018 1141 matura,
1041 1094 1083 1131 et
1104 1103 1238 1145 poma
1259 1093 1452 1131 matura.

202 1163 252 1204 M
257 1169 448 1217 ancepsc
476 1162 652 1212 dicitur,
681 1160 797 1215 quod
821 1172 953 1201 manu
974 1159 1190 1213 capiatur.
1211 1161 1241 1181 ¹¹
1304 1157 1524 1209 Manceps
1545 1154 1653 1195 dici-

256 1235 340 1279 tur,
363 1231 437 1284 qui
457 1230 562 1284 quid
585 1244 612 1271 a
632 1228 798 1283 populo
820 1227 940 1277 emit,
966 1227 1243 1276 conducitve‚
1271 1225 1375 1279 quia
1396 1237 1529 1264 manu
1549 1223 1653 1263 sub-

257 1299 348 1340 lata
379 1299 595 1351 significat
628 1311 677 1338 se
715 1300 937 1337 auctorem
981 1295 1218 1348 emptionis
1254 1305 1390 1335 esse:
1435 1291 1509 1345 qui
1533 1290 1652 1331 idem

256 1379 373 1420 praes
404 1366 581 1415 dicitur,
613 1366 718 1419 quia
744 1368 832 1405 tam
866 1363 997 1404 debet
1030 1366 1244 1416 praestare
1283 1359 1403 1415 quod
1441 1358 1653 1413 promisit,

259 1447 391 1489 quam
412 1434 467 1485 is,
489 1434 564 1489 qui
586 1446 664 1487 pro
681 1445 734 1473 eo
762 1444 879 1485 praes
900 1430 1098 1471 factus.¹²

646 127 794 158 SEX'l'l
831 126 925 156 POM
936 127 957 157 Ι)
968 125 1033 155 ΕΙΙ
1069 125 1205 156 FESTI

793 1566 1027 1579 eeeeeeeeeeee

244 1657 264 1684 9
287 1653 350 1685 Ed.
377 1653 465 1684 Scal.
480 1654 519 1684 nd
541 1652 754 1683 dicitur.—10
777 1650 857 1682 Vet.
882 1649 941 1681 lib.
957 1649 1152 1680 manica—ll
1182 1645 1375 1687 Legendum
1404 1647 1540 1675 monent
1564 1642 1655 1674 Scal.

203 1697 291 1727 Dae.
307 1697 508 1737 capiat.-—l2
532 1696 594 1727 Ed.
617 1695 705 1726 Scal.
719 1697 871 1735 proestare
886 1695 992 1733 populo
1010 1704 1040 1732 q.
1056 1703 1087 1732 p.
1102 1703 1131 1732 q.
1148 1692 1170 1721 i.
1187 1702 1216 1731 q.
1230 1701 1261 1730 p.
1279 1700 1306 1720 e.
1320 1699 1353 1729 p.
1368 1687 1475 1726 sactus
1492 1690 1555 1717 est:
1579 1695 1654 1727 quae

200 1739 347 1780 tegenda
363 1745 480 1770 mouet
504 1740 591 1770 Dae.
608 1744 645 1769 ut
663 1739 725 1769 viri
749 1737 856 1776 docti,
887 1746 977 1776 quam
1000 1736 1028 1766 is
1053 1745 1108 1776 pro
1134 1744 1192 1775 quo
1220 1742 1304 1774 praes
1323 1731 1432 1770 fructus
1458 1733 1516 1760 est.

858 1839 1003 1871 NOTAE

959 1914 1081 1945 Nonne
1092 1911 1286 1944 Leucothea
1297 1910 1465 1941 nominata
1481 1918 1500 1938 a
1513 1906 1661 1944 Graecis,

960 1964 1097 1994 Matuta
1112 1962 1257 1994 habetur
1275 1971 1294 1991 a
1310 1959 1436 1991 nostris
1452 1958 1472 1988 ?'
1502 1959 1530 1987 A
1547 1965 1657 1987 manus

958 2015 1059 2045 etiam
1081 2017 1233 2052 maturus,
1259 2010 1354 2052 quasi
1378 2017 1534 2040 manurus.
1579 2005 1655 2037 Etsi

203 1917 257 1949 Ad
275 1915 461 1958 cujusmodi
478 1914 674 1955 religionem
688 1914 901 1953 Graeci,cum

203 1968 317 1998 lumen
348 1964 502 2004 affertur,
538 1965 650 1996 solent
688 1964 803 1995 dicere
839 1965 903 2003 φῶς

202 2016 341 2056 ἀγαθόν.’
393 2016 460 2047 Alii
497 2025 516 2046 a
549 2015 610 2046 diis
641 2014 790 2045 manibus.
833 2013 901 2044 Sed

202 2067 428 2099 verosimilius
445 2072 496 2097 est
514 2076 532 2096 a
548 2074 654 2096 manus
670 2064 749 2102 dici,
763 2065 823 2095 hoc
839 2068 902 2102 est,

204 2118 323 2157 bonus,
340 2117 465 2155 clarus,
481 2116 626 2147 lucidus.
671 2115 728 2146 Ita
745 2114 901 2145 Macrob.

203 2168 261 2199 lib.
293 2177 318 2199 1.
348 2168 484 2199 Satura.
519 2176 592 2206 cap.
624 2169 655 2196 3.
690 2170 725 2196 et
762 2165 901 2196 Servius

204 2219 338 2251 AEneid.
355 2219 415 2251 lib.
432 2228 487 2250 111.
517 2223 525 2236 ⁴
541 2219 685 2249 Manare
698 2217 706 2230 '
722 2222 834 2248 autem
852 2225 902 2246 so-

202 2270 373 2312 lem,quia
385 2271 526 2301 Veteres
543 2270 609 2301 luci
625 2274 660 2300 et
677 2268 745 2308 igni
762 2266 901 2298 fluorem

205 2321 457 2362 adtribuebant,
486 2327 524 2353 ut
559 2321 638 2352 aiibi
676 2319 805 2350 dictum
839 2321 902 2348 est.

206 2371 289 2403 Dae.

248 2422 261 2442 ὓ
286 2423 381 2453 Mane
396 2434 415 2453 a
432 2422 506 2453 Diis
521 2419 675 2460 manibus]
698 2418 786 2450 Vide
800 2427 902 2459 supra

206 2478 213 2490 ¹
228 2481 365 2503 manare
384 2472 512 2503 solem!
556 2472 585 2503 A
602 2481 711 2502 manus
727 2470 821 2500 dicta
838 2479 901 2499 mu-

206 2526 254 2553 ter
269 2525 407 2557 matum,-
431 2523 524 2562 quasi
540 2526 680 2561 manuta,
699 2529 862 2551 converso
882 2529 903 2549 n

206 2575 240 2604 in
272 2577 297 2611 t,
319 2577 449 2604 matuta.
495 2575 578 2606 Qum
606 2573 670 2604 fuit
696 2572 759 2603 Ino
786 2570 904 2603 Cadmi

208 2625 288 2663 filia,
305 2624 498 2654 Leucothea
513 2634 530 2653 a
547 2624 679 2654 Graecis
702 2622 802 2652 dicta.
850 2620 905 2651 Ci-

210 2684 277 2706 cer.
289 2684 313 2706 1.
330 2674 465 2706 Tuscul.
489 2674 596 2706 ‘Quid
612 2674 674 2705 Ino
688 2672 805 2704 Cadmi
817 2671 905 2702 filia?

957 2064 1094 2105 quidam
1131 2074 1150 2094 a
1185 2063 1308 2102 mando,
1345 2059 1439 2102 quasi
1477 2058 1657 2089 mundun-us.

957 2115 1066 2146 Idem.

999 2170 1013 2186 ⁰
1036 2163 1201 2203 Manceps]
1237 2163 1340 2201 Lege,
1370 2168 1512 2198 manceps
1539 2157 1656 2188 dicitur

956 2217 1034 2257 quod
1061 2224 1151 2245 murm
1178 2213 1281 2253 capiat
1295 2222 1306 2248 ;
1338 2216 1389 2242 est
1420 2215 1532 2240 autem
1559 2208 1655 2248 quasi

956 2275 1128 2306 manue-eps,
1146 2265 1224 2305 quia
1249 2272 1349 2294 manu
1375 2260 1510 2292 sublata
1530 2269 1564 2289 se
1584 2259 1655 2298 plu-

958 2318 1002 2347 ris
1018 2325 1094 2347 esse
1110 2315 1277 2345 licitatum
1300 2310 1526 2352 significabat.
1570 2307 1657 2339 Sub-

956 2368 1027 2398 lata
1044 2366 1130 2397 enim
1148 2374 1246 2395 manu
1265 2363 1317 2394 vel
1330 2361 1436 2402 digito
1450 2359 1655 2390 licitationes

956 2418 1097 2448 fiebant.
1136 2415 1248 2446 Cicer.
1265 2412 1369 2444 111.in
1384 2412 1483 2442 Verr.
1508 2409 1657 2439 ¹Accur-

958 2472 1035 2499 runt
1053 2472 1162 2498 tamen
1185 2469 1314 2496 tutores
1337 2462 1379 2493 ad
1407 2467 1549 2499 tempus,
1573 2457 1658 2497 digi-

959 2523 1030 2549 tum
1048 2517 1136 2548 tollit
1159 2515 1282 2548 Junius
1311 2508 1474 2553 patruus!
1520 2508 1605 2539 Quae
1624 2506 1656 2536 in

959 2568 1026 2599 flue
1044 2567 1168 2608 posita,
1183 2566 1231 2596 sic
1246 2562 1391 2604 legenda
1406 2565 1495 2597 sunt,
1518 2568 1608 2598 quam
1629 2558 1656 2588 is

957 2629 1014 2659 pro
1031 2628 1088 2658 quo
1101 2626 1185 2658 proes
1201 2614 1310 2652 sactus
1325 2615 1369 2644 est
1384 2622 1394 2641 .-
1419 2616 1455 2641 ut
1475 2610 1535 2640 viri
1553 2609 1657 2639 docti.

962 2670 1040 2700 Dac.
