<?xml version="1.0" encoding="UTF-8"?>
<!DOCTYPE html PUBLIC "-//W3C//DTD XHTML 1.0 Transitional//EN"
    "http://www.w3.org/TR/xhtml1/DTD/xhtml1-transitional.dtd">
<html xmlns="http://www.w3.org/1999/xhtml" xml:lang="en" lang="en">
 <head>
  <title>
</title>
<meta http-equiv="Content-Type" content="text/html;charset=utf-8" />
  <meta name='ocr-system' content='tesseract 3.04.00' />
  <meta name='ocr-capabilities' content='ocr_page ocr_carea ocr_par ocr_line ocrx_word'/>
</head>
<body>
  <div class='ocr_page' id='page_1' title='image "./mverriiflacciqua01verruoft_0655.png"; bbox 0 0 1835 2906; ppageno 0'>
   <div class='ocr_carea' id='block_1_1' title="bbox 392 145 1463 183">
    <p class='ocr_par' dir='ltr' id='par_1_1' title="bbox 392 145 1463 183">
     <span class='ocr_line' id='line_1_1' title="bbox 392 145 1463 183; baseline -0.007 0"><span class='ocrx_word' id='word_1_1' title='bbox 392 154 454 183; x_wconf 86' lang='lat' dir='ltr'>DE</span> <span class='ocrx_word' id='word_1_2' title='bbox 486 149 756 182; x_wconf 74' lang='lat' dir='ltr'><strong>VERBORUM</strong></span> <span class='ocrx_word' id='word_1_3' title='bbox 791 146 1197 179; x_wconf 75' lang='lat' dir='ltr'>SlGNlFlCATlONE</span> <span class='ocrx_word' id='word_1_4' title='bbox 1232 145 1325 176; x_wconf 80' lang='lat' dir='ltr'>Llss.</span> <span class='ocrx_word' id='word_1_5' title='bbox 1359 145 1463 176; x_wconf 83' lang='lat' dir='ltr'>le.</span> 
     </span>
    </p>
   </div>
   <div class='ocr_carea' id='block_1_2' title="bbox 1568 134 1651 177">
    <p class='ocr_par' dir='ltr' id='par_1_2' title="bbox 1568 134 1651 177">
     <span class='ocr_line' id='line_1_2' title="bbox 1568 134 1651 177; baseline 0 -1"><span class='ocrx_word' id='word_1_6' title='bbox 1568 134 1651 177; x_wconf 81' lang='lat'>633</span> 
     </span>
    </p>
   </div>
   <div class='ocr_carea' id='block_1_3' title="bbox 266 242 1662 774">
    <p class='ocr_par' dir='ltr' id='par_1_3' title="bbox 266 242 1662 774">
     <span class='ocr_line' id='line_1_3' title="bbox 266 242 1652 301; baseline -0.006 -12"><span class='ocrx_word' id='word_1_7' title='bbox 266 252 398 297; x_wconf 85' lang='lat' dir='ltr'>erant,</span> <span class='ocrx_word' id='word_1_8' title='bbox 447 247 565 301; x_wconf 90' lang='lat' dir='ltr'>quod</span> <span class='ocrx_word' id='word_1_9' title='bbox 601 252 650 287; x_wconf 85' lang='lat' dir='ltr'>ut</span> <span class='ocrx_word' id='word_1_10' title='bbox 687 245 838 297; x_wconf 79' lang='lat' dir='ltr'>Reges</span> <span class='ocrx_word' id='word_1_11' title='bbox 879 243 965 284; x_wconf 91' lang='lat' dir='ltr'>sibi</span> <span class='ocrx_word' id='word_1_12' title='bbox 1005 242 1218 295; x_wconf 88' lang='lat' dir='ltr'>legebant,</span> <span class='ocrx_word' id='word_1_13' title='bbox 1263 242 1652 295; x_wconf 79' lang='lat' dir='ltr'>sublegebantque,</span> 
     </span>
     <span class='ocr_line' id='line_1_4' title="bbox 268 310 1654 369; baseline -0.004 -14"><span class='ocrx_word' id='word_1_14' title='bbox 268 329 381 369; x_wconf 89' lang='lat' dir='ltr'>quos</span> <span class='ocrx_word' id='word_1_15' title='bbox 402 316 447 355; x_wconf 94' lang='lat' dir='ltr'>in</span> <span class='ocrx_word' id='word_1_16' title='bbox 468 315 652 356; x_wconf 84' lang='lat' dir='ltr'>consilio</span> <span class='ocrx_word' id='word_1_17' title='bbox 673 314 853 367; x_wconf 83' lang='lat' dir='ltr'>publico</span> <span class='ocrx_word' id='word_1_18' title='bbox 886 311 1102 359; x_wconf 82' lang='lat' dir='ltr'>haberent,</span> <span class='ocrx_word' id='word_1_19' title='bbox 1132 310 1194 350; x_wconf 90' lang='lat' dir='ltr'>ita</span> <span class='ocrx_word' id='word_1_20' title='bbox 1222 315 1325 363; x_wconf 87' lang='lat' dir='ltr'>post</span> <span class='ocrx_word' id='word_1_21' title='bbox 1357 312 1538 351; x_wconf 85' lang='lat' dir='ltr'>exactos</span> <span class='ocrx_word' id='word_1_22' title='bbox 1559 320 1654 356; x_wconf 69' lang='lat'>00⁵3,</span> 
     </span>
     <span class='ocr_line' id='line_1_5' title="bbox 268 377 1656 436; baseline -0.006 -12"><span class='ocrx_word' id='word_1_23' title='bbox 268 383 486 424; x_wconf 86' lang='lat' dir='ltr'>Consules</span> <span class='ocrx_word' id='word_1_24' title='bbox 508 396 697 436; x_wconf 90' lang='lat' dir='ltr'>quoque,</span> <span class='ocrx_word' id='word_1_25' title='bbox 720 390 764 422; x_wconf 84' lang='lat' dir='ltr'>et</span> <span class='ocrx_word' id='word_1_26' title='bbox 785 380 970 421; x_wconf 88' lang='lat' dir='ltr'>Tribuni</span> <span class='ocrx_word' id='word_1_27' title='bbox 985 378 1016 402; x_wconf 73' lang='lat'>¹3</span> <span class='ocrx_word' id='word_1_28' title='bbox 1049 377 1246 418; x_wconf 86' lang='lat' dir='ltr'>Militum</span> <span class='ocrx_word' id='word_1_29' title='bbox 1268 378 1485 419; x_wconf 84' lang='lat' dir='ltr'>consulari</span> <span class='ocrx_word' id='word_1_30' title='bbox 1505 381 1656 430; x_wconf 83' lang='lat' dir='ltr'>potes·</span> 
     </span>
     <span class='ocr_line' id='line_1_6' title="bbox 268 443 1656 504; baseline -0.006 -13"><span class='ocrx_word' id='word_1_31' title='bbox 268 454 376 499; x_wconf 86' lang='lat' dir='ltr'>tate,</span> <span class='ocrx_word' id='word_1_32' title='bbox 399 450 788 504; x_wconf 88' lang='lat' dir='ltr'>conjunctissimos</span> <span class='ocrx_word' id='word_1_33' title='bbox 812 448 899 488; x_wconf 86' lang='lat' dir='ltr'>sibi</span> <span class='ocrx_word' id='word_1_34' title='bbox 921 450 1164 500; x_wconf 86' lang='lat' dir='ltr'>quosque¹9</span> <span class='ocrx_word' id='word_1_35' title='bbox 1192 445 1492 499; x_wconf 87' lang='lat' dir='ltr'>patriciorum,</span> <span class='ocrx_word' id='word_1_36' title='bbox 1516 448 1560 484; x_wconf 90' lang='lat' dir='ltr'>et</span> <span class='ocrx_word' id='word_1_37' title='bbox 1580 443 1656 484; x_wconf 89' lang='lat' dir='ltr'>de-</span> 
     </span>
     <span class='ocr_line' id='line_1_7' title="bbox 267 512 1658 571; baseline -0.005 -13"><span class='ocrx_word' id='word_1_38' title='bbox 267 517 367 558; x_wconf 88' lang='lat' dir='ltr'>inde</span> <span class='ocrx_word' id='word_1_39' title='bbox 393 518 680 571; x_wconf 89' lang='lat' dir='ltr'>plebeiorum,</span> <span class='ocrx_word' id='word_1_40' title='bbox 712 516 943 568; x_wconf 80' lang='lat' dir='ltr'>legebant3</span> <span class='ocrx_word' id='word_1_41' title='bbox 976 514 1116 555; x_wconf 90' lang='lat' dir='ltr'>donec</span> <span class='ocrx_word' id='word_1_42' title='bbox 1141 512 1303 553; x_wconf 83' lang='lat' dir='ltr'>Ovinia</span> <span class='ocrx_word' id='word_1_43' title='bbox 1323 513 1572 553; x_wconf 88' lang='lat' dir='ltr'>Tribunitia</span> <span class='ocrx_word' id='word_1_44' title='bbox 1592 512 1658 551; x_wconf 89' lang='lat' dir='ltr'>in-</span> 
     </span>
     <span class='ocr_line' id='line_1_8' title="bbox 269 578 1657 638; baseline -0.006 -12"><span class='ocrx_word' id='word_1_45' title='bbox 269 585 472 634; x_wconf 83' lang='lat' dir='ltr'>tervenit,</span> <span class='ocrx_word' id='word_1_46' title='bbox 507 598 594 638; x_wconf 86' lang='lat' dir='ltr'>qua</span> <span class='ocrx_word' id='word_1_47' title='bbox 631 588 836 625; x_wconf 84' lang='lat' dir='ltr'>sanctum</span> <span class='ocrx_word' id='word_1_48' title='bbox 871 586 950 632; x_wconf 88' lang='lat' dir='ltr'>est,</span> <span class='ocrx_word' id='word_1_49' title='bbox 988 585 1035 622; x_wconf 85' lang='lat' dir='ltr'>ut</span> <span class='ocrx_word' id='word_1_50' title='bbox 1059 581 1270 622; x_wconf 85' lang='lat' dir='ltr'>Censores</span> <span class='ocrx_word' id='word_1_51' title='bbox 1291 593 1348 620; x_wconf 85' lang='lat' dir='ltr'>ex</span> <span class='ocrx_word' id='word_1_52' title='bbox 1371 580 1487 620; x_wconf 90' lang='lat' dir='ltr'>omni</span> <span class='ocrx_word' id='word_1_53' title='bbox 1508 578 1657 620; x_wconf 86' lang='lat' dir='ltr'>ordine</span> 
     </span>
     <span class='ocr_line' id='line_1_9' title="bbox 272 646 1660 706; baseline -0.006 -12"><span class='ocrx_word' id='word_1_54' title='bbox 272 654 488 706; x_wconf 89' lang='lat' dir='ltr'>optimum</span> <span class='ocrx_word' id='word_1_55' title='bbox 509 665 727 706; x_wconf 87' lang='lat' dir='ltr'>quemque</span> <span class='ocrx_word' id='word_1_56' title='bbox 750 650 999 692; x_wconf 83' lang='lat' dir='ltr'>curiatim²0</span> <span class='ocrx_word' id='word_1_57' title='bbox 1030 653 1185 689; x_wconf 86' lang='lat' dir='ltr'>senatu</span> <span class='ocrx_word' id='word_1_58' title='bbox 1215 648 1428 700; x_wconf 84' lang='lat' dir='ltr'>legerent:</span> <span class='ocrx_word' id='word_1_59' title='bbox 1461 659 1547 699; x_wconf 92' lang='lat' dir='ltr'>quo</span> <span class='ocrx_word' id='word_1_60' title='bbox 1568 646 1660 686; x_wconf 85' lang='lat' dir='ltr'>sac-</span> 
     </span>
     <span class='ocr_line' id='line_1_10' title="bbox 270 714 1662 774; baseline -0.006 -12"><span class='ocrx_word' id='word_1_61' title='bbox 270 725 363 762; x_wconf 92' lang='lat' dir='ltr'>tum</span> <span class='ocrx_word' id='word_1_62' title='bbox 382 724 461 770; x_wconf 90' lang='lat' dir='ltr'>est,</span> <span class='ocrx_word' id='word_1_63' title='bbox 482 724 530 761; x_wconf 95' lang='lat' dir='ltr'>ut</span> <span class='ocrx_word' id='word_1_64' title='bbox 551 720 626 774; x_wconf 92' lang='lat' dir='ltr'>qui</span> <span class='ocrx_word' id='word_1_65' title='bbox 649 718 853 773; x_wconf 79' lang='lat' dir='ltr'>praeteriti</span> <span class='ocrx_word' id='word_1_66' title='bbox 876 719 1035 765; x_wconf 86' lang='lat' dir='ltr'>essent,</span> <span class='ocrx_word' id='word_1_67' title='bbox 1066 720 1111 756; x_wconf 86' lang='lat' dir='ltr'>et</span> <span class='ocrx_word' id='word_1_68' title='bbox 1144 715 1242 756; x_wconf 86' lang='lat' dir='ltr'>loco</span> <span class='ocrx_word' id='word_1_69' title='bbox 1262 715 1382 765; x_wconf 91' lang='lat' dir='ltr'>moti,</span> <span class='ocrx_word' id='word_1_70' title='bbox 1403 714 1662 755; x_wconf 81' lang='lat' dir='ltr'>haberentur</span> 
     </span>
    </p>
   </div>
   <div class='ocr_carea' id='block_1_4' title="bbox 270 787 560 841">
    <p class='ocr_par' dir='ltr' id='par_1_4' title="bbox 270 787 560 841">
     <span class='ocr_line' id='line_1_11' title="bbox 270 787 560 841; baseline -0.007 -12"><span class='ocrx_word' id='word_1_71' title='bbox 270 787 560 841; x_wconf 84' lang='lat' dir='ltr'>ignominiosi.</span> 
     </span>
    </p>
   </div>
   <div class='ocr_carea' id='block_1_5' title="bbox 216 850 1662 909">
    <p class='ocr_par' dir='ltr' id='par_1_5' title="bbox 216 850 1662 909">
     <span class='ocr_line' id='line_1_12' title="bbox 216 850 1662 909; baseline -0.004 -12"><span class='ocrx_word' id='word_1_72' title='bbox 216 856 442 897; x_wconf 74' lang='lat' dir='ltr'>Praetexta</span> <span class='ocrx_word' id='word_1_73' title='bbox 471 855 595 909; x_wconf 85' lang='lat' dir='ltr'>pulla</span> <span class='ocrx_word' id='word_1_74' title='bbox 622 854 732 895; x_wconf 89' lang='lat' dir='ltr'>nulli</span> <span class='ocrx_word' id='word_1_75' title='bbox 761 853 836 895; x_wconf 86' lang='lat' dir='ltr'>alii</span> <span class='ocrx_word' id='word_1_76' title='bbox 856 853 1017 895; x_wconf 86' lang='lat' dir='ltr'>licebat</span> <span class='ocrx_word' id='word_1_77' title='bbox 1043 852 1123 902; x_wconf 88' lang='lat' dir='ltr'>uti,</span> <span class='ocrx_word' id='word_1_78' title='bbox 1145 864 1276 906; x_wconf 86' lang='lat' dir='ltr'>quam</span> <span class='ocrx_word' id='word_1_79' title='bbox 1301 852 1354 900; x_wconf 89' lang='lat' dir='ltr'>ei,</span> <span class='ocrx_word' id='word_1_80' title='bbox 1377 850 1451 905; x_wconf 86' lang='lat' dir='ltr'>qui</span> <span class='ocrx_word' id='word_1_81' title='bbox 1482 851 1662 904; x_wconf 74' lang='lat' dir='ltr'>[PAUL.</span> 
     </span>
    </p>
   </div>
   <div class='ocr_carea' id='block_1_6' title="bbox 271 923 624 965">
    <p class='ocr_par' dir='ltr' id='par_1_6' title="bbox 271 923 624 965">
     <span class='ocr_line' id='line_1_13' title="bbox 271 923 624 965; baseline -0.003 -1"><span class='ocrx_word' id='word_1_82' title='bbox 271 924 401 965; x_wconf 86' lang='lat' dir='ltr'>sunus</span> <span class='ocrx_word' id='word_1_83' title='bbox 420 923 624 964; x_wconf 78' lang='lat' dir='ltr'>faciebat.</span> 
     </span>
    </p>
   </div>
   <div class='ocr_carea' id='block_1_7' title="bbox 218 984 1665 1044">
    <p class='ocr_par' dir='ltr' id='par_1_7' title="bbox 218 984 1665 1044">
     <span class='ocr_line' id='line_1_14' title="bbox 218 984 1665 1044; baseline -0.006 -12"><span class='ocrx_word' id='word_1_84' title='bbox 218 991 428 1033; x_wconf 68' lang='lat' dir='ltr'>Prcetexta</span> <span class='ocrx_word' id='word_1_85' title='bbox 442 988 454 1012; x_wconf 83' lang='lat' dir='ltr'>f</span> <span class='ocrx_word' id='word_1_86' title='bbox 479 988 600 1044; x_wconf 77' lang='lat' dir='ltr'>pulla</span> <span class='ocrx_word' id='word_1_87' title='bbox 622 987 727 1029; x_wconf 78' lang='lat' dir='ltr'>nulli</span> <span class='ocrx_word' id='word_1_88' title='bbox 757 989 832 1031; x_wconf 89' lang='lat' dir='ltr'>alii</span> <span class='ocrx_word' id='word_1_89' title='bbox 862 988 1030 1029; x_wconf 83' lang='lat' dir='ltr'>licebat</span> <span class='ocrx_word' id='word_1_90' title='bbox 1052 988 1129 1038; x_wconf 90' lang='lat' dir='ltr'>uti,</span> <span class='ocrx_word' id='word_1_91' title='bbox 1151 1000 1280 1041; x_wconf 84' lang='lat' dir='ltr'>quam</span> <span class='ocrx_word' id='word_1_92' title='bbox 1302 987 1351 1038; x_wconf 79' lang='lat' dir='ltr'>ei,</span> <span class='ocrx_word' id='word_1_93' title='bbox 1373 984 1444 1041; x_wconf 81' lang='lat' dir='ltr'>qui</span> <span class='ocrx_word' id='word_1_94' title='bbox 1501 984 1665 1040; x_wconf 75' lang='lat' dir='ltr'>[FEST.</span> 
     </span>
    </p>
   </div>
   <div class='ocr_carea' id='block_1_8' title="bbox 819 1097 1064 1112">
    <p class='ocr_par' dir='ltr' id='par_1_8' title="bbox 819 1097 1064 1112">
     <span class='ocr_line' id='line_1_15' title="bbox 819 1097 1064 1112; baseline -0.004 0"><span class='ocrx_word' id='word_1_95' title='bbox 819 1097 1064 1112; x_wconf 48' lang='lat' dir='ltr'>ONWN‘OOO</span> 
     </span>
    </p>
   </div>
   <div class='ocr_carea' id='block_1_9' title="bbox 262 1156 1511 1207">
    <p class='ocr_par' dir='ltr' id='par_1_9' title="bbox 262 1156 1511 1207">
     <span class='ocr_line' id='line_1_16' title="bbox 262 1156 1511 1207; baseline -0.006 -7"><span class='ocrx_word' id='word_1_96' title='bbox 262 1171 302 1201; x_wconf 87' lang='grc'>18</span> <span class='ocrx_word' id='word_1_97' title='bbox 326 1167 411 1199; x_wconf 82' lang='lat' dir='ltr'>Ead.</span> <span class='ocrx_word' id='word_1_98' title='bbox 427 1167 482 1199; x_wconf 89' lang='lat' dir='ltr'>ed.</span> <span class='ocrx_word' id='word_1_99' title='bbox 500 1166 749 1198; x_wconf 79' lang='lat' dir='ltr'>Tribunos.—19</span> <span class='ocrx_word' id='word_1_100' title='bbox 772 1166 849 1198; x_wconf 87' lang='lat' dir='ltr'>Vet.</span> <span class='ocrx_word' id='word_1_101' title='bbox 868 1166 945 1198; x_wconf 91' lang='lat' dir='ltr'>cod.</span> <span class='ocrx_word' id='word_1_102' title='bbox 963 1156 1176 1207; x_wconf 59' lang='lat' dir='ltr'>quoque—20</span> <span class='ocrx_word' id='word_1_103' title='bbox 1199 1163 1281 1195; x_wconf 83' lang='lat' dir='ltr'>Vet.</span> <span class='ocrx_word' id='word_1_104' title='bbox 1296 1161 1371 1194; x_wconf 90' lang='lat' dir='ltr'>cod.</span> <span class='ocrx_word' id='word_1_105' title='bbox 1384 1160 1511 1193; x_wconf 72' lang='lat' dir='ltr'>curiati.</span> 
     </span>
    </p>
   </div>
   <div class='ocr_carea' id='block_1_10' title="bbox 876 1289 1016 1321">
    <p class='ocr_par' dir='ltr' id='par_1_10' title="bbox 876 1289 1016 1321">
     <span class='ocr_line' id='line_1_17' title="bbox 876 1289 1016 1321; baseline 0 0"><span class='ocrx_word' id='word_1_106' title='bbox 876 1289 1016 1321; x_wconf 84' lang='lat' dir='ltr'>NOTAE</span> 
     </span>
    </p>
   </div>
   <div class='ocr_carea' id='block_1_11' title="bbox 215 1364 931 2771">
    <p class='ocr_par' dir='ltr' id='par_1_11' title="bbox 218 1364 922 1753">
     <span class='ocr_line' id='line_1_18' title="bbox 220 1364 919 1407; baseline -0.003 -11"><span class='ocrx_word' id='word_1_107' title='bbox 220 1365 377 1401; x_wconf 79' lang='lat' dir='ltr'>historiis,</span> <span class='ocrx_word' id='word_1_108' title='bbox 400 1367 506 1407; x_wconf 86' lang='lat' dir='ltr'>legas.</span> <span class='ocrx_word' id='word_1_109' title='bbox 550 1365 660 1396; x_wconf 86' lang='lat' dir='ltr'>Porro</span> <span class='ocrx_word' id='word_1_110' title='bbox 678 1364 843 1405; x_wconf 83' lang='lat' dir='ltr'>praeteriti</span> <span class='ocrx_word' id='word_1_111' title='bbox 868 1374 919 1394; x_wconf 89' lang='lat' dir='ltr'>se-</span> 
     </span>
     <span class='ocr_line' id='line_1_19' title="bbox 218 1417 918 1456; baseline -0.004 -8"><span class='ocrx_word' id='word_1_112' title='bbox 218 1421 354 1448; x_wconf 83' lang='lat' dir='ltr'>natores</span> <span class='ocrx_word' id='word_1_113' title='bbox 381 1417 593 1452; x_wconf 82' lang='lat' dir='ltr'>dicebantur,</span> <span class='ocrx_word' id='word_1_114' title='bbox 629 1425 770 1456; x_wconf 84' lang='lat' dir='ltr'>quorum</span> <span class='ocrx_word' id='word_1_115' title='bbox 797 1425 918 1446; x_wconf 88' lang='lat' dir='ltr'>nomen</span> 
     </span>
     <span class='ocr_line' id='line_1_20' title="bbox 221 1467 918 1500; baseline -0.003 -1"><span class='ocrx_word' id='word_1_116' title='bbox 221 1469 386 1500; x_wconf 80' lang='lat' dir='ltr'>Censores</span> <span class='ocrx_word' id='word_1_117' title='bbox 401 1468 498 1499; x_wconf 91' lang='lat' dir='ltr'>initio</span> <span class='ocrx_word' id='word_1_118' title='bbox 515 1477 668 1499; x_wconf 86' lang='lat' dir='ltr'>censurae</span> <span class='ocrx_word' id='word_1_119' title='bbox 692 1471 846 1498; x_wconf 83' lang='lat' dir='ltr'>senatum</span> <span class='ocrx_word' id='word_1_120' title='bbox 871 1467 918 1497; x_wconf 91' lang='lat' dir='ltr'>le-</span> 
     </span>
     <span class='ocr_line' id='line_1_21' title="bbox 221 1516 920 1558; baseline -0.003 -9"><span class='ocrx_word' id='word_1_121' title='bbox 221 1523 342 1558; x_wconf 81' lang='lat' dir='ltr'>gentes</span> <span class='ocrx_word' id='word_1_122' title='bbox 393 1518 628 1558; x_wconf 83' lang='lat' dir='ltr'>praeteribant,</span> <span class='ocrx_word' id='word_1_123' title='bbox 678 1516 711 1547; x_wconf 90' lang='lat' dir='ltr'>in</span> <span class='ocrx_word' id='word_1_124' title='bbox 743 1517 920 1548; x_wconf 85' lang='lat' dir='ltr'>recitando</span> 
     </span>
     <span class='ocr_line' id='line_1_22' title="bbox 219 1567 920 1610; baseline -0.003 -10"><span class='ocrx_word' id='word_1_125' title='bbox 219 1578 284 1600; x_wconf 87' lang='lat' dir='ltr'>non</span> <span class='ocrx_word' id='word_1_126' title='bbox 313 1569 542 1610; x_wconf 84' lang='lat' dir='ltr'>appellabant,</span> <span class='ocrx_word' id='word_1_127' title='bbox 565 1567 795 1605; x_wconf 84' lang='lat' dir='ltr'>subticebant,</span> <span class='ocrx_word' id='word_1_128' title='bbox 821 1573 857 1599; x_wconf 90' lang='lat' dir='ltr'>et</span> <span class='ocrx_word' id='word_1_129' title='bbox 880 1577 920 1598; x_wconf 90' lang='lat' dir='ltr'>eo</span> 
     </span>
     <span class='ocr_line' id='line_1_23' title="bbox 220 1618 921 1651; baseline -0.001 -1"><span class='ocrx_word' id='word_1_130' title='bbox 220 1620 314 1651; x_wconf 84' lang='lat' dir='ltr'>velut</span> <span class='ocrx_word' id='word_1_131' title='bbox 331 1620 436 1651; x_wconf 80' lang='lat' dir='ltr'>tacito</span> <span class='ocrx_word' id='word_1_132' title='bbox 453 1619 577 1650; x_wconf 91' lang='lat' dir='ltr'>indicio</span> <span class='ocrx_word' id='word_1_133' title='bbox 594 1618 821 1649; x_wconf 85' lang='lat' dir='ltr'>censebantur</span> <span class='ocrx_word' id='word_1_134' title='bbox 845 1619 921 1650; x_wconf 87' lang='lat' dir='ltr'>loco</span> 
     </span>
     <span class='ocr_line' id='line_1_24' title="bbox 219 1669 922 1705; baseline -0.003 -3"><span class='ocrx_word' id='word_1_135' title='bbox 219 1671 316 1705; x_wconf 87' lang='lat' dir='ltr'>moti,</span> <span class='ocrx_word' id='word_1_136' title='bbox 333 1681 396 1702; x_wconf 89' lang='lat' dir='ltr'>nec</span> <span class='ocrx_word' id='word_1_137' title='bbox 412 1680 533 1701; x_wconf 87' lang='lat' dir='ltr'>nomen</span> <span class='ocrx_word' id='word_1_138' title='bbox 551 1679 664 1701; x_wconf 85' lang='lat' dir='ltr'>eorum</span> <span class='ocrx_word' id='word_1_139' title='bbox 691 1670 779 1701; x_wconf 88' lang='lat' dir='ltr'>ultra</span> <span class='ocrx_word' id='word_1_140' title='bbox 795 1669 828 1700; x_wconf 91' lang='lat' dir='ltr'>in</span> <span class='ocrx_word' id='word_1_141' title='bbox 845 1669 922 1700; x_wconf 88' lang='lat' dir='ltr'>albo</span> 
     </span>
     <span class='ocr_line' id='line_1_25' title="bbox 221 1721 533 1753; baseline -0.003 -1"><span class='ocrx_word' id='word_1_142' title='bbox 221 1726 426 1753; x_wconf 85' lang='lat' dir='ltr'>senatorum.</span> <span class='ocrx_word' id='word_1_143' title='bbox 452 1721 533 1751; x_wconf 83' lang='lat' dir='ltr'>Duc.</span> 
     </span>
    </p>

    <p class='ocr_par' dir='ltr' id='par_1_12' title="bbox 222 1770 921 1861">
     <span class='ocr_line' id='line_1_26' title="bbox 264 1770 921 1812; baseline -0.002 -10"><span class='ocrx_word' id='word_1_144' title='bbox 264 1770 277 1790; x_wconf 79' lang='lat' dir='ltr'>f</span> <span class='ocrx_word' id='word_1_145' title='bbox 297 1771 478 1811; x_wconf 79' lang='lat' dir='ltr'>Proetexta]</span> <span class='ocrx_word' id='word_1_146' title='bbox 503 1770 619 1802; x_wconf 73' lang='lat' dir='ltr'>Verba</span> <span class='ocrx_word' id='word_1_147' title='bbox 634 1770 728 1802; x_wconf 88' lang='lat' dir='ltr'>Festi</span> <span class='ocrx_word' id='word_1_148' title='bbox 753 1770 921 1812; x_wconf 86' lang='lat' dir='ltr'>interpre-</span> 
     </span>
     <span class='ocr_line' id='line_1_27' title="bbox 222 1821 717 1861; baseline -0.002 -8"><span class='ocrx_word' id='word_1_149' title='bbox 222 1827 290 1853; x_wconf 78' lang='lat' dir='ltr'>tem</span> <span class='ocrx_word' id='word_1_150' title='bbox 305 1821 512 1853; x_wconf 87' lang='lat' dir='ltr'>desiderant.</span> <span class='ocrx_word' id='word_1_151' title='bbox 538 1822 616 1853; x_wconf 82' lang='lat' dir='ltr'>Ant.</span> <span class='ocrx_word' id='word_1_152' title='bbox 633 1822 717 1861; x_wconf 76' lang='lat' dir='ltr'>Aug.</span> 
     </span>
    </p>

    <p class='ocr_par' dir='ltr' id='par_1_13' title="bbox 215 1870 931 2771">
     <span class='ocr_line' id='line_1_28' title="bbox 267 1870 924 1912; baseline -0.003 -8"><span class='ocrx_word' id='word_1_153' title='bbox 267 1872 446 1912; x_wconf 63' lang='lat' dir='ltr'>Praetexta]</span> <span class='ocrx_word' id='word_1_154' title='bbox 485 1870 603 1902; x_wconf 85' lang='lat' dir='ltr'>Infra:</span> <span class='ocrx_word' id='word_1_155' title='bbox 650 1872 816 1903; x_wconf 79' lang='lat' dir='ltr'>Praetexta</span> <span class='ocrx_word' id='word_1_156' title='bbox 844 1871 924 1902; x_wconf 76' lang='lat' dir='ltr'>nulli</span> 
     </span>
     <span class='ocr_line' id='line_1_29' title="bbox 224 1921 924 1963; baseline -0.004 -9"><span class='ocrx_word' id='word_1_157' title='bbox 224 1923 280 1954; x_wconf 82' lang='lat' dir='ltr'>ulii</span> <span class='ocrx_word' id='word_1_158' title='bbox 295 1922 404 1954; x_wconf 79' lang='lat' dir='ltr'>licebat</span> <span class='ocrx_word' id='word_1_159' title='bbox 419 1923 477 1959; x_wconf 79' lang='lat' dir='ltr'>uli,</span> <span class='ocrx_word' id='word_1_160' title='bbox 494 1932 586 1963; x_wconf 84' lang='lat' dir='ltr'>quam</span> <span class='ocrx_word' id='word_1_161' title='bbox 602 1922 642 1957; x_wconf 85' lang='lat' dir='ltr'>ei,</span> <span class='ocrx_word' id='word_1_162' title='bbox 660 1923 713 1962; x_wconf 81' lang='lat' dir='ltr'>qui</span> <span class='ocrx_word' id='word_1_163' title='bbox 729 1921 805 1960; x_wconf 76' lang='lat' dir='ltr'>jure</span> <span class='ocrx_word' id='word_1_164' title='bbox 828 1921 924 1952; x_wconf 71' lang='lat' dir='ltr'>alicu-</span> 
     </span>
     <span class='ocr_line' id='line_1_30' title="bbox 215 1972 926 2013; baseline -0.004 -8"><span class='ocrx_word' id='word_1_165' title='bbox 215 1975 270 2013; x_wconf 78' lang='lat' dir='ltr'>jus</span> <span class='ocrx_word' id='word_1_166' title='bbox 286 1973 490 2013; x_wconf 77' lang='lat' dir='ltr'>magistratus</span> <span class='ocrx_word' id='word_1_167' title='bbox 514 1973 648 2008; x_wconf 81' lang='lat' dir='ltr'>haberet,</span> <span class='ocrx_word' id='word_1_168' title='bbox 674 1976 703 2003; x_wconf 81' lang='lat' dir='ltr'>et</span> <span class='ocrx_word' id='word_1_169' title='bbox 719 1973 752 2003; x_wconf 84' lang='lat' dir='ltr'>in</span> <span class='ocrx_word' id='word_1_170' title='bbox 773 1973 835 2003; x_wconf 82' lang='lat' dir='ltr'>loco</span> <span class='ocrx_word' id='word_1_171' title='bbox 849 1972 926 2011; x_wconf 80' lang='lat' dir='ltr'>pub-</span> 
     </span>
     <span class='ocr_line' id='line_1_31' title="bbox 223 2023 926 2063; baseline -0.004 -7"><span class='ocrx_word' id='word_1_172' title='bbox 223 2025 280 2056; x_wconf 83' lang='lat' dir='ltr'>lico</span> <span class='ocrx_word' id='word_1_173' title='bbox 304 2026 390 2056; x_wconf 84' lang='lat' dir='ltr'>ludos</span> <span class='ocrx_word' id='word_1_174' title='bbox 410 2024 543 2063; x_wconf 79' lang='lat' dir='ltr'>faceret.</span> <span class='ocrx_word' id='word_1_175' title='bbox 588 2024 622 2054; x_wconf 77' lang='lat' dir='ltr'>Is</span> <span class='ocrx_word' id='word_1_176' title='bbox 635 2024 719 2055; x_wconf 84' lang='lat' dir='ltr'>enim</span> <span class='ocrx_word' id='word_1_177' title='bbox 754 2033 790 2054; x_wconf 84' lang='lat' dir='ltr'>ea</span> <span class='ocrx_word' id='word_1_178' title='bbox 813 2023 926 2059; x_wconf 79' lang='lat' dir='ltr'>ulitur,</span> 
     </span>
     <span class='ocr_line' id='line_1_32' title="bbox 224 2073 926 2114; baseline -0.004 -7"><span class='ocrx_word' id='word_1_179' title='bbox 224 2080 254 2107; x_wconf 78' lang='lat' dir='ltr'>et</span> <span class='ocrx_word' id='word_1_180' title='bbox 265 2076 398 2107; x_wconf 85' lang='lat' dir='ltr'>scribam</span> <span class='ocrx_word' id='word_1_181' title='bbox 410 2075 499 2106; x_wconf 79' lang='lat' dir='ltr'>habet</span> <span class='ocrx_word' id='word_1_182' title='bbox 509 2075 545 2106; x_wconf 91' lang='lat' dir='ltr'>ob</span> <span class='ocrx_word' id='word_1_183' title='bbox 557 2085 618 2110; x_wconf 84' lang='lat' dir='ltr'>eos,</span> <span class='ocrx_word' id='word_1_184' title='bbox 630 2084 704 2114; x_wconf 83' lang='lat' dir='ltr'>quos</span> <span class='ocrx_word' id='word_1_185' title='bbox 711 2073 810 2112; x_wconf 78' lang='lat' dir='ltr'>facit,</span> <span class='ocrx_word' id='word_1_186' title='bbox 826 2075 926 2104; x_wconf 77' lang='lat' dir='ltr'>ludos.</span> 
     </span>
     <span class='ocr_line' id='line_1_33' title="bbox 224 2125 927 2167; baseline -0.006 -8"><span class='ocrx_word' id='word_1_187' title='bbox 224 2127 302 2159; x_wconf 88' lang='lat' dir='ltr'>Huc</span> <span class='ocrx_word' id='word_1_188' title='bbox 319 2136 424 2167; x_wconf 89' lang='lat' dir='ltr'>usque</span> <span class='ocrx_word' id='word_1_189' title='bbox 442 2126 558 2157; x_wconf 89' lang='lat' dir='ltr'>videor</span> <span class='ocrx_word' id='word_1_190' title='bbox 571 2131 646 2157; x_wconf 90' lang='lat' dir='ltr'>tuto</span> <span class='ocrx_word' id='word_1_191' title='bbox 662 2125 817 2166; x_wconf 81' lang='lat' dir='ltr'>vestigiis</span> <span class='ocrx_word' id='word_1_192' title='bbox 832 2125 927 2156; x_wconf 83' lang='lat' dir='ltr'>Festi</span> 
     </span>
     <span class='ocr_line' id='line_1_34' title="bbox 223 2174 929 2216; baseline -0.003 -9"><span class='ocrx_word' id='word_1_193' title='bbox 223 2177 403 2207; x_wconf 84' lang='lat' dir='ltr'>insistere:</span> <span class='ocrx_word' id='word_1_194' title='bbox 443 2176 475 2206; x_wconf 89' lang='lat' dir='ltr'>in</span> <span class='ocrx_word' id='word_1_195' title='bbox 503 2175 642 2216; x_wconf 79' lang='lat' dir='ltr'>reliquis</span> <span class='ocrx_word' id='word_1_196' title='bbox 666 2174 834 2206; x_wconf 90' lang='lat' dir='ltr'>lubricum</span> <span class='ocrx_word' id='word_1_197' title='bbox 875 2180 929 2206; x_wconf 84' lang='lat' dir='ltr'>est</span> 
     </span>
     <span class='ocr_line' id='line_1_35' title="bbox 225 2225 930 2266; baseline -0.004 -8"><span class='ocrx_word' id='word_1_198' title='bbox 225 2227 304 2258; x_wconf 88' lang='lat' dir='ltr'>iter.</span> <span class='ocrx_word' id='word_1_199' title='bbox 351 2226 411 2257; x_wconf 92' lang='lat' dir='ltr'>Ait</span> <span class='ocrx_word' id='word_1_200' title='bbox 426 2226 508 2257; x_wconf 88' lang='lat' dir='ltr'>nulli</span> <span class='ocrx_word' id='word_1_201' title='bbox 525 2226 582 2256; x_wconf 90' lang='lat' dir='ltr'>alii</span> <span class='ocrx_word' id='word_1_202' title='bbox 599 2225 734 2256; x_wconf 80' lang='lat' dir='ltr'>licuisse</span> <span class='ocrx_word' id='word_1_203' title='bbox 760 2230 930 2266; x_wconf 82' lang='lat' dir='ltr'>praetexta</span> 
     </span>
     <span class='ocr_line' id='line_1_36' title="bbox 225 2276 931 2317; baseline -0.001 -9"><span class='ocrx_word' id='word_1_204' title='bbox 225 2278 288 2313; x_wconf 88' lang='lat' dir='ltr'>uti,</span> <span class='ocrx_word' id='word_1_205' title='bbox 305 2283 534 2317; x_wconf 65' lang='lat' dir='ltr'>praeterquam</span> <span class='ocrx_word' id='word_1_206' title='bbox 550 2277 593 2312; x_wconf 87' lang='lat' dir='ltr'>ei,</span> <span class='ocrx_word' id='word_1_207' title='bbox 622 2276 678 2317; x_wconf 90' lang='lat' dir='ltr'>qui</span> <span class='ocrx_word' id='word_1_208' title='bbox 695 2286 768 2306; x_wconf 76' lang='lat' dir='ltr'>earu</span> <span class='ocrx_word' id='word_1_209' title='bbox 787 2276 931 2307; x_wconf 87' lang='lat' dir='ltr'>haberet</span> 
     </span>
     <span class='ocr_line' id='line_1_37' title="bbox 221 2326 930 2369; baseline -0.003 -10"><span class='ocrx_word' id='word_1_210' title='bbox 221 2329 302 2369; x_wconf 88' lang='lat' dir='ltr'>jure</span> <span class='ocrx_word' id='word_1_211' title='bbox 323 2328 552 2368; x_wconf 78' lang='lat' dir='ltr'>magistratus,</span> <span class='ocrx_word' id='word_1_212' title='bbox 569 2331 604 2356; x_wconf 90' lang='lat' dir='ltr'>et</span> <span class='ocrx_word' id='word_1_213' title='bbox 631 2326 663 2356; x_wconf 89' lang='lat' dir='ltr'>in</span> <span class='ocrx_word' id='word_1_214' title='bbox 691 2326 768 2356; x_wconf 92' lang='lat' dir='ltr'>loco</span> <span class='ocrx_word' id='word_1_215' title='bbox 794 2326 930 2366; x_wconf 83' lang='lat' dir='ltr'>publico</span> 
     </span>
     <span class='ocr_line' id='line_1_38' title="bbox 225 2375 930 2409; baseline -0.004 -1"><span class='ocrx_word' id='word_1_216' title='bbox 225 2378 323 2409; x_wconf 90' lang='lat' dir='ltr'>ludos</span> <span class='ocrx_word' id='word_1_217' title='bbox 340 2376 482 2408; x_wconf 84' lang='lat' dir='ltr'>faceret.</span> <span class='ocrx_word' id='word_1_218' title='bbox 508 2375 606 2408; x_wconf 84' lang='lat' dir='ltr'>Quod</span> <span class='ocrx_word' id='word_1_219' title='bbox 621 2384 735 2406; x_wconf 87' lang='lat' dir='ltr'>verum</span> <span class='ocrx_word' id='word_1_220' title='bbox 752 2379 815 2406; x_wconf 86' lang='lat' dir='ltr'>est.</span> <span class='ocrx_word' id='word_1_221' title='bbox 842 2375 930 2406; x_wconf 89' lang='lat' dir='ltr'>Nam</span> 
     </span>
     <span class='ocr_line' id='line_1_39' title="bbox 228 2426 931 2469; baseline -0.006 -9"><span class='ocrx_word' id='word_1_222' title='bbox 228 2428 383 2469; x_wconf 83' lang='lat' dir='ltr'>magistri</span> <span class='ocrx_word' id='word_1_223' title='bbox 401 2427 631 2468; x_wconf 84' lang='lat' dir='ltr'>collegiorum,</span> <span class='ocrx_word' id='word_1_224' title='bbox 659 2431 695 2457; x_wconf 88' lang='lat' dir='ltr'>et</span> <span class='ocrx_word' id='word_1_225' title='bbox 711 2426 865 2465; x_wconf 82' lang='lat' dir='ltr'>magistri</span> <span class='ocrx_word' id='word_1_226' title='bbox 882 2426 931 2456; x_wconf 90' lang='lat' dir='ltr'>vi-</span> 
     </span>
     <span class='ocr_line' id='line_1_40' title="bbox 229 2478 929 2520; baseline -0.007 -8"><span class='ocrx_word' id='word_1_227' title='bbox 229 2490 356 2515; x_wconf 82' lang='lat' dir='ltr'>corum,</span> <span class='ocrx_word' id='word_1_228' title='bbox 385 2479 441 2520; x_wconf 86' lang='lat' dir='ltr'>qui</span> <span class='ocrx_word' id='word_1_229' title='bbox 476 2478 694 2518; x_wconf 84' lang='lat' dir='ltr'>magistratus</span> <span class='ocrx_word' id='word_1_230' title='bbox 721 2487 789 2508; x_wconf 86' lang='lat' dir='ltr'>non</span> <span class='ocrx_word' id='word_1_231' title='bbox 820 2481 929 2513; x_wconf 86' lang='lat' dir='ltr'>erant,</span> 
     </span>
     <span class='ocr_line' id='line_1_41' title="bbox 229 2529 931 2570; baseline -0.006 -8"><span class='ocrx_word' id='word_1_232' title='bbox 229 2532 326 2562; x_wconf 84' lang='lat' dir='ltr'>ludos</span> <span class='ocrx_word' id='word_1_233' title='bbox 344 2530 518 2561; x_wconf 88' lang='lat' dir='ltr'>faciebant</span> <span class='ocrx_word' id='word_1_234' title='bbox 536 2529 748 2570; x_wconf 77' lang='lat' dir='ltr'>praetextati,</span> <span class='ocrx_word' id='word_1_235' title='bbox 765 2533 931 2559; x_wconf 86' lang='lat' dir='ltr'>utnotum</span> 
     </span>
     <span class='ocr_line' id='line_1_42' title="bbox 230 2577 929 2614; baseline -0.006 -1"><span class='ocrx_word' id='word_1_236' title='bbox 230 2588 282 2613; x_wconf 87' lang='lat' dir='ltr'>est</span> <span class='ocrx_word' id='word_1_237' title='bbox 299 2591 340 2612; x_wconf 83' lang='lat' dir='ltr'>ex</span> <span class='ocrx_word' id='word_1_238' title='bbox 359 2581 448 2611; x_wconf 87' lang='lat' dir='ltr'>eain</span> <span class='ocrx_word' id='word_1_239' title='bbox 463 2579 635 2614; x_wconf 87' lang='lat' dir='ltr'>Pisonem,</span> <span class='ocrx_word' id='word_1_240' title='bbox 652 2584 687 2609; x_wconf 89' lang='lat' dir='ltr'>et</span> <span class='ocrx_word' id='word_1_241' title='bbox 702 2587 744 2608; x_wconf 84' lang='lat' dir='ltr'>ex</span> <span class='ocrx_word' id='word_1_242' title='bbox 768 2577 929 2613; x_wconf 81' lang='lat' dir='ltr'>Asconio,</span> 
     </span>
     <span class='ocr_line' id='line_1_43' title="bbox 231 2628 931 2665; baseline -0.009 -1"><span class='ocrx_word' id='word_1_243' title='bbox 231 2634 313 2665; x_wconf 87' lang='lat' dir='ltr'>item</span> <span class='ocrx_word' id='word_1_244' title='bbox 340 2642 383 2663; x_wconf 88' lang='lat' dir='ltr'>ex</span> <span class='ocrx_word' id='word_1_245' title='bbox 408 2630 503 2662; x_wconf 89' lang='lat' dir='ltr'>Livio</span> <span class='ocrx_word' id='word_1_246' title='bbox 526 2630 612 2660; x_wconf 87' lang='lat' dir='ltr'>libro</span> <span class='ocrx_word' id='word_1_247' title='bbox 637 2637 743 2660; x_wconf 72' lang='lat' dir='ltr'>xxxx.</span> <span class='ocrx_word' id='word_1_248' title='bbox 788 2628 931 2659; x_wconf 85' lang='lat' dir='ltr'>Tribuni</span> 
     </span>
     <span class='ocr_line' id='line_1_44' title="bbox 232 2678 931 2723; baseline -0.006 -10"><span class='ocrx_word' id='word_1_249' title='bbox 232 2683 353 2723; x_wconf 84' lang='lat' dir='ltr'>plebis,</span> <span class='ocrx_word' id='word_1_250' title='bbox 370 2685 511 2712; x_wconf 87' lang='lat' dir='ltr'>auctore</span> <span class='ocrx_word' id='word_1_251' title='bbox 528 2678 727 2714; x_wconf 83' lang='lat' dir='ltr'>Plutarcho,</span> <span class='ocrx_word' id='word_1_252' title='bbox 758 2683 931 2719; x_wconf 84' lang='lat' dir='ltr'>praetexta</span> 
     </span>
     <span class='ocr_line' id='line_1_45' title="bbox 233 2728 931 2771; baseline -0.009 -6"><span class='ocrx_word' id='word_1_253' title='bbox 233 2742 298 2766; x_wconf 91' lang='lat' dir='ltr'>non</span> <span class='ocrx_word' id='word_1_254' title='bbox 315 2732 519 2765; x_wconf 82' lang='lat' dir='ltr'>utebantur:</span> <span class='ocrx_word' id='word_1_255' title='bbox 544 2735 638 2771; x_wconf 77' lang='lat' dir='ltr'>puto,</span> <span class='ocrx_word' id='word_1_256' title='bbox 656 2729 736 2771; x_wconf 85' lang='lat' dir='ltr'>quia</span> <span class='ocrx_word' id='word_1_257' title='bbox 751 2728 849 2760; x_wconf 84' lang='lat' dir='ltr'>ludos</span> <span class='ocrx_word' id='word_1_258' title='bbox 865 2738 931 2760; x_wconf 91' lang='lat' dir='ltr'>non</span> 
     </span>
    </p>
   </div>
   <div class='ocr_carea' id='block_1_12' title="bbox 973 1358 1694 2758">
    <p class='ocr_par' dir='ltr' id='par_1_14' title="bbox 973 1358 1694 2758">
     <span class='ocr_line' id='line_1_46' title="bbox 973 1358 1675 1404; baseline -0.011 -8"><span class='ocrx_word' id='word_1_259' title='bbox 973 1364 1160 1395; x_wconf 84' lang='lat' dir='ltr'>faciebant.</span> <span class='ocrx_word' id='word_1_260' title='bbox 1205 1361 1391 1404; x_wconf 80' lang='lat' dir='ltr'>Sequentia</span> <span class='ocrx_word' id='word_1_261' title='bbox 1408 1360 1483 1401; x_wconf 87' lang='lat' dir='ltr'>plus</span> <span class='ocrx_word' id='word_1_262' title='bbox 1502 1358 1608 1390; x_wconf 86' lang='lat' dir='ltr'>minus</span> <span class='ocrx_word' id='word_1_263' title='bbox 1625 1358 1675 1389; x_wconf 80' lang='lat' dir='ltr'>ita</span> 
     </span>
     <span class='ocr_line' id='line_1_47' title="bbox 973 1408 1671 1453; baseline -0.01 -8"><span class='ocrx_word' id='word_1_264' title='bbox 973 1414 1161 1445; x_wconf 86' lang='lat' dir='ltr'>habuerunt</span> <span class='ocrx_word' id='word_1_265' title='bbox 1178 1423 1185 1443; x_wconf 92' lang='lat'>:</span> <span class='ocrx_word' id='word_1_266' title='bbox 1206 1413 1286 1444; x_wconf 78' lang='lat' dir='ltr'>Item</span> <span class='ocrx_word' id='word_1_267' title='bbox 1300 1414 1454 1453; x_wconf 76' lang='lat' dir='ltr'>proeteaeta</span> <span class='ocrx_word' id='word_1_268' title='bbox 1475 1408 1671 1442; x_wconf 76' lang='lat' dir='ltr'>Consulibus,</span> 
     </span>
     <span class='ocr_line' id='line_1_48' title="bbox 973 1460 1673 1503; baseline -0.013 -7"><span class='ocrx_word' id='word_1_269' title='bbox 973 1468 1003 1496; x_wconf 81' lang='lat' dir='ltr'>et</span> <span class='ocrx_word' id='word_1_270' title='bbox 1021 1464 1216 1495; x_wconf 83' lang='lat' dir='ltr'>Proetorz‘bus</span> <span class='ocrx_word' id='word_1_271' title='bbox 1231 1467 1303 1494; x_wconf 78' lang='lat' dir='ltr'>vota</span> <span class='ocrx_word' id='word_1_272' title='bbox 1319 1463 1458 1503; x_wconf 80' lang='lat' dir='ltr'>quoedam</span> <span class='ocrx_word' id='word_1_273' title='bbox 1473 1461 1509 1491; x_wconf 84' lang='lat' dir='ltr'>ob</span> <span class='ocrx_word' id='word_1_274' title='bbox 1524 1460 1673 1499; x_wconf 82' lang='lat' dir='ltr'>ignoran-</span> 
     </span>
     <span class='ocr_line' id='line_1_49' title="bbox 975 1508 1677 1550; baseline -0.011 -4"><span class='ocrx_word' id='word_1_275' title='bbox 975 1516 1052 1546; x_wconf 79' lang='lat' dir='ltr'>tiam</span> <span class='ocrx_word' id='word_1_276' title='bbox 1076 1523 1234 1545; x_wconf 81' lang='lat' dir='ltr'>sacrorum</span> <span class='ocrx_word' id='word_1_277' title='bbox 1254 1522 1402 1544; x_wconf 78' lang='lat' dir='ltr'>novorum</span> <span class='ocrx_word' id='word_1_278' title='bbox 1427 1508 1677 1550; x_wconf 74' lang='lat' dir='ltr'>nuncupantibus</span> 
     </span>
     <span class='ocr_line' id='line_1_50' title="bbox 975 1558 1679 1597; baseline -0.013 0"><span class='ocrx_word' id='word_1_279' title='bbox 975 1567 1082 1597; x_wconf 76' lang='lat' dir='ltr'>datum</span> <span class='ocrx_word' id='word_1_280' title='bbox 1109 1568 1153 1596; x_wconf 81' lang='lat' dir='ltr'>est</span> <span class='ocrx_word' id='word_1_281' title='bbox 1169 1564 1234 1595; x_wconf 79' lang='lat' dir='ltr'>uti:</span> <span class='ocrx_word' id='word_1_282' title='bbox 1268 1563 1344 1594; x_wconf 83' lang='lat' dir='ltr'>item</span> <span class='ocrx_word' id='word_1_283' title='bbox 1369 1565 1473 1593; x_wconf 79' lang='lat' dir='ltr'>votum</span> <span class='ocrx_word' id='word_1_284' title='bbox 1492 1558 1679 1591; x_wconf 74' lang='lat' dir='ltr'>solventibus</span> 
     </span>
     <span class='ocr_line' id='line_1_51' title="bbox 975 1612 1678 1656; baseline -0.01 -9"><span class='ocrx_word' id='word_1_285' title='bbox 975 1616 1112 1656; x_wconf 81' lang='lat' dir='ltr'>aliquod.</span> <span class='ocrx_word' id='word_1_286' title='bbox 1157 1615 1239 1646; x_wconf 81' lang='lat' dir='ltr'>Item</span> <span class='ocrx_word' id='word_1_287' title='bbox 1270 1614 1413 1645; x_wconf 77' lang='lat' dir='ltr'>Valerius</span> <span class='ocrx_word' id='word_1_288' title='bbox 1436 1612 1564 1643; x_wconf 78' lang='lat' dir='ltr'>vicanus</span> <span class='ocrx_word' id='word_1_289' title='bbox 1588 1614 1678 1641; x_wconf 80' lang='lat' dir='ltr'>utens</span> 
     </span>
     <span class='ocr_line' id='line_1_52' title="bbox 974 1661 1676 1708; baseline -0.009 -10"><span class='ocrx_word' id='word_1_290' title='bbox 974 1677 1053 1708; x_wconf 77' lang='lat' dir='ltr'>pura</span> <span class='ocrx_word' id='word_1_291' title='bbox 1069 1677 1109 1698; x_wconf 81' lang='lat' dir='ltr'>ex</span> <span class='ocrx_word' id='word_1_292' title='bbox 1125 1666 1158 1698; x_wconf 88' lang='lat' dir='ltr'>S.</span> <span class='ocrx_word' id='word_1_293' title='bbox 1177 1666 1311 1697; x_wconf 80' lang='lat' dir='ltr'>Senatus</span> <span class='ocrx_word' id='word_1_294' title='bbox 1326 1664 1515 1705; x_wconf 78' lang='lat' dir='ltr'>improbatus</span> <span class='ocrx_word' id='word_1_295' title='bbox 1528 1666 1586 1694; x_wconf 85' lang='lat' dir='ltr'>est.</span> <span class='ocrx_word' id='word_1_296' title='bbox 1618 1661 1676 1692; x_wconf 85' lang='lat' dir='ltr'>Vi-</span> 
     </span>
     <span class='ocr_line' id='line_1_53' title="bbox 976 1716 1680 1755; baseline -0.01 -7"><span class='ocrx_word' id='word_1_297' title='bbox 976 1717 1075 1749; x_wconf 82' lang='lat' dir='ltr'>detur</span> <span class='ocrx_word' id='word_1_298' title='bbox 1091 1716 1176 1747; x_wconf 86' lang='lat' dir='ltr'>velle</span> <span class='ocrx_word' id='word_1_299' title='bbox 1193 1717 1315 1747; x_wconf 82' lang='lat' dir='ltr'>Festus</span> <span class='ocrx_word' id='word_1_300' title='bbox 1333 1725 1428 1746; x_wconf 86' lang='lat' dir='ltr'>usum</span> <span class='ocrx_word' id='word_1_301' title='bbox 1445 1722 1606 1755; x_wconf 62' lang='lat' dir='ltr'>purpurae</span> <span class='ocrx_word' id='word_1_302' title='bbox 1627 1720 1680 1742; x_wconf 88' lang='lat' dir='ltr'>sa-</span> 
     </span>
     <span class='ocr_line' id='line_1_54' title="bbox 977 1764 1680 1806; baseline -0.007 -8"><span class='ocrx_word' id='word_1_303' title='bbox 977 1777 1071 1799; x_wconf 87' lang='lat' dir='ltr'>crum</span> <span class='ocrx_word' id='word_1_304' title='bbox 1088 1766 1209 1798; x_wconf 84' lang='lat' dir='ltr'>fuisse:</span> <span class='ocrx_word' id='word_1_305' title='bbox 1236 1766 1313 1797; x_wconf 87' lang='lat' dir='ltr'>ideo</span> <span class='ocrx_word' id='word_1_306' title='bbox 1329 1764 1584 1806; x_wconf 82' lang='lat' dir='ltr'>magistratibus</span> <span class='ocrx_word' id='word_1_307' title='bbox 1602 1772 1680 1794; x_wconf 90' lang='lat' dir='ltr'>con-</span> 
     </span>
     <span class='ocr_line' id='line_1_55' title="bbox 979 1814 1680 1857; baseline -0.009 -8"><span class='ocrx_word' id='word_1_308' title='bbox 979 1827 1124 1854; x_wconf 87' lang='lat' dir='ltr'>cessum,</span> <span class='ocrx_word' id='word_1_309' title='bbox 1151 1826 1217 1848; x_wconf 87' lang='lat' dir='ltr'>non</span> <span class='ocrx_word' id='word_1_310' title='bbox 1239 1821 1307 1847; x_wconf 83' lang='lat' dir='ltr'>tam</span> <span class='ocrx_word' id='word_1_311' title='bbox 1334 1817 1414 1857; x_wconf 85' lang='lat' dir='ltr'>jure</span> <span class='ocrx_word' id='word_1_312' title='bbox 1450 1814 1680 1855; x_wconf 76' lang='lat' dir='ltr'>magistratus,</span> 
     </span>
     <span class='ocr_line' id='line_1_56' title="bbox 979 1863 1680 1899; baseline -0.007 0"><span class='ocrx_word' id='word_1_313' title='bbox 979 1878 1055 1899; x_wconf 85' lang='lat' dir='ltr'>nam</span> <span class='ocrx_word' id='word_1_314' title='bbox 1082 1872 1118 1899; x_wconf 90' lang='lat' dir='ltr'>et</span> <span class='ocrx_word' id='word_1_315' title='bbox 1148 1866 1308 1898; x_wconf 83' lang='lat' dir='ltr'>Tribunis</span> <span class='ocrx_word' id='word_1_316' title='bbox 1337 1875 1518 1897; x_wconf 87' lang='lat' dir='ltr'>concessus</span> <span class='ocrx_word' id='word_1_317' title='bbox 1547 1863 1680 1898; x_wconf 86' lang='lat' dir='ltr'>fuisset,</span> 
     </span>
     <span class='ocr_line' id='line_1_57' title="bbox 980 1916 1684 1959; baseline -0.006 -11"><span class='ocrx_word' id='word_1_318' title='bbox 980 1927 1080 1959; x_wconf 86' lang='lat' dir='ltr'>quam</span> <span class='ocrx_word' id='word_1_319' title='bbox 1117 1916 1274 1948; x_wconf 89' lang='lat' dir='ltr'>ludorum</span> <span class='ocrx_word' id='word_1_320' title='bbox 1313 1920 1349 1947; x_wconf 86' lang='lat' dir='ltr'>et</span> <span class='ocrx_word' id='word_1_321' title='bbox 1385 1919 1538 1947; x_wconf 85' lang='lat' dir='ltr'>votorum</span> <span class='ocrx_word' id='word_1_322' title='bbox 1569 1924 1684 1946; x_wconf 85' lang='lat' dir='ltr'>causa.</span> 
     </span>
     <span class='ocr_line' id='line_1_58' title="bbox 981 1964 1684 2002; baseline -0.007 -2"><span class='ocrx_word' id='word_1_323' title='bbox 981 1970 1048 2000; x_wconf 89' lang='lat' dir='ltr'>Res</span> <span class='ocrx_word' id='word_1_324' title='bbox 1065 1968 1152 2000; x_wconf 87' lang='lat' dir='ltr'>enim</span> <span class='ocrx_word' id='word_1_325' title='bbox 1170 1977 1275 1999; x_wconf 86' lang='lat' dir='ltr'>sacrae</span> <span class='ocrx_word' id='word_1_326' title='bbox 1292 1966 1376 2002; x_wconf 87' lang='lat' dir='ltr'>ludi,</span> <span class='ocrx_word' id='word_1_327' title='bbox 1397 1971 1433 1997; x_wconf 89' lang='lat' dir='ltr'>et</span> <span class='ocrx_word' id='word_1_328' title='bbox 1459 1971 1550 1997; x_wconf 84' lang='lat' dir='ltr'>vota.</span> <span class='ocrx_word' id='word_1_329' title='bbox 1597 1964 1684 1995; x_wconf 87' lang='lat' dir='ltr'>Ideo</span> 
     </span>
     <span class='ocr_line' id='line_1_59' title="bbox 981 2016 1685 2056; baseline -0.007 -5"><span class='ocrx_word' id='word_1_330' title='bbox 981 2020 1023 2051; x_wconf 90' lang='lat' dir='ltr'>ob</span> <span class='ocrx_word' id='word_1_331' title='bbox 1039 2019 1134 2050; x_wconf 91' lang='lat' dir='ltr'>ludos</span> <span class='ocrx_word' id='word_1_332' title='bbox 1150 2018 1335 2049; x_wconf 86' lang='lat' dir='ltr'>utebantur</span> <span class='ocrx_word' id='word_1_333' title='bbox 1352 2017 1492 2052; x_wconf 84' lang='lat' dir='ltr'>AEdiles,</span> <span class='ocrx_word' id='word_1_334' title='bbox 1510 2020 1545 2047; x_wconf 91' lang='lat' dir='ltr'>et</span> <span class='ocrx_word' id='word_1_335' title='bbox 1561 2016 1685 2056; x_wconf 82' lang='lat' dir='ltr'>magis·</span> 
     </span>
     <span class='ocr_line' id='line_1_60' title="bbox 982 2066 1684 2109; baseline -0.007 -8"><span class='ocrx_word' id='word_1_336' title='bbox 982 2070 1026 2101; x_wconf 91' lang='lat' dir='ltr'>tri</span> <span class='ocrx_word' id='word_1_337' title='bbox 1041 2068 1272 2109; x_wconf 83' lang='lat' dir='ltr'>collegiorum,</span> <span class='ocrx_word' id='word_1_338' title='bbox 1290 2067 1332 2099; x_wconf 91' lang='lat' dir='ltr'>ob</span> <span class='ocrx_word' id='word_1_339' title='bbox 1350 2072 1429 2098; x_wconf 85' lang='lat' dir='ltr'>vota</span> <span class='ocrx_word' id='word_1_340' title='bbox 1445 2066 1622 2101; x_wconf 83' lang='lat' dir='ltr'>Consules,</span> <span class='ocrx_word' id='word_1_341' title='bbox 1648 2070 1684 2097; x_wconf 86' lang='lat' dir='ltr'>et</span> 
     </span>
     <span class='ocr_line' id='line_1_61' title="bbox 983 2117 1685 2158; baseline -0.009 -6"><span class='ocrx_word' id='word_1_342' title='bbox 983 2122 1166 2152; x_wconf 68' lang='lat' dir='ltr'>Praetores.</span> <span class='ocrx_word' id='word_1_343' title='bbox 1212 2119 1300 2150; x_wconf 88' lang='lat' dir='ltr'>Vota</span> <span class='ocrx_word' id='word_1_344' title='bbox 1324 2117 1393 2153; x_wconf 87' lang='lat' dir='ltr'>illa,</span> <span class='ocrx_word' id='word_1_345' title='bbox 1409 2126 1484 2158; x_wconf 75' lang='lat' dir='ltr'>quae</span> <span class='ocrx_word' id='word_1_346' title='bbox 1514 2125 1685 2156; x_wconf 89' lang='lat' dir='ltr'>nuncupa-</span> 
     </span>
     <span class='ocr_line' id='line_1_62' title="bbox 983 2166 1684 2206; baseline -0.007 -5"><span class='ocrx_word' id='word_1_347' title='bbox 983 2171 1108 2201; x_wconf 87' lang='lat' dir='ltr'>bantur</span> <span class='ocrx_word' id='word_1_348' title='bbox 1134 2169 1177 2200; x_wconf 91' lang='lat' dir='ltr'>ob</span> <span class='ocrx_word' id='word_1_349' title='bbox 1203 2178 1374 2199; x_wconf 88' lang='lat' dir='ltr'>sacrorum</span> <span class='ocrx_word' id='word_1_350' title='bbox 1396 2176 1559 2198; x_wconf 87' lang='lat' dir='ltr'>novorum</span> <span class='ocrx_word' id='word_1_351' title='bbox 1588 2166 1684 2206; x_wconf 87' lang='lat' dir='ltr'>igno-</span> 
     </span>
     <span class='ocr_line' id='line_1_63' title="bbox 985 2216 1687 2258; baseline -0.009 -6"><span class='ocrx_word' id='word_1_352' title='bbox 985 2221 1141 2255; x_wconf 81' lang='lat' dir='ltr'>rantiam,</span> <span class='ocrx_word' id='word_1_353' title='bbox 1159 2218 1320 2250; x_wconf 82' lang='lat' dir='ltr'>videntur</span> <span class='ocrx_word' id='word_1_354' title='bbox 1348 2227 1436 2251; x_wconf 84' lang='lat' dir='ltr'>esse,</span> <span class='ocrx_word' id='word_1_355' title='bbox 1461 2227 1535 2258; x_wconf 84' lang='lat' dir='ltr'>quae</span> <span class='ocrx_word' id='word_1_356' title='bbox 1563 2216 1687 2247; x_wconf 85' lang='lat' dir='ltr'>Consul</span> 
     </span>
     <span class='ocr_line' id='line_1_64' title="bbox 986 2266 1684 2307; baseline -0.01 -4"><span class='ocrx_word' id='word_1_357' title='bbox 986 2276 1044 2303; x_wconf 85' lang='lat' dir='ltr'>ant</span> <span class='ocrx_word' id='word_1_358' title='bbox 1072 2272 1209 2302; x_wconf 75' lang='lat' dir='ltr'>Praetor</span> <span class='ocrx_word' id='word_1_359' title='bbox 1229 2268 1387 2303; x_wconf 86' lang='lat' dir='ltr'>vovebat,</span> <span class='ocrx_word' id='word_1_360' title='bbox 1409 2267 1435 2297; x_wconf 87' lang='lat' dir='ltr'>si</span> <span class='ocrx_word' id='word_1_361' title='bbox 1463 2266 1544 2307; x_wconf 87' lang='lat' dir='ltr'>quid</span> <span class='ocrx_word' id='word_1_362' title='bbox 1575 2267 1684 2297; x_wconf 85' lang='lat' dir='ltr'>minus</span> 
     </span>
     <span class='ocr_line' id='line_1_65' title="bbox 985 2317 1690 2361; baseline -0.01 -7"><span class='ocrx_word' id='word_1_363' title='bbox 985 2324 1049 2354; x_wconf 87' lang='lat' dir='ltr'>rite</span> <span class='ocrx_word' id='word_1_364' title='bbox 1073 2327 1107 2353; x_wconf 92' lang='lat' dir='ltr'>et</span> <span class='ocrx_word' id='word_1_365' title='bbox 1138 2331 1200 2361; x_wconf 87' lang='lat' dir='ltr'>per</span> <span class='ocrx_word' id='word_1_366' title='bbox 1227 2319 1455 2361; x_wconf 83' lang='lat' dir='ltr'>ignorantiam</span> <span class='ocrx_word' id='word_1_367' title='bbox 1475 2317 1690 2349; x_wconf 84' lang='lat' dir='ltr'>committens</span> 
     </span>
     <span class='ocr_line' id='line_1_66' title="bbox 985 2368 1685 2412; baseline -0.01 -8"><span class='ocrx_word' id='word_1_368' title='bbox 985 2383 1105 2405; x_wconf 88' lang='lat' dir='ltr'>novam</span> <span class='ocrx_word' id='word_1_369' title='bbox 1126 2371 1322 2412; x_wconf 83' lang='lat' dir='ltr'>religionem</span> <span class='ocrx_word' id='word_1_370' title='bbox 1340 2368 1581 2400; x_wconf 85' lang='lat' dir='ltr'>contraxisset.</span> <span class='ocrx_word' id='word_1_371' title='bbox 1626 2368 1685 2398; x_wconf 94' lang='lat' dir='ltr'>Vi-</span> 
     </span>
     <span class='ocr_line' id='line_1_67' title="bbox 985 2418 1688 2459; baseline -0.009 -4"><span class='ocrx_word' id='word_1_372' title='bbox 985 2434 1103 2455; x_wconf 86' lang='lat' dir='ltr'>canum</span> <span class='ocrx_word' id='word_1_373' title='bbox 1138 2423 1273 2453; x_wconf 80' lang='lat' dir='ltr'>videtur</span> <span class='ocrx_word' id='word_1_374' title='bbox 1301 2429 1423 2451; x_wconf 84' lang='lat' dir='ltr'>vocare</span> <span class='ocrx_word' id='word_1_375' title='bbox 1463 2420 1528 2450; x_wconf 92' lang='lat' dir='ltr'>vici</span> <span class='ocrx_word' id='word_1_376' title='bbox 1564 2418 1688 2459; x_wconf 84' lang='lat' dir='ltr'>magis-</span> 
     </span>
     <span class='ocr_line' id='line_1_68' title="bbox 986 2469 1691 2510; baseline -0.011 -4"><span class='ocrx_word' id='word_1_377' title='bbox 986 2480 1099 2506; x_wconf 85' lang='lat' dir='ltr'>trum:</span> <span class='ocrx_word' id='word_1_378' title='bbox 1124 2483 1167 2504; x_wconf 84' lang='lat' dir='ltr'>ex</span> <span class='ocrx_word' id='word_1_379' title='bbox 1194 2471 1367 2503; x_wconf 79' lang='lat' dir='ltr'>sententia</span> <span class='ocrx_word' id='word_1_380' title='bbox 1391 2473 1531 2501; x_wconf 87' lang='lat' dir='ltr'>senatus</span> <span class='ocrx_word' id='word_1_381' title='bbox 1566 2469 1691 2510; x_wconf 87' lang='lat' dir='ltr'>impro-</span> 
     </span>
     <span class='ocr_line' id='line_1_69' title="bbox 985 2519 1687 2564; baseline -0.011 -8"><span class='ocrx_word' id='word_1_382' title='bbox 985 2525 1102 2556; x_wconf 82' lang='lat' dir='ltr'>batum</span> <span class='ocrx_word' id='word_1_383' title='bbox 1120 2524 1166 2554; x_wconf 84' lang='lat' dir='ltr'>ait</span> <span class='ocrx_word' id='word_1_384' title='bbox 1183 2521 1273 2564; x_wconf 90' lang='lat' dir='ltr'>quod</span> <span class='ocrx_word' id='word_1_385' title='bbox 1290 2522 1323 2552; x_wconf 91' lang='lat' dir='ltr'>in</span> <span class='ocrx_word' id='word_1_386' title='bbox 1341 2530 1425 2561; x_wconf 87' lang='lat' dir='ltr'>pura</span> <span class='ocrx_word' id='word_1_387' title='bbox 1442 2524 1534 2559; x_wconf 83' lang='lat' dir='ltr'>toga,</span> <span class='ocrx_word' id='word_1_388' title='bbox 1561 2528 1628 2550; x_wconf 90' lang='lat' dir='ltr'>non</span> <span class='ocrx_word' id='word_1_389' title='bbox 1654 2519 1687 2549; x_wconf 89' lang='lat' dir='ltr'>in</span> 
     </span>
     <span class='ocr_line' id='line_1_70' title="bbox 987 2568 1694 2615; baseline -0.01 -9"><span class='ocrx_word' id='word_1_390' title='bbox 987 2578 1156 2615; x_wconf 75' lang='lat' dir='ltr'>praetexta</span> <span class='ocrx_word' id='word_1_391' title='bbox 1177 2572 1274 2603; x_wconf 83' lang='lat' dir='ltr'>ludos</span> <span class='ocrx_word' id='word_1_392' title='bbox 1313 2570 1566 2611; x_wconf 85' lang='lat' dir='ltr'>Compitalitios</span> <span class='ocrx_word' id='word_1_393' title='bbox 1600 2568 1694 2600; x_wconf 84' lang='lat' dir='ltr'>face-</span> 
     </span>
     <span class='ocr_line' id='line_1_71' title="bbox 987 2618 1689 2662; baseline -0.014 -5"><span class='ocrx_word' id='word_1_394' title='bbox 987 2631 1054 2657; x_wconf 88' lang='lat' dir='ltr'>ret.</span> <span class='ocrx_word' id='word_1_395' title='bbox 1097 2625 1156 2656; x_wconf 90' lang='lat' dir='ltr'>Ita</span> <span class='ocrx_word' id='word_1_396' title='bbox 1180 2623 1267 2654; x_wconf 88' lang='lat' dir='ltr'>euim</span> <span class='ocrx_word' id='word_1_397' title='bbox 1295 2625 1380 2662; x_wconf 86' lang='lat' dir='ltr'>puto</span> <span class='ocrx_word' id='word_1_398' title='bbox 1408 2621 1549 2651; x_wconf 84' lang='lat' dir='ltr'>Festum</span> <span class='ocrx_word' id='word_1_399' title='bbox 1583 2618 1689 2658; x_wconf 85' lang='lat' dir='ltr'>scrip-</span> 
     </span>
     <span class='ocr_line' id='line_1_72' title="bbox 985 2670 1687 2713; baseline -0.014 -5"><span class='ocrx_word' id='word_1_400' title='bbox 985 2677 1078 2711; x_wconf 84' lang='lat' dir='ltr'>sisse,</span> <span class='ocrx_word' id='word_1_401' title='bbox 1090 2686 1129 2706; x_wconf 79' lang='lat' dir='ltr'>ex</span> <span class='ocrx_word' id='word_1_402' title='bbox 1140 2675 1177 2705; x_wconf 79' lang='lat' dir='ltr'>S.</span> <span class='ocrx_word' id='word_1_403' title='bbox 1188 2674 1340 2713; x_wconf 78' lang='lat' dir='ltr'>Senatus,</span> <span class='ocrx_word' id='word_1_404' title='bbox 1358 2670 1446 2713; x_wconf 90' lang='lat' dir='ltr'>quod</span> <span class='ocrx_word' id='word_1_405' title='bbox 1463 2671 1687 2709; x_wconf 79' lang='lat' dir='ltr'>interpretor,</span> 
     </span>
     <span class='ocr_line' id='line_1_73' title="bbox 986 2720 1586 2758; baseline -0.01 1"><span class='ocrx_word' id='word_1_406' title='bbox 986 2737 1027 2758; x_wconf 84' lang='lat' dir='ltr'>ex</span> <span class='ocrx_word' id='word_1_407' title='bbox 1041 2725 1221 2758; x_wconf 82' lang='lat' dir='ltr'>Sententia</span> <span class='ocrx_word' id='word_1_408' title='bbox 1234 2724 1393 2756; x_wconf 80' lang='lat' dir='ltr'>Senatus.</span> <span class='ocrx_word' id='word_1_409' title='bbox 1417 2722 1487 2753; x_wconf 77' lang='lat' dir='ltr'>Jos.</span> <span class='ocrx_word' id='word_1_410' title='bbox 1503 2720 1586 2753; x_wconf 70' lang='grc' dir='ltr'>8σαὶ.</span> 
     </span>
    </p>
   </div>
  </div>
 </body>
</html>
