1835 2906
179 2609 184 2616 ·
229 2598 367 2629 Sueton.
405 2597 575 2628 ‘Galerus

420 147 478 176 DE
512 146 782 176 VERBORUM
817 145 1221 179 SIGNIFICATIONE
1257 149 1347 180 121ss.
1382 151 1491 180 xlv.

1603 143 1687 184 573

302 248 445 282 GITO.s
475 252 519 284 SI
543 252 757 292 TANGET,
776 242 971 283 JUNONI
995 252 1233 285 CRINIBUS
1255 256 1487 287 DEMISSIS
1506 256 1683 290 AGNUM

303 320 545 349 FOEMINAM
570 320 780 350 GAEDITO.

242 376 653 418 Pelliculationem‘
673 376 782 417 Cato
804 389 830 417 a
851 376 1113 430 pelliciendo
1135 377 1263 420 dixit.

242 443 615 486 Pelliculationem
633 459 709 499 pro
729 443 995 486 inductionem
1018 459 1042 485 a
1061 445 1320 499 pelliciendo,
1342 448 1463 501 quod
1518 450 1683 503 [FES'r.

297 511 537 553 inducendo
567 519 636 562 est,
672 510 777 553 dixit
808 512 911 554 Cato
932 513 973 553 in
994 528 1039 554 ea
1062 513 1244 554 oratione
1263 528 1393 568 quam
1414 516 1596 570 scripsit
1616 518 1682 559 de.

241 646 455 688 Pellicum
472 652 505 670 ¹0
534 611 761 700 galerum,¹¹
792 649 894 702 quia
914 647 1051 691 fiebat
1070 662 1126 690 ex
1146 650 1274 702 pelle.

1506 652 1684 705 [PAUL.

241 714 490 765 Pelluviae,²<
525 716 689 769 quibus
731 716 869 770 pedes
905 716 1119 768 lavantur,
1159 723 1211 759 ut
1245 718 1484 769 malluviae,
1520 719 1681 773 quibus

296 794 469 825 manus.

240 847 405 900 Pelta,y
436 863 574 903 genus
597 852 724 893 scuti.

238 915 456 958 Penates²
486 919 565 960 alii
599 920 768 969 volunt,
802 925 852 961 ut
887 920 1045 963 habeat
1077 922 1392 964 nominativum
1422 922 1682 976 singularem

295 998 437 1038 penas
455 999 465 1027 ε
498 987 573 1028 alii
595 989 789 1041 penatis.

237 1051 421 1094 Penatis
442 1054 711 1107 singulariter
734 1056 887 1098 Labeo
909 1056 1135 1098 Antistius
1158 1070 1287 1111 posse
1307 1057 1395 1099 dici
1415 1069 1492 1110 pu·
1513 1057 1682 1110 [FEST.

292 1124 372 1171 tat,
395 1123 499 1175 quia
519 1124 748 1176 pluraliter
770 1129 951 1177 penates
982 1125 1194 1174 dicantur,
1226 1138 1326 1166 cum
1358 1125 1549 1178 patiatur
1578 1138 1682 1178 pro—

292 1190 437 1242 portio
452 1195 482 1214 ¹¹
511 1192 643 1232 etiam
665 1205 804 1244 penas
827 1192 931 1243 dici,
952 1197 1001 1234 ut
1022 1193 1227 1246 optimas,
1248 1192 1427 1246 primas,
1448 1190 1624 1232 Antias.

235 1255 492 1309 Penatores,
516 1259 591 1312 qui
613 1272 750 1312 penus
769 1263 970 1313 gestant.a

1030 1260 1143 1302 Cato
1165 1260 1377 1302 adversus
1402 1259 1468 1301 Μ.
1484 1257 1680 1300 Acilium

849 1400 1090 1413 οθιοφΝῶΙΝΟ

279 1480 318 1508 10
341 1476 411 1509 Alii
427 1477 546 1519 legunt
561 1477 808 1511 Pellitum.—ll
834 1479 912 1511 Vet.
929 1479 1007 1512 cod.
1028 1480 1139 1521 portio.

890 1604 1031 1637 NOTAE

275 1697 286 1711 ⁵
312 1693 425 1724 Pellem
453 1701 539 1723 arum
569 1691 707 1723 Junonz's
721 1701 760 1723 ne
785 1692 926 1733 tangito]

233 1742 310 1774 Hoc
336 1747 399 1781 est,
430 1747 468 1774 ut
495 1743 745 1782 interpretatur
778 1742 927 1773 Granius

232 1792 374 1824 Flaccus
392 1793 425 1823 in
451 1791 539 1823 libro
568 1792 609 1823 de
626 1792 706 1832 jure
731 1792 927 1832 Papiriano,

231 1843 354 1874 Pellex
372 1843 455 1874 nulli
469 1843 541 1873 viro
568 1852 705 1873 uxorem
722 1842 861 1874 habenti
887 1852 928 1874 ne

231 1893 359 1931 nubito,
372 1893 398 1924 si
417 1893 582 1933 nupserit,
596 1892 745 1923 crinibus
762 1892 929 1932 demissis,

231 1944 293 1974 &c.
340 1943 505 1974 Demissis
537 1942 685 1973 crinibus
715 1943 748 1973 in
778 1943 927 1974 tristitiae

228 1994 369 2032 signum.
394 1993 498 2024 Ovid.
516 1993 525 2010 ‘
540 1992 667 2033 Aspice
685 1991 862 2034 demissos,
878 1993 927 2025 lu-

228 2044 340 2083 gentis
357 2053 462 2081 more,
477 2042 643 2083 capillos)

270 2094 279 2113 t
304 2092 584 2132 Pelliculatz'onem]
602 2092 717 2124 Velius
732 2093 869 2133 »Longus
885 2093 928 2124 de

232 2143 483 2184 orthographia.
529 2143 605 2174 Nec
634 2143 735 2175 aliter
749 2144 840 2184 apud
860 2145 927 2175 Lu·

230 2194 344 2224 cilium
372 2194 496 2233 legitur
512 2193 546 2223 in
574 2193 830 2234 praepositione,
855 2204 926 2235 per-

228 2244 373 2284 liciendo,
388 2243 479 2284 quod
500 2248 563 2283 est,
591 2243 794 2283 inducendo,
823 2245 926 2284 genri-

230 2295 354 2332 natal,
381 2294 521 2334 pellicere
549 2295 682 2326 malunt
711 2304 809 2335 quam
832 2296 925 2335 perli-

228 2355 305 2377 cere.
349 2345 395 2376 Et
421 2344 512 2385 apud
540 2345 717 2384 Virgilium
739 2354 806 2375 non
828 2346 927 2376 aliter

226 2397 380 2435 legimus,
417 2394 582 2436 ‘pellacis
628 2393 782 2434 Ulyssis!
834 2395 927 2425 Fulv.

233 2447 343 2477 Ursin-

269 2502 284 2518 ¹¹
307 2497 462 2527 Pellicum
483 2495 638 2536 galerum]
662 2496 754 2536 Lege
773 2496 926 2536 pellicum.

229 2548 345 2579 Galeri
387 2547 476 2577 enim
512 2557 554 2578 ex
594 2546 736 2587 pellibus
784 2546 926 2577 fiebant.

621 2596 728 2637 pileus
758 2606 802 2628 ex
835 2597 925 2637 pelle

228 2648 346 2678 ho³tiae
363 2646 483 2677 caesae!
505 2647 588 2678 Dae.

270 2701 285 2717 Χ
311 2697 478 2738 Pelluvioe]
494 2697 582 2729 Vide
594 2701 606 2715 ‘
618 2696 805 2729 malluviae.’
820 2697 919 2729 Idem.

1024 1697 1038 1718 y
1063 1691 1171 1732 Pelta]
1220 1690 1362 1723 Scutnm
1392 1690 1497 1722 breve
1536 1690 1679 1726 loreum,

982 1740 1124 1772 formam
1166 1742 1252 1772 lunae
1288 1742 1481 1781 semiplenae
1514 1739 1679 1780 referens,

983 1790 1071 1822 unde
1113 1792 1122 1808 ‘
1137 1791 1297 1822 lunatam'
1358 1791 1445 1822 dixit
1490 1790 1614 1830 virgil.
1653 1798 1679 1820 1.

984 1840 1114 1873 AEneid.
1136 1844 1145 1859 ‘
1160 1843 1268 1873 Ducit
1291 1840 1536 1873 Amazonidum
1554 1839 1680 1870 lunatis

983 1893 1117 1932 agmina
1142 1892 1265 1933 peltis?
1309 1891 1444 1927 Suidas‚
1466 1889 1602 1929 πάλτον,
1623 1890 1681 1920 ἆσ-

980 1941 1032 1973 πῖς
1047 1943 1133 1980 οἵτην
1146 1943 1190 1982 μὴ
1206 1942 1336 1982 ἔχουσα,
1360 1946 1368 1959 ‘
1386 1942 1536 1982 Clypeus
1562 1943 1678 1970 rotun-

981 1994 1125 2026 ditatem
1154 2004 1220 2026 non
1247 1994 1370 2024 habens
1383 1992 1402 2023 :’
1426 1990 1549 2031 passim
1575 1989 1680 2020 etiam

977 2045 1064 2084 pelta
1109 2054 1170 2084 pro
1207 2047 1303 2074 cetra.
1358 2040 1459 2072 Unde
1506 2039 1581 2070 Liv.
1618 2038 1678 2069 lib.

981 2102 1117 2125 xxvm.
1139 2094 1148 2110 ‘
1164 2094 1266 2125 Pelta
1281 2096 1387 2124 cetrae
1402 2089 1493 2121 haud
1509 2087 1679 2119 dissimilis

980 2142 1056 2175 est?
1076 2145 1122 2175 Et
1143 2143 1201 2174 lib.
1228 2151 1338 2173 xxm.
1368 2141 1377 2158 ⁴
1392 2140 1564 2177 cetratos,
1595 2147 1678 2178 quos

981 2194 1146 2234 peltastas
1176 2192 1323 2232 vocant‚’
1351 2193 1414 2223 διο.
1473 2187 1574 2219 Peltis
1603 2191 1678 2217 ute-

981 2245 1105 2276 bantur
1121 2244 1342 2279 Macedones,
1369 2241 1563 2274 Cretenses,
1587 2235 1678 2277 Afri,

981 2296 1139 2337 Hispani.
1164 2296 1265 2326 Idem.

1022 2353 1035 2368 Ζ
1058 2345 1208 2385 Penates]
1246 2344 1374 2375 *Livius
1406 2341 1494 2373 libro
1536 2347 1677 2371 xxv111.

977 2396 986 2413 ⁴
1004 2396 1171 2429 Quoniam
1196 2394 1265 2426 fors
1290 2403 1348 2424 eos
1365 2392 1426 2424 sub
1444 2391 1563 2422 eodem
1581 2394 1676 2421 tecto

978 2455 1065 2484 esse,
1081 2450 1183 2486 atque
1201 2445 1234 2475 in
1260 2444 1377 2475 eodem
1400 2446 1526 2483 penate
1553 2439 1676 2471 voluis-

977 2495 1053 2527 set.'
1075 2497 1143 2527 Jos.
1165 2495 1250 2527 Scal-

1021 2551 1036 2567 a
1058 2544 1303 2586 Penatores,qui
1314 2553 1410 2586 penus
1418 2541 1560 2583 gestant]
1577 2539 1675 2573 Men-

979 2595 1096 2627 dosum
1110 2606 1183 2627 esse
1198 2596 1328 2636 opinor.
1352 2596 1430 2626 Ant.
1447 2593 1534 2632 Aug.

1021 2645 1207 2684 Penutores]
1220 2645 1380 2685 Suspicor
1397 2643 1535 2674 Festum
1551 2641 1583 2671 in
1601 2650 1674 2671 cor-

977 2700 1095 2736 ruptos
1112 2695 1251 2727 Catonis
1264 2693 1398 2726 codices
1423 2691 1593 2730 incidisse,
1616 2688 1673 2721 ubi
