1835 2906
208 112 294 152 442

651 117 800 148 SEXTI
833 116 1037 148 ΡΟΜΡΕΙῙ
1072 116 1208 147 FESTI

210 216 407 257 Murrina
425 218 440 236 ⁰
467 226 599 267 genus
619 213 835 266 potioniS,
857 225 956 266 quae
977 210 1138 252 Graece
1158 211 1317 251 dicitur
1337 215 1508 252 nectar:
1541 211 1653 252 hanc

264 283 470 324 mulieres
492 282 715 322 vocabant
735 280 1003 328 mmriolam,
1020 278 1196 332 quidam
1221 283 1456 318 murratum
1482 279 1654 318 vinum:

268 350 449 404 quidam
468 349 514 390 id
537 349 625 390 dici
645 353 802 403 putant
823 361 881 388 ex
901 360 1001 388 uvae
1019 359 1173 399 genere
1194 347 1397 387 murrinae
1420 346 1607 386 nomine.

210 418 260 458 M
269 417 472 458 uscerdas
486 423 503 447 P
523 418 667 471 prima
686 416 860 470 syllaba
885 414 1105 467 producta
1124 417 1292 453 stercus
1313 426 1482 453 murum
1504 411 1657 466 appel-

265 486 372 526 lant.

210 552 448 602 Mussarefl
482 563 761 592 murmurare.
805 550 1007 590 Ennius:
1048 548 1103 590 In
1135 548 1312 589 occulto
1346 546 1655 599 mussabant.20

267 619 413 672 Vulgo
455 632 556 661 vero
592 630 670 672 pro
698 622 863 658 tacerer
898 617 1071 667 dicitur,
1107 621 1156 658 ut
1186 616 1302 656 idem
1335 614 1521 654 Ennius:
1554 612 1658 652 Non

267 685 394 727 decet
410 698 607 726 mussare
629 685 780 725 bonos.

818 791 935 804 eeeeee

251 884 293 911 20
316 879 463 912 Quidam
479 879 563 911 libb.
581 879 747 910 mussabat.

938 790 1053 803 oooooo

863 988 1005 1020 NOTAE

209 1074 274 1105 cns,
299 1073 431 1098 marcus,
447 1064 613 1102 marcidus,
631 1064 786 1103 ignavus,
806 1063 908 1103 iners,

210 1115 359 1150 mutilus,
376 1115 503 1155 quippe
521 1115 576 1155 qui
594 1125 696 1145 causa
714 1114 908 1145 detrectan-

209 1166 242 1195 di
265 1165 474 1196 Sacramenti
501 1165 562 1196 sibi
589 1166 730 1205 pollices
757 1171 909 1206 amputa-

210 1217 270 1247 vit.
286 1215 413 1247 Μυλκὸς
431 1222 542 1247 autem
559 1217 686 1248 AEolice
701 1227 761 1257 pro
777 1216 908 1257 μαλκὸς,

210 1267 365 1302 imbellis,
397 1268 548 1306 ignavus.
593 1268 637 1298 Et
679 1268 754 1298 Dea
785 1268 909 1297 Murcia

209 1317 404 1355 ignavorum
432 1318 517 1357 Dea,
543 1328 618 1358 quae
650 1318 788 1357 ignavos
818 1317 908 1348 face-

211 1371 275 1405 ret,
295 1372 330 1397 ut
348 1367 495 1405 Strenua,
510 1377 584 1408 quae
605 1372 777 1406 strenuos,
794 1368 908 1406 Ager-o-

211 1417 274 1450 nia,
291 1427 365 1457 quae
390 1417 431 1447 ad
447 1417 611 1457 agendum
631 1418 824 1449 excitaret:
841 1419 909 1449 Sti-

210 1468 303 1503 mula,
320 1477 393 1508 quae
410 1468 611 1504 stimularet,
629 1468 671 1499 de
695 1468 815 1509 quibus
833 1469 909 1500 vide

211 1517 393 1557 Augustini.
428 1518 470 1548 de
500 1518 648 1548 Civitate
681 1519 746 1549 Dei
775 1518 834 1550 lib.
860 1528 908 1549 lv.

211 1579 286 1610 cap.
308 1572 356 1601 16.
378 1570 386 1585 ‘
407 1571 513 1601 Deam
532 1570 713 1609 Murciam,
732 1580 808 1611 quae,
826 1580 909 1610 prae-

211 1623 263 1649 ter
286 1619 421 1650 modum
447 1629 512 1650 non
538 1626 702 1657 moveret,
719 1630 757 1651 ac
779 1620 911 1651 faceret

210 1669 390 1705 homiuem,
416 1676 450 1700 ut
481 1670 528 1700 ait
558 1671 757 1711 Pompilius,
789 1671 910 1702 murci-

211 1719 302 1757 dum,
319 1720 350 1750 id
369 1721 540 1757 est‚nimis
553 1720 756 1750 desidiosum
774 1726 807 1751 et
820 1723 909 1752 inac-

211 1769 369 1804 tuosum,'
390 1779 494 1809 quare
520 1770 644 1801 Murcia
662 1771 777 1801 Venus
805 1770 909 1810 dicta,

211 1826 248 1850 ut
276 1826 311 1851 et
346 1820 553 1851 Ver-ricardi«.
600 1822 687 1851 Vide
715 1823 723 1837 ‘
745 1821 910 1857 Murciae!

210 1870 321 1900 Locus
335 1870 451 1900 Plauti
468 1870 601 1909 Epidic.
616 1880 672 1901 iu.
686 1874 713 1901 1.
737 1872 745 1888 ‘
762 1871 824 1901 Vae
839 1871 913 1911 tibi,

210 1920 363 1950 nun-cide
395 1920 517 1950 liomo.’
563 1921 651 1951 Nam
682 1921 748 1951 duo
774 1922 843 1960 illa,
863 1923 911 1961 ig·-

210 1979 299 2008 nare,
313 1969 406 2005 iners,
417 1975 492 1999 sunt
507 1970 812 2009 interpretationes
830 1971 911 2001 Fes-

210 2020 247 2050 ii.
293 2019 466 2050 Marcidus
490 2019 641 2050 Isidorus
669 2030 792 2051 vocare
819 2021 911 2052 vide-

211 2075 266 2100 tur
292 2069 524 2100 murciuarios.
569 2070 626 2099 Sic
654 2071 740 2100 euim
768 2071 800 2100 in
824 2072 912 2111 glos-

210 2121 265 2154 sis,
282 2120 291 2137 ‘
309 2119 544 2155 murelum-ius,
562 2119 732 2150 mutilus:’
758 2119 846 2151 forte
864 2122 911 2152 le-

211 2170 356 2210 gendum
374 2170 591 2201 murcidarius.
610 2171 697 2201 Dae.

253 2225 268 2240 0
291 2219 456 2259 Murrina]
496 2221 585 2251 Vide
614 2222 622 2237 ⁴
641 2226 792 2252 murrata
823 2223 910 2262 poti-

209 2270 296 2302 one.’
343 2271 441 2302 Hauc
454 2272 601 2311 antiquae
614 2272 771 2302 mulieres
790 2272 909 2303 Roma-

212 2330 263 2351 nae
281 2321 438 2352 muliebri
464 2320 656 2361 ὑποκορίσμῳ
678 2323 842 2353 mariolum
863 2323 911 2353 in-

211 2371 413 2410 digitaruut.
441 2373 540 2403 Idem.

255 2425 269 2444 ⁰
295 2422 494 2461 muscerdas]
514 2423 597 2454 Haec
615 2429 693 2453 sunt
706 2424 816 2454 Pauli.
835 2424 911 2455 Fes-

213 2472 238 2500 ti
256 2472 357 2501 verba
372 2474 418 2502 sic
433 2474 586 2504 scliedae:
605 2476 613 2490 ‘
628 2475 829 2505 Muscerdas
846 2476 911 2515 pri—

212 2530 267 2550 ma
283 2521 410 2560 syllaba
425 2524 591 2561 producta
605 2524 766 2554 dicebant
781 2525 911 2565 antiqui

212 2575 344 2600 stercus
375 2572 530 2602 murum.’
587 2574 815 2605 Scribendum
846 2586 912 2606 mu-

212 2622 328 2656 cerda;
352 2621 400 2651 sic
428 2621 436 2636 ‘
452 2622 626 2661 bucerda‚'
652 2625 750 2655 boum
769 2630 912 2663 stercus,

214 2672 221 2683 ‘
237 2671 424 2712 opicerda‚'
441 2673 562 2704 ovium.
598 2675 740 2709 Closs-a»,
759 2680 765 2692 ¹
782 2686 912 2707 mucer-

964 1063 1017 1097 da,
1047 1061 1223 1101 μυόχοδον.’
1268 1061 1324 1092 Sic
1353 1059 1440 1090 euim
1465 1058 1659 1099 legendum,

963 1124 1029 1145 non
1045 1113 1222 1153 μυιόχαδον.
1251 1111 1349 1143 Quod
1367 1111 1416 1141 ait
1435 1110 1574 1149 primam
1592 1109 1658 1149 syl-

963 1164 1074 1194 labam
1088 1163 1239 1204 produci,
1249 1173 1268 1192 n
1280 1163 1419 1192 densum
1432 1159 1552 1190 innuit.
1570 1158 1658 1188 Vide

964 1218 1081 1244 notata
1105 1213 1137 1243 in
1163 1213 1172 1229 ‘
1188 1211 1350 1243 lustrum.'
1394 1211 1449 1240 Sic
1476 1210 1509 1239 in
1529 1218 1662 1239 essemus

965 1264 1105 1304 primam
1131 1262 1294 1303 syllabam
1318 1260 1457 1301 produci
1475 1264 1571 1289 notat
1588 1259 1661 1289 Do-

963 1318 1033 1344 nat.
1081 1314 1135 1344 Sic
1153 1314 1185 1343 iu
1208 1313 1333 1343 insanus
1357 1312 1487 1342 Cicero.
1534 1310 1590 1340 Sic
1613 1309 1660 1339 in-

963 1366 1065 1404 clytus
1082 1364 1188 1403 prima
1206 1363 1313 1394 brevi.
1339 1363 1435 1394 Idem.

1006 1420 1021 1440 ‘1
1046 1413 1206 1453 Massam]
1237 1413 1267 1444 A
1289 1414 1413 1444 Graeco
1430 1411 1525 1450 μύζω,
1541 1412 1662 1442 clausis

964 1465 1081 1502 labris,
1097 1475 1116 1495 e
1141 1465 1278 1495 naribus
1301 1474 1416 1494 sonum
1441 1464 1552 1499 mitto,
1572 1462 1660 1503 quod

965 1516 1244 1546 murmurantium
1271 1514 1455 1554 proprium.
1492 1511 1588 1552 Μύζω
1604 1523 1662 1543 au-

966 1570 1033 1596 tem
1062 1575 1079 1595 a
1101 1565 1151 1602 μῦ.
1197 1564 1296 1596 Quod
1327 1565 1406 1595 muli
1428 1574 1493 1594 uon
1519 1564 1661 1604 amplius

967 1626 1065 1656 quam
1082 1616 1122 1654 μῦ
1138 1615 1267 1646 dicunt.
1314 1615 1423 1645 Varro
1439 1615 1496 1645 lib.
1515 1624 1565 1645 vi.
1584 1614 1661 1644 inde

966 1676 1127 1699 mussare,
1147 1666 1253 1696 tacite
1268 1675 1488 1695 murmurare.
1535 1665 1661 1695 Ennius

965 1717 1023 1747 lib.
1035 1725 1084 1747 vl.
1102 1716 1224 1747 Aunal.
1244 1721 1252 1734 ¹
1265 1716 1362 1746 Intus
1378 1717 1411 1746 in
1425 1715 1560 1746 occulto
1576 1724 1663 1745 mus—

965 1766 1117 1798 sabantz’
1143 1767 1186 1797 al.
1202 1766 1370 1797 mussabat.
1404 1766 1506 1804 Lege,
1527 1766 1664 1801 Quintus

966 1818 999 1848 in
1015 1818 1131 1850 occulto
1148 1816 1313 1847 mussabat.
1345 1816 1481 1847 Citatur
1497 1817 1560 1846 hoc
1574 1814 1666 1855 frag-

966 1873 1115 1899 mentum
1146 1868 1178 1898 iu
1211 1877 1292 1898 voce
1319 1866 1537 1905 ‘summissi,’
1559 1872 1594 1897 et
1623 1866 1665 1896 de

967 1919 1094 1951 Quinto
1122 1918 1204 1949 Fab.
1231 1918 1325 1948 Max.
1353 1918 1504 1958 loquitur
1526 1916 1666 1952 Ennius,

968 1969 1023 2009 qui
1039 1969 1115 1999 ideo
1131 1968 1314 2007 mussabat,
1332 1968 1419 2008 quod
1437 1968 1478 1998 de
1495 1977 1531 1997 se
1549 1966 1591 1997 ab
1607 1976 1662 1997 ex-

967 2021 1076 2051 ercitu
1099 2019 1303 2050 removendo
1324 2023 1459 2049 senatus
1478 2017 1664 2058 cogitabat.

969 2071 1066 2102 Idem.

1009 2126 1020 2140 Γ
1048 2122 1148 2159 Vulgo
1169 2131 1239 2151 vero
1261 2130 1316 2160 pro
1338 2120 1452 2159 Iacere]
1484 2119 1664 2158 Philargy-

968 2172 1035 2202 rius
1054 2180 1100 2202 iv.
1119 2171 1245 2210 Georg.
1266 2170 1435 2207 Mus-aut,
1457 2169 1520 2203 hic,
1545 2169 1667 2208 iuquit,

968 2227 1186 2260 murmurant,
1214 2231 1287 2262 qum
1316 2230 1380 2250 vox
1410 2220 1546 2260 ponitur
1573 2225 1607 2249 et
1633 2219 1665 2249 in

968 2273 1104 2304 tacendi
1132 2272 1395 2313 significatione,
1423 2276 1459 2301 ut
1485 2270 1572 2311 apud
1599 2271 1665 2301 Eu-

967 2324 1079 2354 nium:
1105 2323 1137 2353 iu
1164 2331 1257 2353 xvn.
1283 2322 1386 2353 ‘Nou
1410 2326 1551 2361 possunt
1578 2329 1664 2350 mus-

967 2384 1041 2405 sare
1061 2373 1151 2413 boni,
1167 2373 1220 2413 qui
1239 2371 1332 2403 facta
1350 2372 1465 2402 labore
1485 2370 1563 2400 Nixi
1581 2370 1665 2400 mili-

967 2425 1024 2455 tiae
1049 2422 1239 2464 peperere.’
1286 2422 1372 2452 vide
1397 2422 1494 2451 Serv.
1521 2421 1562 2450 ad
1583 2420 1662 2450 illud

969 2484 1038 2506 xu.
1059 2473 1191 2504 Aineid.
1224 2474 1233 2488 ‘
1249 2473 1384 2503 Mussat
1407 2481 1466 2501 rex
1483 2471 1555 2510 ipse
1575 2470 1664 2500 Lati-

967 2524 1048 2555 nus!
1110 2524 1149 2554 In
1188 2523 1245 2553 illo
1278 2522 1389 2561 Ennii,
1418 2531 1517 2561 quem
1549 2519 1664 2551 laudat

968 2577 1101 2610 Festus,
1119 2584 1217 2605 nemo
1235 2578 1300 2612 est,
1322 2573 1378 2612 qui
1398 2571 1533 2602 dubitet
1550 2571 1666 2609 legon-

968 2625 1069 2656 dum:
1106 2626 1176 2656 Non
1205 2625 1290 2654 decet
1317 2623 1365 2653 hic
1394 2630 1530 2652 »missure
1563 2621 1664 2651 bonvs.

968 2676 1074 2707 Idem.
