1835 2906
225 125 310 167 366

527 131 661 162 FES'H
699 130 760 161 DE
797 129 940 159 VERE.
978 126 1163 157 SlGNlF.
1203 122 1372 153 LlB.x.

227 228 464 283 Lycophos
481 226 497 249 k
530 226 678 268 Graeci
699 226 863 274 dicunt,
882 222 1004 278 quod
1026 234 1107 261 nos
1127 219 1312 273 primum
1329 223 1506 270 tempus
1526 215 1638 256 lucis
1656 227 1665 254 ε

284 296 451 337 dictum
480 299 627 335 autem
646 294 879 347 lycophos,
911 289 1039 344 quasi
1070 286 1197 327 λευκὸν
1232 289 1320 338 φῶς,
1350 285 1395 327 id
1417 288 1496 333 est,
1524 283 1669 323 lumen

285 357 536 404 candidum.

228 427 462 485 Lymphae¹
492 429 624 471 dictae
655 431 755 469 sunt
785 439 813 466 a
841 424 1075 479 nymphis:
1107 422 1239 475 vngo
1273 423 1416 462 autem
1448 416 1669 459 memoriae

286 497 511 551 proditum
532 501 612 545 est,
641 495 910 548 quicumque
942 491 1137 544 speciem
1168 488 1389 542 quandam
1410 484 1439 528 e*
1465 487 1603 534 fonte,
1626 483 1671 523 id

286 569 366 615 est,
389 564 573 617 effigiem
594 561 799 616 nymphae
820 559 1025 608 viderint,
1044 557 1213 599 furendi
1247 568 1333 597 non
1354 554 1510 596 fecisse
1528 552 1671 600 finem,

287 646 399 687 quos
420 632 568 674 Graeci
585 629 859 684 νυμφολήπτους
881 630 1054 678 vocant,
1085 624 1236 666 Latini
1255 622 1505 678 lymphatos
1521 618 1672 673 appel—

286 702 390 742 lant.

232 767 589 823 Lyrnessiadesy*
611 767 667 808 ab
690 764 857 820 oppido
877 761 1084 815 Phrygiae
1107 760 1326 814 Lyrnesso
1348 756 1506 797 dicti.¹0

836 868 1072 886 “dum“

274 946 294 974 9
318 940 463 975 Quidam
480 940 555 971 libri
572 941 604 971 in
620 949 680 981 pro
696 940 839 970 est.—10
864 935 1061 977 Legendum
1076 937 1189 966 monet
1205 932 1288 963 Dae.
1304 930 1408 961 diccae.

888 1036 1027 1070 NOTAE

276 1116 291 1137 k
318 1117 493 1159 Isycophos]
529 1117 637 1149 Immo
668 1116 810 1156 dictum,
839 1114 927 1156 quod

234 1167 329 1207 λύκη,
344 1169 414 1208 lux,
429 1169 517 1209 apud
535 1169 701 1200 Veteres:
732 1166 820 1198 unde
836 1175 929 1196 man-

234 1220 327 1250 sitin
351 1218 522 1261 ἂμφιλύκῃ.
566 1219 653 1250 Inde
676 1218 777 1249 etiam
804 1218 872 1256 lux,
895 1220 930 1246 et

234 1272 344 1301 lucere.
367 1269 441 1301 JOS.
461 1271 548 1302 Scal.

278 1320 453 1361 Lycophos]
477 1321 596 1351 Graece
612 1317 753 1358 λυκόφως
768 1325 929 1348 summum

237 1371 562 1410 diluculum,uitima
576 1380 652 1411 pars
669 1369 777 1400 noctis
793 1367 855 1398 sub
872 1376 930 1397 ex-

238 1427 347 1454 ortum
370 1431 512 1463 aurorae,
535 1432 600 1453 non
627 1432 646 1452 a
672 1419 782 1451 λευκὸν
807 1420 870 1458 φῶς
895 1423 933 1448 ut

239 1477 335 1513 putat
354 1474 486 1512 Festus,
510 1472 567 1503 sed
587 1482 606 1503 a
629 1470 721 1509 λύκη,
740 1471 846 1511 prima
863 1471 932 1508 lux,

239 1534 314 1566 quae
332 1533 394 1554 vox
411 1524 536 1555 mansit
553 1523 586 1553 in
602 1521 770 1563 ἀμφιλύκῃ.
797 1521 877 1551 Duc.

282 1577 289 1598 ¹
312 1577 476 1619 Lymphae]
502 1577 608 1610 Quasi
633 1576 803 1617 nynipliae,
819 1584 840 1604 n
863 1582 934 1604 mu-

240 1634 311 1661 tato
328 1629 359 1659 iu
375 1630 397 1660 l.
443 1628 520 1665 Hae,
534 1628 561 1658 si
578 1627 869 1667 conspicerentur,
884 1625 934 1655 fu-

241 1689 350 1711 rorem
368 1678 554 1710 immittere
572 1678 791 1719 putabantur.
824 1676 936 1707 Varro

241 1731 299 1762 lib.
315 1739 365 1761 vr.
400 1735 407 1747 ¹
422 1729 462 1760 In
479 1728 616 1760 Graecia
638 1731 804 1759 commota
825 1730 938 1757 mente

245 1792 327 1824 quos
358 1780 594 1820 νυμφολήπτους
625 1778 787 1821 appeunt,
816 1777 857 1809 ab
896 1787 937 1808 eo

985 1120 1174 1162 lymphatos
1202 1119 1363 1150 dixerunt
1393 1115 1523 1148 nostri!
1568 1114 1677 1145 Pacu-

984 1172 1057 1203 vius
1073 1171 1105 1201 in
1121 1171 1270 1201 Teucro:
1288 1170 1297 1186 ‘
1313 1168 1509 1199 Flexanima
1519 1171 1678 1206 tanquam

984 1223 1158 1263 lymphata
1172 1225 1205 1252 et
1221 1219 1347 1251 Bacchi
1362 1218 1466 1250 sacris
1479 1216 1678 1248 Commota.’

947 1287 952 1291 ·
985 1273 1069 1304 Ideo
1089 1272 1302 1310 Theocritus,
1325 1270 1427 1312 po'eta
1452 1267 1681 1305 suavissimus,

987 1323 1162 1364 Nymphas
1192 1321 1328 1352 vocavit
1357 1319 1492 1350 numina
1521 1317 1678 1358 agricolis

986 1373 1193 1405 metuenda:
1236 1371 1359 1411 Νύμφαι
1388 1369 1560 1409 ἀκοίμητοι,
1589 1368 1680 1399 δειναὶ

987 1424 1052 1456 θεαὶ
1073 1424 1263 1465 ὰ-γροιώταις.
1295 1428 1301 1440 ¹
1318 1422 1487 1463 Nymphae
1505 1420 1680 1461 inquietae,

988 1486 1109 1516 graves
1128 1476 1211 1506 Deae
1229 1472 1410 1514 agricolis!
1433 1473 1530 1502 Idem.

1018 1531 1040 1546 ¹¹¹
1064 1524 1298 1566 Lyrnessiades]
1321 1524 1372 1554 Ex
1389 1523 1554 1563 Lyrnesso
1570 1521 1682 1552 oriun-

989 1575 1056 1614 dae,
1071 1585 1146 1616 quae
1163 1574 1243 1606 urbs
1257 1578 1331 1605 erat
1344 1574 1376 1604 in
1389 1571 1581 1612 oraTrojae,
1593 1571 1681 1602 unde

990 1625 1141 1656 Achilles
1157 1624 1298 1655 abstulit
1314 1621 1478 1654 Briseida.
1518 1621 1584 1652 Alii
1601 1621 1682 1660 Lyr-

991 1686 1124 1707 nessum
1147 1677 1179 1707 in
1201 1676 1318 1707 Sicilia
1343 1678 1483 1716 ponunt.
1528 1671 1620 1704 Infra
1636 1673 1682 1702 le·

992 1727 1138 1768 gendum
1162 1728 1265 1758 diclae.
1310 1725 1528 1766 Lyrnessiades
1545 1724 1632 1755 enim
1647 1722 1684 1753 τὸ

991 1777 1134 1817 θηλυκόν.
1159 1778 1255 1812 Idem.
