1835 2906
163 155 165 169 ÷
203 144 288 185 324

641 155 786 185 SEX'H
824 157 1026 187 POMPEH
1063 157 1198 187 FEST!

204 251 482 300 lnclaniare,⁵
503 250 736 302 conviciis,
757 255 800 291 et
819 251 1064 293 maledictis
1092 252 1313 293 insectari.

205 318 436 368 Inclutus,t
454 318 626 368 nobilis,
647 319 810 360 clarus.

204 385 405 427 Incoctae
427 384 493 410 ¹⁶¹¹
539 387 801 428 dicebantur
836 386 1046 428 mulieres
1087 388 1186 440 plus
1223 400 1352 442 aequo
1388 389 1652 432 calamistris

260 466 370 495 usae.

202 520 476 571 Incomitem,
501 523 595 563 sine
617 522 791 563 comite·

202 587 516 629 [ncomitiarex
549 589 765 642 significat
793 589 878 629 tale
906 590 1153 631 convicium
1174 590 1335 640 facere,
1368 605 1448 645 pro
1469 604 1558 646 quo
1579 605 1652 634 ne-

257 668 384 695 cesse
414 656 472 696 sit
504 657 549 696 in
584 655 823 705 comitium,
863 656 946 696 hoc
988 661 1072 707 est,
1105 658 1148 698 in
1183 663 1458 709 conventum,
1487 660 1651 701 venire.

257 721 469 763 Plautus:
503 721 691 772 Quaeso,
713 736 765 762 ne
786 735 853 763 me
872 723 1138 766 incomities.

807 843 1045 857 oeeoeaeaeeeoeo

244 911 285 941 16
308 909 396 942 Vide
414 910 495 942 Not.
511 909 573 942 inf.

849 988 996 1021 NOTAE

199 1049 311 1092 gendo
341 1049 445 1086 dicta,
482 1050 561 1092 quia
591 1050 733 1091 tegebat
763 1055 896 1092 partem

198 1112 347 1142 mensae;
368 1111 409 1132 ea
435 1105 547 1133 autem
575 1101 767 1141 utebantur,
790 1112 832 1133 ne
850 1103 896 1133 vi-

197 1153 329 1184 narium
349 1162 417 1193 vast,
441 1156 523 1193 puta
548 1157 660 1183 crater
682 1162 821 1193 magnus
838 1159 897 1184 aut

198 1203 372 1244 amphora,
394 1203 501 1234 labem
528 1213 568 1233 ex
595 1202 699 1234 fundo
724 1204 755 1233 in
780 1214 899 1235 mensa

197 1254 420 1294 relinqueret,
445 1263 521 1284 cum
548 1263 641 1293 saepe
663 1254 833 1285 videamus
849 1255 897 1285 la-

197 1313 302 1344 genas
330 1313 453 1334 niensae
481 1304 655 1343 impositas
672 1305 835 1335 circulum
853 1304 895 1336 de

196 1354 274 1385 vino
292 1354 486 1386 describere
509 1355 541 1385 in
568 1364 704 1395 mappa,
728 1355 816 1386 unde
835 1357 896 1387 La·

196 1404 289 1443 tinis,
306 1406 314 1421 ‘
329 1405 486 1436 Canistra
503 1405 644 1436 siccaria
656 1405 663 1417 '
680 1405 893 1438 dicebantur.

196 1453 292 1485 Serv.
319 1454 360 1485 ad
389 1455 470 1485 illud
493 1463 516 1485 1.
540 1454 671 1486 AEneid.
695 1459 750 1486 ‘et
776 1457 896 1495 pocula

196 1504 351 1544 ponunt.’
396 1506 405 1522 ‘
423 1504 613 1542 Similiter‚'
640 1505 759 1546 inquit,
776 1510 784 1523 ‘
802 1516 894 1538 more

195 1555 334 1596 antiquo
349 1554 452 1593 dixit,
476 1555 555 1596 quia
570 1555 755 1586 Veteribus
773 1566 839 1588 non
861 1558 893 1588 in

194 1615 311 1636 manus
338 1605 506 1636 dabantur
532 1606 664 1646 pocula,
688 1606 745 1636 sed
771 1608 892 1638 mensis

194 1657 468 1696 apponebantur,
493 1661 529 1686 ut
554 1657 655 1686 hodie
672 1657 760 1697 apud
781 1658 893 1697 plures

195 1707 314 1746 pocula
342 1706 374 1736 in
406 1706 560 1737 canistris
588 1709 759 1747 argenteis
788 1718 893 1749 appo·

194 1762 333 1793 nuntur‚
357 1766 430 1796 qum
455 1757 602 1787 canistra
620 1758 762 1788 siccaria
779 1759 894 1790 dicim·

196 1806 272 1837 tur.’
297 1806 468 1837 AGraecis
484 1808 802 1846 vocatnre'77v07'7nn.
827 1809 894 1840 Po-

193 1858 284 1888 leino
310 1868 472 1897 περιηγητ.
498 1857 655 1896 ἐγγυθήκη
672 1859 722 1889 καὶ
738 1860 782 1890 ἐπ’
800 1860 895 1898 αὐτῆς

193 1907 362 1939 κύπελλον.
388 1908 475 1938 Vide
491 1908 641 1940 Suidaui.
668 1910 769 1940 Dicta
781 1917 893 1942 autem

195 1959 287 1999 quasi
318 1958 504 1998 ἀγγοθήκη;
542 1964 576 1990 et
606 1960 653 1990 ita
682 1966 820 1992 vocatur
851 1963 893 1993 ab

197 2009 451 2040 Alexandrinis.
498 2008 686 2040 Atlieuaeus
702 2010 760 2041 lib.
778 2020 810 2042 v.
827 2011 846 2048 ἡ
861 2012 893 2043 δὲ

195 2059 244 2090 ὑπ’
271 2058 493 2099 Ἀλεξανδρέων
523 2060 696 2098 καλουμένη
721 2061 893 2102 ἀγγοθήκη,

192 2109 338 2149 τρίγωνός
367 2111 446 2147 ἐστι,
480 2108 561 2140 κατὰ
589 2109 688 2147 μέσον
716 2110 817 2150 κοίλη,
846 2111 893 2142 δέ·

193 2163 306 2199 χεσθαι
330 2159 479 2199 δυναμένη
516 2160 706 2198 ἐντιθέμενον
738 2161 892 2200 κεράμιον.

189 2211 325 2251 ’Ἔχουσι
341 2211 373 2242 δὲ
383 2210 502 2248 ταύτην
513 2210 606 2250 οἱμὲν
618 2211 746 2248 πένητες
756 2212 893 2250 ξυλίνην,

195 2262 223 2292 οἱ
232 2261 264 2292 δὲ
273 2261 416 2293 πλούσιοι
428 2262 565 2301 χαλκῆν,
574 2261 594 2298 ἢ
607 2262 749 2302 ἀργυρᾶν.
762 2263 782 2292 ἰ.
791 2264 799 2278 ‘
809 2264 892 2295 Quae

196 2323 276 2344 vero
300 2313 342 2343 ab
369 2312 611 2344 Alexandrinis
637 2318 775 2344 vocatur
792 2323 893 2353 ango-

195 2364 304 2402 tbeea,
329 2363 545 2404 triangularis
571 2369 635 2403 est,
658 2364 768 2394 medio
795 2374 890 2404 cava,

194 2415 491 2454 superimpositum
533 2420 666 2445 cratera
710 2415 889 2454 recipiens.

194 2464 369 2503 Pauperes
395 2464 529 2505 quidem
566 2474 637 2495 eam
673 2464 798 2496 liabent
829 2465 890 2504 lig-

196 2523 305 2554 neam,
323 2514 444 2544 divites
461 2524 582 2545 aeream
601 2515 652 2545 vel
673 2514 890 2557 argenteam.²

194 2564 390 2595 Herodotus
416 2570 514 2595 vocat
541 2564 762 2606 ὑποκρητήριον
783 2566 839 2596 lib.
865 2574 889 2596 1.

194 2615 250 2646 nbi
268 2615 309 2645 de
331 2614 472 2654 Alyatte
496 2616 588 2655 Lydo
616 2616 670 2656 qui
696 2615 822 2653 ἀνέθηκε
846 2615 889 2647 εἷς

194 2663 338 2703 Δελφοὺς
363 2663 497 2703 κρητῆρά
512 2676 546 2695 τε
562 2665 709 2705 ἀργύρεον
723 2666 824 2705 μέγαν
838 2667 887 2697 καὶ

194 2714 441 2755 ὑποκρητηρίδιον
451 2713 589 2753 σιδήρεον
598 2716 762 2752 κολλητόν.
777 2719 885 2750 Quem

952 1053 1061 1083 locum
1077 1052 1165 1083 male
1182 1052 1274 1092 cepit
1300 1052 1468 1093 interpres
1493 1052 1548 1093 qui
1577 1061 1649 1085 ver·

952 1103 1006 1139 tit,
1026 1103 1153 1143 ‘Apud
1178 1103 1329 1144 Delphos
1355 1101 1526 1134 dedicavit
1552 1113 1651 1144 gran·

951 1153 1026 1184 dem
1044 1162 1086 1184 cx
1100 1158 1240 1195 argento
1258 1157 1424 1194 pateram,
1438 1153 1588 1196 itemque
1603 1156 1650 1186 al·

951 1208 1058 1235 teram
1086 1214 1128 1235 ex
1156 1203 1259 1244 ferro,
1287 1204 1461 1243 parvulam
1489 1214 1530 1236 ex
1556 1204 1650 1237 ferro

951 1255 1214 1295 compactilem.'
1271 1254 1486 1285 Vertendum
1511 1255 1649 1288 fuerat:

950 1304 959 1321 ⁴
978 1303 1066 1334 Item
1094 1304 1277 1345 incitegam
1303 1305 1478 1345 parvulam
1495 1314 1538 1336 ex
1556 1305 1649 1338 ferro

951 1354 1075 1394 comp.’
1099 1355 1182 1386 Dac.

992 1411 1003 1425 Β
1027 1405 1215 1446 [adamare]
1250 1405 1367 1437 Plaut.
1395 1406 1488 1436 Asin.
1511 1406 1520 1422 ‘
1539 1407 1649 1438 Nimis

949 1466 1041 1496 aegre
1059 1456 1209 1488 continui
1227 1456 1282 1487 nbi
1299 1456 1465 1497 hospitem
1491 1457 1648 1488 inclama-

950 1508 1009 1543 vit,
1033 1508 1132 1541 Quod
1159 1518 1194 1539 se
1217 1508 1358 1539 absente
1375 1508 1454 1539 milii
1473 1508 1573 1539 fidem
1591 1510 1648 1540 lia-

948 1556 1031 1588 bere
1069 1558 1260 1590 noluisset!
1319 1559 1406 1590 Inde
1435 1560 1647 1600 inclamitare,

947 1608 1143 1649 objurgare.
1175 1610 1288 1640 Plant.
1302 1609 1435 1650 Epidio.
1452 1611 1461 1627 ‘
1473 1611 1584 1641 Etiam
1599 1611 1647 1642 in-

947 1659 1104 1689 clamitor
1120 1660 1215 1700 quasi
1233 1659 1376 1691 servus!
1399 1661 1497 1691 Idem.

989 1709 999 1729 ²
1016 1709 1171 1749 Ine-lutus]
1189 1710 1255 1742 Qui
1274 1710 1371 1740 valde
1389 1711 1495 1741 cluet.
1537 1709 1648 1741 Clitore

950 1764 1014 1797 est,
1050 1760 1227 1799 nominari,
1262 1759 1441 1799 celebrari,
1479 1770 1498 1790 a
1529 1758 1646 1791 κλύειν.

950 1810 1064 1840 I‘luut.
1084 1810 1181 1849 Capt.
1206 1810 1215 1826 ‘
1232 1809 1350 1841 Facito
1376 1819 1457 1849 ergo
1474 1814 1522 1849 tn,
1548 1814 1585 1841 ut
1604 1809 1646 1841 A·

949 1861 1102 1892 cliernnti
1120 1862 1232 1891 clueas
1251 1860 1383 1900 gloria)
1408 1861 1504 1892 Idem.

992 1916 1005 1931 ¹¹
1023 1910 1172 1950 Incoctoe]
1190 1909 1242 1941 Ab
1255 1910 1468 1952 incoquendo
1483 1910 1584 1942 dictae
1597 1910 1646 1941 in-

948 1968 1057 1992 cocta:
1075 1962 1245 2000 mulieres,
1268 1971 1340 2002 qna:
1366 1962 1566 1992 calamistris
1583 1962 1647 1992 cri-

947 2022 1007 2042 nes
1026 2011 1204 2042 vibrabant
1220 2016 1255 2042 et
1280 2012 1532 2052 intorquebant.
1577 2011 1645 2042 Sed

948 2063 980 2093 in
1004 2062 1117 2093 verbis
1141 2062 1235 2093 Festi
1253 2067 1351 2101 turpe
1368 2061 1526 2092 mendum
1541 2061 1645 2092 inole-

948 2113 1008 2151 vit,
1027 2122 1102 2143 nam
1119 2117 1250 2146 certum
1267 2116 1319 2142 est
1336 2112 1399 2151 legi
1415 2111 1556 2150 debere,
1574 2113 1646 2151 plus

947 2172 1034 2202 oequo
1049 2161 1236 2192 calamistris
1251 2164 1340 2200 usae,
1363 2160 1396 2191 id
1421 2165 1486 2201 est,
1507 2161 1643 2201 inustae,

947 2212 1102 2243 incoctas.
1128 2212 1225 2243 Idem.

989 2267 1005 2282 x
1039 2262 1255 2303 Incomitiare]
1303 2262 1448 2293 Plautus
1477 2260 1510 2291 in
1541 2260 1643 2293 Cure.

946 2314 1024 2343 Ant.
1039 2312 1125 2352 Aug.

989 2364 1204 2404 Incomitiare]
1230 2364 1338 2394 Locus
1364 2362 1476 2393 Plaut.
1510 2361 1644 2392 Curcul.

945 2422 999 2445 111.
1019 2417 1048 2444 l.
1071 2415 1081 2431 ‘
1094 2413 1315 2452 Adolescens,
1338 2412 1382 2444 ob
1399 2411 1641 2452 rempublicam

944 2465 1005 2495 hoc
1030 2464 1121 2496 intus
1138 2464 1215 2495 milii
1243 2463 1342 2496 Quod
1367 2462 1495 2502 insigne
1520 2461 1640 2501 habeo,

943 2524 1057 2555 quaeso
1072 2524 1113 2546 ne
1129 2525 1182 2545 me
1203 2512 1415 2545 incomities!
1450 2510 1548 2544 Quod
1566 2520 1640 2541 ver-

944 2564 1022 2595 bum
1051 2575 1070 2595 a
1098 2564 1243 2605 parasito
1267 2563 1394 2602 fictum,
1418 2565 1454 2591 ut
1478 2561 1582 2602 liquet
1596 2570 1640 2591 ex

942 2624 1103 2656 responso
1120 2614 1278 2656 Lyconis,
1293 2613 1351 2653 qui
1373 2611 1414 2642 ad
1436 2611 1508 2652 ejus
1523 2620 1638 2642 exem-

942 2666 1032 2705 plum
1046 2665 1083 2695 τὸ
1098 2666 1245 2703 inforare,
1267 2671 1351 2693 nove
1376 2661 1538 2702 protulit:
1563 2661 1571 2677 ‘
1586 2660 1639 2691 Li·

941 2720 1039 2747 cetne
1054 2714 1215 2753 inforare,
1241 2713 1268 2743 si
1287 2711 1497 2743 incomitiare
1518 2720 1583 2741 non
1598 2710 1636 2741 li-
