1835 2906
196 124 282 165 172

655 136 802 166 SEXT!
838 137 1038 167 ΡΟΜΡΕΙΙ
1076 138 1211 168 FESTI

255 230 331 286 qui
365 231 493 272 locus
527 244 552 272 a
587 231 804 285 coeundo,
839 233 883 274 id
918 237 997 285 est,
1029 234 1160 275 simul
1184 234 1215 257 ¹⁸
1253 236 1464 277 veniendo
1496 236 1639 280 dictus

254 302 334 340 est.

198 365 637 408 Commentaculaw
670 366 818 419 virgae,
851 379 961 420 quas
995 365 1193 408 flamines
1218 373 1392 421 portant
1412 375 1641 424 pergentes

256 433 314 474 ad
330 433 605 483 sacrificium,
625 437 674 474 ut
693 446 719 474 a
735 446 782 475 se
802 434 998 476 homines
1019 442 1273 478 amoveant.

201 499 604 543 Commentaculum
619 506 632 522 Ζ
662 514 796 554 genus
832 502 1028 554 virgulae,
1063 503 1218 557 quain
1239 503 1468 546 sacrificiis
1482 509 1519 529 ²⁰
1552 510 1644 548 ute-

258 570 427 610 bantur.

202 636 482 679 Committere
497 641 514 658 ³
542 638 718 691 proprie
739 641 805 679 est
824 637 998 680 insimul
1022 639 1202 682 mittere.

1262 639 1394 682 Nunc
1416 653 1468 682 eo
1489 641 1647 682 utimur

260 709 306 744 et
323 718 402 759 pro
419 705 577 752 facere,
599 709 675 747 aut
690 717 770 759 pro
789 706 1065 761 relinquere,¹
1099 711 1175 748 aut
1193 720 1273 761 pro
1293 707 1501 762 incipere.

204 771 556 826 Commugento,b
576 778 865 815 convocanto.

205 837 492 881 Comoediasc
523 844 693 882 constat
713 841 930 894 appellari
951 854 1009 882 ex
1021 854 1091 892 eo,
1111 843 1234 896 quod
1249 842 1374 885 initio
1389 844 1434 885 in
1455 843 1566 884 vicis
1580 843 1651 896 ju-

262 920 394 948 venes
416 911 589 950 cantare
611 908 728 949 soliti
742 914 892 949 essent
912 909 1238 951 convenientes.

207 974 495 1018 Comoediced
531 976 761 1029 figuratum
799 989 826 1017 a
861 976 1081 1018 comoedo.

1144 977 1332 1019 Plautus
1350 990 1360 1019 τ
1392 977 1516 1031 Euge
1546 977 1652 1019 heus

264 1043 467 1085 adstitisti
488 1047 531 1084 et
551 1043 681 1085 dulce
704 1048 750 1085 et
771 1044 1031 1085 comoedice.

816 1151 931 1163 eeeeee

934 1152 1054 1166 eeeeee

251 1222 291 1250 18
314 1219 385 1250 Pro
400 1219 434 1250 id
450 1223 496 1251 est
509 1219 602 1250 simul
623 1219 679 1250 alii
700 1219 824 1251 habent
850 1220 881 1250 in
904 1220 1095 1251 εἰκώ-19
1119 1218 1316 1261 Legendum
1333 1224 1449 1251 monet
1462 1219 1548 1250 Dae.
1567 1218 1658 1249 Com-

209 1264 456 1294 motacula.—2o
486 1262 556 1293 Alii
578 1262 748 1294 sacris.—l
774 1263 962 1303 Delinquere
987 1263 1203 1295 scribendum
1230 1267 1346 1295 monet
1374 1263 1465 1295 Scal.
1486 1261 1659 1302 relinquere

214 1306 312 1337 Fulv.
329 1305 441 1338 Ursin.
457 1310 493 1337 et
509 1305 594 1337 Dae.

862 1369 1006 1402 NOTAE

212 1444 294 1475 tium
309 1444 472 1485 petebant
485 1449 672 1476 conventus
686 1444 807 1485 agendi
831 1455 904 1485 gra-

212 1495 271 1525 tia.
316 1495 395 1526 Fuit
420 1500 534 1526 autem
554 1495 714 1526 comitium
728 1500 825 1526 certa
841 1495 906 1526 fori

212 1545 358 1576 Romani
378 1545 472 1585 regio
499 1555 538 1576 ac
557 1545 681 1585 portio,
697 1545 737 1576 ad
764 1546 906 1577 Hostili-

211 1605 263 1626 am
281 1595 419 1634 curiam,
435 1601 470 1626 et
487 1595 605 1626 subter
626 1601 733 1626 rostra
750 1595 909 1627 Hostilia:

213 1647 317 1677 curiae
334 1646 459 1685 adfixa,
473 1657 491 1677 a
507 1648 638 1678 coeundo
660 1646 800 1679 dictum.
844 1648 909 1678 Co-

215 1700 360 1730 mitiales
377 1700 448 1730 dies
466 1699 553 1731 inter
568 1698 672 1730 fastos
695 1699 767 1730 dies
796 1708 910 1730 nume-

215 1755 346 1789 rantur,
385 1756 420 1781 et
466 1750 540 1781 illos
590 1749 732 1780 nefastis
768 1749 912 1790 opponit

215 1800 331 1831 I'laut.
357 1800 493 1831 Poenul.
510 1809 567 1831 111.
583 1803 613 1830 2.
638 1800 646 1815 ‘
664 1800 741 1830 Non
767 1799 911 1839 potuisti

216 1849 386 1881 adducere
398 1850 548 1880 homines
564 1850 671 1889 magis
684 1849 723 1880 ad
740 1850 826 1880 hanc
841 1859 911 1880 rem

216 1900 379 1931 idoneos:
418 1899 505 1931 Nam
536 1900 678 1931 istorum
720 1900 829 1930 nullus
855 1909 913 1929 ne-

217 1948 367 1988 fastu’st,
392 1949 582 1981 comitiales
610 1954 688 1980 sunt
716 1950 810 1980 meri.
859 1950 911 1980 lbi

217 2000 389 2039 habitant,
420 1999 467 2030 ibi
505 2009 562 2030 eos
593 1999 783 2040 conspicias
812 2010 911 2041 quam

219 2050 409 2081 Praetorem
427 2049 573 2090 saepius.'
597 2050 679 2080 Duc.

261 2107 275 2128 Υ
312 2100 576 2140 Commentacula]
611 2100 805 2141 Legendum
839 2110 916 2130 com-

220 2153 372 2184 motacula
402 2158 439 2183 ut
466 2152 499 2183 in
530 2151 586 2182 all.
616 2151 715 2182 editt.
746 2159 867 2191 nempe
899 2160 917 2181 a

223 2202 507 2243 ‘commotando,’
535 2202 568 2233 id
592 2207 657 2241 est,
682 2202 917 2233 ‘commoven-

224 2253 291 2284 do!
309 2254 405 2285 Idem.

265 2309 276 2323 ²
304 2303 601 2343 Conmentaculum]
620 2304 700 2343 Leg.
715 2304 917 2333 commotacu-

223 2355 296 2385 lum.
338 2355 415 2385 Vid.
434 2360 502 2385 not.
516 2354 738 2394 superiorem.
764 2352 863 2383 Idem.

267 2409 281 2424 ³²
306 2405 519 2446 committere]
564 2404 695 2443 Scribe,
734 2403 920 2443 delinquere,

226 2464 292 2485 non
307 2456 488 2495 relinquere.
519 2457 592 2488 Jos.
608 2456 697 2487 Scal.

273 2506 486 2546 Commillere]
511 2506 652 2536 Iusimul
678 2505 827 2543 mittere,
845 2504 923 2544 jun-

229 2566 321 2595 gere.
364 2556 487 2596 Virgil.
526 2558 535 2573 ‘
551 2556 756 2597 Delphinum
799 2553 924 2586 caudas

228 2611 324 2637 utero
336 2606 511 2637 commissa
522 2606 699 2646 luporum.’
723 2605 924 2638 Commissas

229 2657 371 2697 habens,
388 2656 420 2687 id
438 2661 502 2696 est,
524 2656 674 2696 junctas.
718 2658 789 2688 Pro
803 2657 925 2696 facere,

232 2708 352 2740 Cicero
366 2707 423 2740 lib.
440 2716 465 2740 ι.
485 2707 528 2739 de
552 2707 701 2747 legibus:
732 2713 740 2726 ⁸
758 2708 928 2740 Quocirca

961 1455 1081 1477 vereor
1095 1445 1309 1477 committere
1326 1454 1368 1475 ne
1386 1453 1453 1475 non
1477 1442 1563 1474 bene
1585 1451 1662 1482 pro-

963 1495 1033 1526 visa
1061 1496 1228 1536 principia
1252 1493 1460 1535 ponantur:’
1483 1502 1545 1534 pro
1568 1493 1665 1523 delin-

961 1555 1064 1586 quere,
1082 1546 1131 1578 sic
1147 1547 1236 1577 enim
1253 1545 1335 1586 legit
1352 1545 1504 1585 Scaliger
1530 1553 1592 1584 pro
1614 1552 1663 1573 re-

963 1597 1113 1636 linquere,
1127 1596 1224 1637 Virg.
1238 1605 1262 1627 1.
1278 1595 1408 1627 AEneid.
1435 1596 1444 1612 ‘
1461 1594 1551 1627 Quid
1570 1602 1664 1624 meus

964 1645 1086 1676 AEneas
1123 1646 1157 1676 in
1197 1651 1232 1677 te
1270 1644 1483 1676 committere
1520 1649 1666 1681 tantum,

965 1695 1058 1727 Quid
1071 1695 1177 1726 Troes
1190 1699 1331 1736 potuere
1343 1695 1353 1725 ?
1366 1694 1373 1706 ’
1407 1693 1471 1725 Sed
1488 1693 1667 1734 scripsisse

965 1746 1077 1786 potuit
1102 1745 1204 1777 etiarn
1236 1746 1358 1776 Festus
1378 1744 1564 1784 relinquere.
1610 1743 1668 1774 Sic

968 1796 1114 1836 Nonius,
1150 1797 1158 1813 ‘
1174 1795 1408 1830 Committere,
1447 1794 1587 1833 donare,
1618 1802 1669 1823 re-

966 1847 1133 1888 linquere.
1161 1847 1211 1877 M.
1236 1846 1366 1877 Tullius
1393 1845 1425 1876 in
1442 1845 1586 1875 Verrem
1613 1853 1671 1874 ac-

968 1897 1061 1928 tione
1079 1907 1118 1928 ιι.
1144 1897 1179 1928 Is
1192 1896 1451 1928 calumniatores
1465 1904 1508 1925 ex
1521 1894 1594 1925 sinn
1608 1902 1668 1925 suo

968 1948 1139 1988 apposuit,
1156 1947 1213 1989 qui
1238 1947 1327 1977 illam
1350 1944 1587 1977 haereditatem
1602 1944 1670 1974 Ve-

968 1998 1037 2028 neri
1056 1998 1212 2038 Erycinae
1239 1997 1452 2028 commissam
1478 2004 1552 2026 esse
1576 1994 1670 2025 dice—

971 2049 1071 2080 rent.’
1104 2049 1173 2080 Pro
1188 2048 1335 2088 incipere,
1360 2047 1456 2086 Virg.
1473 2045 1532 2075 lib.
1548 2053 1581 2075 v.
1602 2045 1611 2061 ‘
1627 2045 1671 2075 Et

972 2098 1055 2129 tuba
1076 2098 1272 2129 commissos
1296 2095 1407 2127 medio
1433 2095 1525 2126 canit
1546 2104 1670 2135 aggere

972 2148 1093 2189 ludos,’
1122 2152 1158 2179 et
1186 2147 1245 2178 lib.
1276 2155 1344 2178 vn.
1379 2145 1564 2176 ‘Promissi
1597 2146 1674 2175 Dea

972 2197 1063 2229 facta
1077 2203 1198 2238 potens
1215 2196 1271 2228 ubi
1285 2196 1445 2236 sanguine
1469 2195 1592 2226 bellum
1606 2195 1673 2226 Im-

973 2248 1047 2278 buit
1066 2253 1102 2279 et
1128 2248 1244 2288 primae
1267 2246 1435 2278 commisit
1456 2245 1575 2276 funera
1591 2255 1673 2286 pug-

971 2299 1051 2331 nae.'
1077 2301 1161 2331 Duc.

1017 2350 1029 2369 ὓ
1055 2348 1292 2389 Commugemo]
1337 2348 1482 2388 Proprie
1513 2348 1523 2365 ⁴
1544 2347 1677 2379 concla-

974 2399 1127 2431 mantoz’
1154 2409 1230 2430 nam
1247 2399 1256 2416 ‘
1277 2399 1389 2439 mugio
1402 2398 1411 2411 '
1436 2403 1471 2429 et
1487 2399 1496 2416 ‘
1514 2406 1634 2438 mugeo
1648 2408 1656 2428 ;
1671 2397 1678 2409 ’

977 2451 1066 2483 unde
1083 2451 1092 2468 ‘
1109 2449 1330 2490 commugeo.'
1353 2450 1451 2480 Idem.

1019 2509 1031 2524 ε
1050 2501 1237 2541 Comoedias]
1252 2500 1280 2532 A
1295 2500 1390 2540 κώμη,
1406 2500 1415 2516 ‘
1428 2498 1544 2538 vicns‚’
1558 2502 1593 2529 et
1605 2497 1677 2537 ὦδὴ,

979 2558 987 2571 ⁴
1006 2551 1147 2592 cantus,’
1163 2551 1243 2593 quia
1255 2550 1287 2581 hi
1305 2551 1396 2581 lusus
1408 2548 1441 2579 in
1457 2548 1537 2578 vicis
1549 2547 1680 2578 fiebant

981 2608 1165 2644 antequam
1202 2601 1236 2632 in
1281 2599 1382 2631 urbes
1425 2598 1678 2630 convenissent.

983 2655 1080 2685 Idem.

1026 2705 1040 2725 ⁴¹
1066 2700 1252 2741 Comoedice]
1265 2697 1563 2732 Plaut.inMilite:
1590 2699 1679 2730 ‘Eu-
