1835 2906
328 133 389 161 Dlv]
425 129 698 160 VERBORUM
732 125 1145 157 SIGNIFICATlONE
1183 126 1275 153 1118.
1310 125 1419 153 vlit.

1536 113 1619 152 5307

175 227 410 280 Hippius,¹’
433 226 475 266 id
505 230 586 275 est,
625 227 841 278 equester,
880 222 1111 274 Neptunus
1133 219 1278 259 dietus
1302 223 1380 267 est,
1404 218 1474 258 vel
1506 218 1621 270 quod

233 295 429 346 ‚Pegasus
458 306 515 333 ex
546 306 597 333 eo
626 298 670 332 et
702 289 921 343 Pegaside
955 293 1083 329 natus
1115 287 1203 337 sit;
1236 287 1303 327 vel
1337 285 1455 340 quod
1483 299 1621 339 equu-

233 362 345 408 leus,
387 365 435 400 ut
474 365 646 414 putant,
676 361 776 400 loco
822 357 919 411 ejus
966 355 1224 408 suppositus
1257 354 1445 394 Saturno
1479 354 1623 403 fuerit,

232 441 359 482 quem
395 442 475 481 pro
504 428 711 481 Neptuno
733 427 989 467 devoraret:
1021 423 1091 464 vel
1123 422 1240 476 quod
1274 422 1470 462 tridentis
1500 423 1625 462 ictuq

232 500 348 537 terra
369 509 532 549 equum
560 495 765 537 excierit:
799 493 871 534 cui
906 492 963 532 ob
993 491 1077 532 hoc
1109 491 1151 530 in
1174 490 1354 542 Illyrico
1392 494 1627 542 quaternos

234 577 371 617 equos
389 564 639 618 rjaciebant
661 575 773 602 nono
798 572 974 614 quoque
997 572 1114 599 anno
1134 559 1178 598 in
1201 570 1336 598 mare.

180 631 473 684 Hippoeoum
507 632 652 671 vinum
683 643 737 671 ex
772 629 914 669 insula
942 627 1054 675 Coo,
1085 627 1250 667 dictum
1284 625 1340 665 ab
1375 636 1481 676 agro
1503 636 1630 676 gene-

236 712 351 748 roso,
375 700 447 739 cui
468 711 626 738 nomen
651 701 718 738 est
742 697 918 749 Hippo.

181 766 327 815 Hira,S
363 779 463 819 quae
498 765 766 806 deminutive
803 764 963 804 dicitur
993 763 1113 811 hilla,
1145 774 1273 814 quam
1310 759 1459 801 Graeei
1482 758 1633 799 dicunt

235 837 373 883 νῆστιν,
395 834 747 880 intestinum-est,
770 831 890 885 quod
907 831 1109 884 jejunum
1132 834 1305 870 vocant.

167 901 407 961 'Hircipilu
430 901 615 941 duorum
633 901 825 954 pilorum
838 900 1086 939 homines.¹0

170 973 185 983 1·-

792 1027 1007 1040 ee‘eaeettae‘ae
1013 1028 1027 1038 a

231 1099 268 1127 10
294 1096 379 1126 Vide
397 1095 504 1126 Notas
522 1094 583 1126 inf.

841 1194 984 1225 NOTAE

225 1280 240 1300 ν
266 1271 420 1313 Hippius]
436 1270 561 1302 Ἵππιον
578 1271 628 1302 vel
647 1270 771 1302 ἱππικὸν
789 1270 883 1310 Nep-

184 1330 302 1355 tunum
332 1323 446 1353 vocari
475 1321 549 1352 fuse
577 1331 619 1351 ex
647 1321 820 1361 Aristopli.
850 1320 883 1350 in

185 1375 300 1415 Equit.
335 1372 435 1403 Ἵππι’
452 1372 526 1411 ἄναξ
542 1371 702 1411 Πόσειδον,
717 1370 739 1412 ᾧ
761 1376 885 1402 Χαλκο·

184 1425 301 1466 κρότων
323 1424 425 1455 ἵππων
452 1423 568 1455 κτύπος
597 1422 655 1454 Καὶ
679 1421 886 1463 χρεμετισμὸς

185 1475 319 1507 ἁνδάνει.
340 1477 348 1491 ‘
369 1475 400 1506 Ο
425 1475 498 1505 Rex
525 1479 685 1515 equester
709 1475 886 1513 Neptune,

185 1527 240 1558 cui
267 1525 463 1566 AEripedum
493 1535 654 1566 equorum
683 1525 813 1555 sonitus
843 1525 888 1554 Et

185 1577 333 1608 hinnitus
352 1575 490 1616 placet.’
536 1575 619 1606 Ideo
635 1581 749 1605 autem
767 1574 890 1613 hippius

184 1628 288 1658 ‘ln-mos
301 1627 425 1665 dicius,
438 1627 514 1667 quia
533 1626 659 1665 primus
673 1635 776 1665 equos
787 1625 889 1665 junx-

188 1679 254 1708 isse
271 1677 398 1708 dicitur
421 1682 455 1707 et
480 1676 653 1717 equitandi
674 1681 782 1706 artem
800 1675 892 1704 inve-

189 1730 289 1759 nisse.
332 1727 491 1767 Sopliocl.
515 1727 549 1756 in
567 1726 680 1765 OEdip.
708 1725 824 1755 Colon.
847 1722 891 1754 Ὦ

188 1780 246 1809 παῖ
259 1777 389 1818 Κρόνου,
402 1776 441 1807 σὺ
452 1775 513 1816 ’γάρ
529 1787 574 1806 νιν
595 1774 635 1806 εἷς
650 1773 718 1806 Τόδ’
735 1773 819 1805 &aas
840 1775 891 1804 αὔ-

189 1829 276 1869 χημ’,
292 1828 365 1867 ἄναξ
380 1827 544 1867 Ποσειδὰν,
556 1826 716 1857 Ἵπποισιν
730 1825 787 1856 τὸν
802 1825 892 1855 ἀκεσ-

188 1882 267 1919 τῆρα
297 1878 430 1919 χαλινὸν
458 1877 614 1917 Πρώταισι
639 1876 739 1907 ταῖσδ’
769 1875 895 1906 ἔκτισας

190 1932 321 1970 ἀγυιαῖς.
348 1933 356 1948 ‘
376 1932 522 1960 Saturno
545 1928 671 1967 genite,
689 1933 724 1957 tu
749 1928 836 1958 enim
855 1927 893 1957 il-

190 1986 231 2016 lis
265 1982 447 2026 (Athenis)
477 1983 560 2012 nanc
589 1981 730 2021 gloriam
758 1978 895 2017 dedisti,

193 2036 267 2066 Rex
283 2036 458 2074 Neptune,
472 2033 536 2065 Qui
555 2031 650 2072 equis
666 2029 807 2061 fr'aenum
826 2030 893 2070 pri-

192 2095 265 2117 mus
303 2085 342 2115 In
381 2083 473 2114 hisce
513 2080 704 2122 regionibus
735 2078 893 2111 dederis.'

195 2136 295 2166 Idem.

235 2193 249 2212 ‘¹
279 2187 333 2218 Vel
363 2187 443 2225 quod
477 2184 624 2215 tridentis
652 2183 732 2223 ictu]
761 2180 895 2219 Virgilii

194 2238 304 2268 locum
322 2237 365 2266 ob
382 2236 497 2266 oculos
513 2235 632 2265 habuit
652 2234 711 2264 lib.
729 2242 752 2263 1.
771 2232 896 2272 Georg.

195 2289 204 2303 ‘
222 2287 338 2327 Tuque
361 2295 392 2323 o,
411 2285 463 2315 cui
484 2285 592 2325 prima
611 2282 815 2314 frementem
834 2281 897 2311 Fu-

196 2337 246 2367 dit
264 2346 386 2377 equum
405 2344 526 2374 magno
545 2335 643 2366 tellus
661 2342 818 2372 percussa
842 2332 897 2362 tri·

198 2387 305 2422 denti,
334 2384 519 2425 Neptune!
566 2384 630 2415 Alii
649 2384 742 2414 aiunt
764 2393 781 2414 e
808 2383 898 2423 Nep-

200 2438 269 2468 tuni
285 2436 410 2467 semine
427 2437 460 2466 in
473 2444 553 2465 saxo
568 2433 766 2465 dormientis
780 2443 899 2473 equum

198 2493 329 2523 natum,
347 2487 401 2527 qui
422 2486 498 2516 inde
526 2485 680 2525 Scyphius
701 2483 811 2514 dictus
836 2488 901 2522 est,

200 2545 233 2570 et
259 2539 331 2579 ipse
356 2538 537 2576 Neptunus
561 2536 715 2566 Petraens.
761 2533 900 2564 Pindar.

202 2589 303 2629 Pyth.
323 2588 390 2619 Od.
404 2596 452 2618 lv.
473 2586 736 2617 ΠαῖΠοσ-ειδῶνος
745 2582 899 2623 πετραίου.

202 2641 211 2656 ‘
230 2639 292 2669 Fili
318 2638 473 2677 Neptuni
502 2636 657 2668 Petraei!
704 2635 768 2666 Ubi
797 2635 900 2664 Sello—

203 2693 319 2722 liastes
333 2701 339 2721 t
356 2690 495 2721 ἐπίθετον
511 2690 700 2720 Ποσειδῶνος
717 2688 733 2717 ὃ
748 2687 900 2726 πετραῖος)

938 1268 1015 1308 φασὶ
1039 1267 1071 1299 δὲ
1093 1267 1142 1298 καὶ
1171 1267 1277 1305 ἀγῶνα
1304 1264 1490 1296 διατίθεσθαι
1517 1265 1561 1303 τῷ
1587 1277 1639 1295 πε·

937 1319 1030 1361 τραίῳ
1053 1320 1231 1353 Ποσειδῶνι,
1258 1316 1334 1348 ὅπου
1359 1316 1420 1347 ἀπὸ
1445 1317 1501 1353 τῆς
1525 1314 1638 1356 πέτρας

940 1371 1127 1410 ἐξεπήδησεν
1142 1370 1159 1399 ὃ
1173 1369 1291 1408 πρῶτος
1308 1366 1412 1398 ἵππος.
1439 1367 1468 1398 Ι.
1486 1376 1517 1397 e.
1533 1367 1542 1383 ‘
1561 1366 1641 1406 Epi-

942 1423 1073 1453 tlietuui
1111 1420 1266 1461 Neptuni
1307 1420 1486 1449 Petraeus:
1521 1416 1639 1448 ferunt

942 1474 1045 1504 etiam
1075 1477 1109 1503 et
1143 1471 1175 1501 in
1203 1472 1361 1501 honorem
1389 1468 1542 1508 Neptuni
1578 1467 1642 1497 Pe-

945 1525 1018 1555 tra‘i
1042 1523 1137 1555 ludos
1160 1521 1348 1556 institutos,
1366 1519 1398 1549 in
1424 1519 1544 1549 eodem
1567 1518 1643 1548 loco

945 1574 1001 1605 ubi
1014 1584 1032 1605 e
1046 1580 1133 1603 terra
1151 1572 1277 1612 primus
1295 1579 1401 1610 equus
1417 1567 1567 1599 exsiliit?
1598 1568 1643 1598 Et

946 1625 1047 1664 paulo
1067 1629 1165 1653 ante:
1193 1620 1243 1651 ἐπί
1257 1631 1339 1651 τινος
1354 1617 1469 1659 πέτρας
1491 1616 1645 1656 κοιμηθεὶς

947 1676 1102 1706 Ποσειδῶν
1121 1669 1383 1712 ἆπεσπερμάτισε,
1403 1669 1453 1700 καὶ
1477 1668 1533 1698 τὸν
1557 1667 1645 1707 θορὸν

945 1725 1091 1765 δεξαμένη
1111 1724 1131 1762 ἦ
1145 1725 1188 1763 γῆ
1204 1722 1353 1754 ἀνέδωκεν
1366 1721 1460 1751 ἰ’ππον
1475 1721 1597 1760 πρῶτον
1611 1718 1647 1749 ὃν

947 1776 1144 1807 ἐπεκάλεσαν
1158 1775 1304 1813 Σκύφιον.
1316 1772 1349 1802 id
1365 1776 1429 1811 est,
1444 1773 1452 1787 ‘
1469 1771 1577 1810 Super
1592 1779 1650 1809 pe·

949 1833 1000 1858 tra
1015 1826 1160 1868 quadani
1179 1824 1348 1854 dormiens
1367 1821 1549 1860 Neptunus
1567 1819 1647 1850 emi-

950 1878 993 1907 sit
1010 1886 1138 1914 semen,
1155 1883 1219 1915 quo
1235 1876 1377 1911 accepto
1395 1876 1486 1901 terra
1503 1870 1647 1910 primuni

949 1937 1071 1969 equum
1103 1925 1204 1964 fudit,
1238 1932 1337 1964 quern
1376 1930 1541 1952 vocavere
1567 1921 1648 1958 Scy-

949 1976 1087 2019 phiuni.'
1111 1977 1209 2007 Idem.

991 2035 1002 2051 Γ
1027 2030 1204 2065 Quaternos
1227 2026 1334 2068 equos]
1358 2025 1414 2056 Sic
1433 2023 1552 2054 Rhodii
1571 2031 1648 2062 qua-

950 2081 1062 2121 drigas
1088 2080 1148 2110 soli
1174 2081 1389 2109 consecratas
1414 2074 1591 2116 quotannis
1617 2073 1649 2102 in

950 2140 1042 2161 mare
1056 2128 1245 2169 jaciebant.
1274 2126 1372 2156 Idem.

992 2185 1002 2200 ⁸
1031 2179 1129 2218 Hira]
1164 2178 1276 2209 Plaut.
1297 2177 1451 2215 Cam-11.
1470 2176 1498 2204 l.
1521 2172 1530 2189 ‘
1549 2171 1650 2202 Radi-

951 2241 1008 2262 ces
1034 2230 1146 2261 cordis
1172 2232 1331 2268 pereunt,
1347 2226 1428 2255 hirae
1453 2232 1568 2253 omnes
1593 2221 1650 2251 do-

951 2280 1046 2312 lent.y
1093 2279 1147 2310 Ab
1175 2279 1255 2313 hira,
1272 2276 1393 2312 hirnia,
1420 2273 1512 2304 uilla.
1560 2271 1651 2301 Dici-

954 2339 1008 2363 tur
1026 2337 1059 2362 et
1076 2331 1187 2361 Icilium
1211 2329 1243 2359 in
1267 2332 1385 2357 neutro
1410 2332 1548 2364 genere,
1563 2321 1652 2362 quod

953 2384 1059 2413 Varro
1077 2382 1118 2412 ab
1134 2381 1196 2411 hilo
1213 2377 1358 2414 derivat,
1375 2375 1408 2406 id
1425 2379 1488 2410 est,
1504 2372 1652 2403 minimo.

956 2433 1055 2463 Idem.

996 2485 1006 2503 ῑ
1032 2479 1198 2521 Hircipz'li]
1221 2478 1287 2510 Qui
1314 2476 1398 2517 pilos
1421 2474 1548 2504 habent
1566 2471 1654 2502 simi-

956 2534 1003 2564 les
1031 2531 1166 2562 hircinis
1183 2540 1190 2560 :
1215 2529 1247 2559 in
1266 2527 1403 2567 antiqua
1422 2524 1655 2556 Mediolanen-

955 2584 981 2614 si
1008 2583 1146 2622 legitur‚
1173 2578 1309 2619 1ιίνοὶμίΖί
1335 2578 1498 2608 densorum
1522 2575 1656 2614 pilorum

955 2633 1102 2664 homines.
1161 2630 1275 2662 Graeci
1305 2632 1428 2659 vocant
1463 2624 1658 2665 δασύθριχες.

956 2685 996 2715 In
1025 2682 1176 2713 editione
1194 2681 1326 2711 Veneta
1345 2680 1425 2709 Ant.
1452 2673 1655 2715 Augustini:
