1835 2906
226 160 309 202 372

285 298 295 307 .
316 298 323 307 .
345 298 353 308 .
375 278 460 320 gna
481 267 581 321 quis
600 266 747 309 homo.
770 297 778 307 .
804 297 813 308 .
839 300 847 308 .

666 170 815 202 SEXTI
854 171 1051 202 ΡΟΜΡΕΙΙ
1089 172 1224 204 FESTI

285 364 320 375 ..
342 362 352 373 .
375 341 448 374 aut
477 335 704 389 pulchrius
738 341 900 390 purgat
931 341 1005 376 aut
1032 335 1172 390 magni
1204 335 1313 376 cius.-
1342 350 1446 378 nunc
1483 337 1623 394 magni
1654 362 1672 370 -

282 402 456 452 centius,
477 402 678 452 dicimus,
701 416 802 444 cum
825 402 1045 457 magnifice
1065 402 1148 457 ejus
1161 402 1374 457 positivus.
1395 435 1404 445 .
1423 435 1432 446 .
1447 435 1458 447 .

285 467 521 511 ...Sit...

557 475 603 511 at
636 483 774 524 nepos
796 469 891 523 ejus
927 472 972 511 in
1007 484 1060 512 ea
1088 484 1210 525 quam
1244 471 1405 527 scripsit
1426 502 1436 512 .
1458 503 1491 513 ..
1524 479 1671 514 tamen

282 537 357 586 ait,
374 550 473 578 cum
496 538 657 579 AEdilis
685 536 851 578 curulis
867 545 985 579 esset.
1004 571 1014 580 .
1032 569 1041 580 .
1061 552 1218 594 magnae
1238 540 1383 582 matris
1403 540 1532 582 ludos
1553 554 1672 594 mag-

281 603 524 658 nificentius,
546 619 666 660 quam
687 603 907 660 alii,fecz‘t.

226 672 531 726 Magnificiorq
563 686 744 727 quoque
764 672 868 715 idem
885 674 1090 717 deduxisse
1112 675 1272 718 videtur
1293 689 1318 716 α
1339 674 1538 729 munffice.

226 739 437 794 Magnum
459 753 616 782 annum
629 745 641 761 f
661 740 815 783 dicunt
835 743 1149 795 mathematici,
1169 756 1260 798 quo
1284 749 1458 798 septem
1491 743 1617 795 [PAU
1625 755 1672 785 1.-

875 874 1016 907 NOTAE

222 960 312 1002 potis
325 961 374 992 M.
389 961 540 1001 Catonis,
556 965 593 993 ut
606 961 737 1002 opinor,
751 961 920 993 sententia

222 1010 366 1042 obscura
382 1016 445 1046 est,
462 1011 510 1042 his
532 1011 647 1052 paucis
664 1012 828 1053 exceptis,
843 1021 919 1053 quae

222 1060 330 1091 Paulo
346 1060 519 1092 debemus.
542 1061 620 1093 Ant.
637 1061 724 1102 Aug.

265 1111 398 1150 Magni.
413 1134 420 1143 .
433 1111 467 1151 .]
491 1112 575 1144 Cum
593 1113 625 1143 in
639 1113 730 1145 bisce
742 1113 918 1145 ruderibus

222 1162 414 1193 excitandis
431 1163 512 1194 satis
535 1163 591 1195 diu
615 1174 668 1196 me
684 1165 864 1202 torsissem,
884 1170 920 1197 et

222 1221 338 1243 eorum
365 1217 498 1244 tantum
525 1219 657 1254 partem
681 1214 827 1256 aliquam
851 1215 920 1247 edi-

221 1263 356 1304 dissem,
371 1264 508 1295 tandem
525 1274 578 1296 me
595 1265 636 1296 ab
653 1265 714 1297 hac
730 1269 812 1297 cu'ra
825 1266 919 1298 sclie-

221 1314 272 1346 dae
290 1314 432 1346 liberum
450 1314 666 1357 fecere,quae
684 1317 710 1347 si
728 1326 793 1348 non
809 1318 918 1350 locum

219 1364 405 1406 integrum,
429 1370 543 1397 tamen
560 1367 772 1408 aliquatenus
789 1372 917 1399 restau-

221 1415 289 1446 rari
306 1413 458 1455 facilem,
474 1423 617 1456 ponunt.
650 1417 765 1449 Verba
781 1419 916 1459 quidem

221 1464 361 1496 Catonis
386 1470 423 1497 ut
440 1466 538 1497 valde
556 1466 757 1499 confidentis
773 1473 866 1501 esset
881 1479 917 1501 se

220 1516 453 1555 praestiturum
466 1516 631 1557 recipere,
647 1518 696 1549 ita
709 1518 806 1550 nimis
820 1520 918 1551 meti-

219 1565 326 1596 culosi
356 1576 460 1607 super
490 1566 530 1598 iis
562 1568 795 1609 conjecturam
826 1580 919 1601 suam

219 1620 348 1647 tacere.
394 1617 522 1649 Locum
548 1618 653 1659 igitur
677 1619 846 1661 integrum
871 1621 919 1652 sic

219 1667 360 1698 tentabo
375 1678 382 1699 t
411 1669 490 1699 Cato
506 1668 538 1698 in
561 1679 595 1700 ea
613 1679 704 1709 quam
718 1671 853 1711 scripsit.
866 1693 874 1702 .
887 1694 894 1703 .
909 1696 917 1703 .

222 1718 366 1749 Crimina
381 1728 495 1758 magna
510 1719 578 1760 quis
593 1720 693 1757 homo,
703 1731 792 1761 quam
809 1725 918 1761 tu,aut

215 1769 355 1809 pulcrius
367 1774 495 1810 purgat,
508 1774 563 1801 aut
577 1772 773 1813 magnificius
788 1770 803 1804 ἰ)
826 1773 919 1804 Nunc

218 1820 471 1861 magnificentius
480 1821 623 1859 dicimus,
636 1832 703 1852 cum
718 1823 920 1865 magnificeris

218 1871 285 1909 ejus
295 1871 449 1911 positivus
464 1882 523 1903 non
538 1874 670 1913 amplius
684 1875 724 1905 sit
741 1875 774 1905 in
786 1886 855 1907 usu.
871 1876 918 1908 At

217 1930 312 1961 nepos
327 1920 392 1960 ejus
403 1922 436 1952 in
450 1932 485 1953 ea
497 1933 588 1962 quam
602 1924 736 1964 scripsit.
749 1947 757 1956 .
772 1948 780 1957 .
795 1948 803 1957 .
816 1929 918 1958 tamen

218 1971 285 2002 ait.-
318 1982 387 2003 cum
417 1973 519 2004 oedilis
546 1974 662 2005 curulis
690 1979 768 2007 esset
795 1976 823 2007 is
851 1980 917 2008 tum

217 2032 351 2063 magnae,
372 2024 424 2063 δῖε.
450 2023 493 2055 de
519 2030 646 2065 nepote
675 2026 815 2057 Catonis
843 2027 918 2060 vide

219 2073 366 2104 Gellium
384 2074 441 2106 lib.
460 2083 543 2107 xm.
561 2085 636 2116 cap.
654 2079 706 2108 18.
729 2077 810 2110 Duc.

261 2129 276 2149 (ἱ
299 2125 519 2166 llIagnificior]
534 2126 610 2158 Jam
626 2126 705 2157 alibi
719 2128 918 2165 monuimus,

219 2174 356 2205 Festum
373 2175 474 2206 libros
491 2185 567 2207 suos
594 2176 640 2207 ita
664 2177 918 2218 conscripsisse,

219 2229 257 2255 ut
272 2234 370 2256 voces
386 2235 513 2264 omneS,
530 2235 606 2267 quae
624 2226 666 2257 ab
683 2227 800 2258 eadem
817 2227 916 2259 litera

218 2275 429 2316 incipiebant
445 2277 477 2307 in
496 2277 638 2308 eundem
654 2277 775 2308 librum
791 2279 916 2310 retule-

219 2326 276 2363 rit,
292 2326 381 2357 nullo
397 2326 603 2368 syllabarum
626 2328 742 2359 ordine
759 2333 914 2360 servato:

219 2376 298 2407 iude
315 2377 517 2414 factumest,
532 2383 569 2409 ut
586 2379 643 2420 qui
658 2379 915 2420 singnlaalpba·

219 2425 347 2466 betico,
362 2433 399 2459 ut
414 2438 581 2465 vocamus,
599 2429 719 2461 ordine
735 2429 916 2470 disponere

220 2486 398 2517 aggressus
415 2485 482 2519 est,
506 2479 533 2510 is
560 2481 665 2511 multa
688 2481 859 2521 reliquerit
881 2485 916 2512 et

220 2533 379 2567 corrupta
395 2534 430 2559 et
447 2530 514 2560 suis
531 2530 667 2561 sedibus
684 2535 787 2562 mota.
811 2531 916 2562 Velut

220 2576 275 2607 liic
317 2579 510 2618 magnificior
542 2590 668 2620 quoque.
679 2604 686 2612 .
701 2604 708 2612 .
725 2602 732 2610 .
746 2580 834 2621 quod
873 2580 914 2612 ad

219 2627 392 2667 munificior
420 2629 580 2668 pertinet.
625 2631 796 2671 Scriptum
828 2632 914 2662 enim

220 2677 343 2718 fuerat,
364 2678 537 2719 mumjicior
553 2690 666 2720 quoque
687 2683 847 2713 deduxisse
868 2683 913 2713 vi-

220 2730 329 2761 detur:
352 2728 410 2760 sed
427 2728 480 2760 adi
506 2729 735 2762 ‘nmnificior.'
762 2732 856 2762 Idem.

1017 967 1029 982 r
1052 962 1205 1003 Magnum
1219 963 1348 1004 annum]
1372 963 1480 995 Cicer.
1497 962 1556 994 lib.
1574 971 1613 993 11·
1629 961 1671 992 (le

976 1013 1058 1045 Nat.
1072 1015 1175 1045 Deor.
1199 1013 1254 1045 ubi
1270 1014 1312 1045 de
1329 1013 1487 1055 planetis,
1508 1014 1517 1031 ‘
1531 1021 1670 1054 quarum

974 1074 1016 1096 ex
1041 1065 1233 1106 disparibus
1262 1066 1408 1097 motibus
1432 1073 1590 1105 magnum
1618 1072 1674 1094 an-

974 1125 1052 1146 num
1068 1116 1304 1148 Mathematici
1322 1115 1592 1149 nominaverunt,
1613 1111 1671 1154 qui

973 1169 1045 1197 tum
1062 1164 1221 1207 efficitur,
1241 1176 1315 1198 cum
1332 1166 1433 1205 Solis,
1451 1169 1487 1196 et
1503 1165 1621 1203 Lunae,
1637 1167 1672 1194 et

972 1216 1120 1258 quinque
1141 1217 1325 1249 errantium
1350 1217 1391 1248 ad
1414 1215 1556 1248 eandem
1582 1215 1671 1246 inter

971 1277 1008 1299 se
1024 1268 1312 1309 comparationem
1335 1266 1500 1299 confectis
1524 1266 1671 1298 omnium

971 1317 1090 1358 spatiis
1132 1322 1184 1350 est
1220 1317 1313 1350 facta
1351 1317 1529 1349 conversio
1546 1327 1554 1348 :
1593 1326 1670 1358 quae

972 1378 1072 1410 quam
1096 1368 1196 1409 longa
1218 1368 1275 1409 sit,
1290 1377 1412 1409 magna
1428 1367 1569 1409 quaestio
1593 1371 1668 1398 est:

972 1429 1047 1452 esse
1065 1429 1146 1451 vero
1162 1425 1292 1452 certam
1308 1423 1344 1451 et
1360 1418 1536 1450 definitam
1551 1426 1671 1449 neces-

971 1480 1006 1502 se
1027 1470 1103 1502 est.’
1149 1471 1194 1502 Et
1219 1471 1253 1502 in
1278 1469 1484 1502 Hortensio:
1515 1468 1670 1500 ‘Horum

972 1530 1150 1560 annorum,
1172 1531 1255 1562 quos
1294 1521 1326 1552 in
1364 1519 1463 1552 fastis
1495 1518 1670 1559 habemus,

972 1581 1111 1612 magnus
1125 1575 1175 1603 12.
1189 1572 1293 1603 millia
1304 1574 1491 1612 nongentos
1504 1569 1670 1611 quinqua·

973 1623 1068 1664 ginta
1098 1627 1244 1664 quatuor
1274 1631 1378 1653 annos
1409 1619 1672 1661 complectitur!

974 1673 1042 1706 Sed
1059 1683 1160 1705 merae
1174 1683 1284 1714 nugae.
1306 1673 1451 1713 Magnus
1465 1681 1585 1712 annus,
1600 1671 1672 1702 sive

973 1735 1079 1756 annus
1109 1725 1319 1763 Platonicus,
1349 1733 1423 1755 cum
1446 1723 1556 1754 stellae
1580 1721 1671 1764 fixae,

973 1775 1015 1807 ab
1034 1775 1230 1816 aequinoctii
1256 1779 1290 1805 et
1310 1774 1448 1806 solstitii
1474 1772 1670 1805 cardinibus

973 1825 1148 1866 digressae,
1172 1823 1216 1856 εἷς
1232 1824 1272 1856 τὰ
1288 1823 1423 1863 ἑπόμενα
1438 1828 1546 1855 totum
1564 1823 1671 1855 circu·

972 1876 1041 1906 lum
1058 1885 1152 1906 suum
1171 1874 1365 1906 confecere.
1411 1875 1478 1906 Eas
1499 1879 1611 1905 autem
1629 1883 1671 1905 ex

970 1926 1232 1965 Timacharidis,
1243 1925 1446 1966 Hipparchi,
1462 1925 1599 1966 suisque
1613 1924 1671 1955 ad-

971 1984 1012 2007 eo
1028 1975 1321 2007 observationibus
1350 1979 1485 2006 centum
1508 1983 1670 2006 annorum

973 2027 1082 2068 spatio
1100 2027 1241 2068 gradum
1266 2036 1367 2058 unum
1391 2027 1567 2057 absolvere
1587 2025 1670 2056 Pto-

971 2076 1108 2108 lemaeus
1119 2077 1300 2115 statuit‚ex
1316 2085 1381 2117 quo
1395 2074 1541 2107 efficitur
1553 2077 1670 2105 36000.

973 2137 1139 2158 annorum
1152 2127 1297 2158 decursu
1321 2125 1410 2157 hunc
1435 2134 1591 2166 magnum
1611 2134 1669 2155 an-

971 2187 1050 2208 num
1066 2177 1188 2208 evolvi.
1225 2176 1420 2208 Tardiorem
1437 2177 1525 2207 hunc
1541 2179 1669 2207 motum

970 2226 1101 2258 faciunt
1129 2227 1253 2257 tabulae
1270 2226 1537 2267 Alphonsianae:
1562 2226 1610 2257 ita
1632 2231 1671 2258 ut

970 2277 1049 2308 totis
1074 2279 1191 2308 49000.
1208 2277 1304 2307 annis
1320 2276 1493 2317 periodum
1509 2276 1595 2308 hanc
1612 2276 1669 2308 ab·

970 2326 1055 2358 solvi
1080 2336 1139 2357 rex
1161 2326 1353 2367 Alphonsus
1377 2325 1575 2358 crediderit.
1619 2325 1669 2357 At

970 2377 1183 2409 brevioribus
1199 2387 1272 2408 eam
1294 2377 1410 2418 spatiis
1426 2376 1669 2408 determinavit

970 2428 1207 2468 Albategnius‚
1245 2436 1307 2458 nec
1346 2428 1521 2468 plusquam
1548 2429 1665 2457 23700.

971 2489 1077 2510 annos
1109 2478 1139 2509 ei
1168 2478 1300 2513 tribuit,
1326 2478 1453 2519 quippe
1483 2486 1581 2518 quam
1611 2480 1664 2508 66.

970 2539 1105 2570 quoque
1129 2538 1217 2560 anno
1241 2528 1379 2569 gradum
1404 2537 1503 2558 unum
1525 2527 1665 2567 explere

970 2580 1243 2621 deprehenderit,
1268 2589 1365 2620 quam
1387 2578 1586 2609 sententiam
1604 2578 1664 2609 ob·

969 2630 1215 2661 servationibus
1242 2629 1308 2661 suis
1333 2629 1429 2668 longe
1453 2628 1664 2659 accuratissi-

970 2681 1030 2711 mis
1048 2681 1089 2711 ad
1107 2690 1220 2711 verum
1238 2679 1389 2720 proxime
1403 2678 1566 2710 accedere
1584 2689 1663 2710 con-

969 2730 1115 2761 firmavit
1135 2730 1258 2769 Tyclio,
1283 2739 1358 2760 nam
1381 2729 1466 2761 iutra
1492 2732 1543 2762 67.
1562 2740 1662 2761 auno-
