1835 2906
413 153 476 183 nn
509 154 779 197 VERBORUM
812 155 1223 190 smmmcmrronn
1259 161 1350 192 mn.
1383 163 1491 196 xiv.
1569 157 1652 198 579

214 248 475 301 Peregrinat
493 262 620 292 sacra
641 255 738 293 sunt
757 251 890 302 dicta,
922 265 1023 306 quae
1050 253 1105 293 ab
1134 254 1232 296 aliis
1264 258 1444 300 urbibus
1475 260 1650 312 [PAUL.

268 316 490 369 religionis
512 319 650 370 gratia
670 325 772 362 sunt
792 320 997 363 advecta.

213 382 446 437 Peregrina
466 399 594 428 sacra
614 389 904 443 appellantur,
925 402 1023 443 quae
1040 391 1117 430 aut
1146 394 1344 434 evocatis
1365 395 1449 437 diis
1487 398 1652 451 [FES'r.

269 452 312 492 in
343 455 655 507 oppugnandis
674 456 855 497 urbibus
876 456 1063 498 Romam
1086 463 1189 500 sunt
1209 460 1415 512 conlata,8
1447 470 1522 506 aut
1552 480 1651 520 quae

268 521 325 561 ob
360 521 573 575 quasdam
611 524 847 577 religiones
888 538 968 579 per
1004 539 1160 579 pacem
1199 532 1300 570 sunt
1333 531 1489 582 potita,
1523 538 1570 575 ut
1597 548 1653 575 ex

270 587 462 643 Phrygia
492 589 650 632 Matris
686 590 881 644 Magnae,
912 606 969 634 ex
1003 593 1181 636 Graecia
1211 594 1395 643 Cereris,
1429 599 1652 653 Epidauro

269 656 533 711 AEsculapii,
564 671 665 713 quae
703 659 912 702 coluntur
944 675 1093 704 eorum
1130 676 1262 715 more,
1300 678 1326 706 a
1361 667 1519 720 quibus
1558 674 1656 710 sunt

268 728 467 778 accepta.

212 788 471 844 Peregrinus
501 798 629 847 ageru
659 798 739 846 est,
769 795 846 850 qui
873 809 1015 851 neque
1047 796 1292 849 Romanus,
1323 813 1461 855 neque
1483 801 1654 846 hostilis

265 858 463 901 habetur.

212 924 440 968 Peremere
457 928 534 970 alii
546 942 735 982 posuere
751 943 828 984 pro
845 930 1090 984 prohibere,
1104 932 1179 973 alii
1195 946 1274 986 pro
1291 935 1459 977 vitiare.
1476 938 1566 991 [PA
1578 950 1657 980 UL.

212 991 496 1036 Peremere†X
526 996 706 1038 Cincius
726 998 770 1038 in
801 997 917 1039 libro
949 998 1002 1040 de
1035 1000 1181 1041 verbis
1203 1001 1363 1054 priscis
1385 1003 1448 1044 ait
1492 1006 1659 1058 [Fsss'r.

267 1062 512 1114 significare
533 1064 663 1117 idem,
694 1065 813 1119 quod
844 1066 1100 1119 prohibere:
1132 1073 1180 1109 at
1211 1068 1322 1111 Cato
1353 1071 1398 1111 in
1427 1072 1552 1123 libro,
1583 1076 1658 1128 qui

268 1134 340 1170 est
358 1130 412 1171 de
441 1145 486 1173 re
515 1133 708 1182 militari,
737 1146 820 1187 pro
851 1134 1004 1175 vitiare
1035 1148 1145 1176 usus
1177 1141 1262 1185 est,
1284 1150 1383 1178 oum
1415 1139 1504 1180 ait:
1546 1140 1658 1182 Cum

267 1198 546 1250 magistratus
575 1200 681 1240 nihil
711 1201 833 1241 aliud
868 1201 1001 1242 audet
1034 1203 1267 1256 imperare,
1298 1206 1460 1260 nequid
1491 1205 1657 1248 Consul

268 1265 457 1318 auspicii
478 1270 687 1320 peremat.

212 1330 451 1373 Peremney
480 1334 637 1377 dicitur
665 1335 903 1390 auspicari,
934 1335 1010 1389 qui
1042 1349 1225 1387 amnem,
1258 1344 1335 1380 aut
1366 1352 1537 1393 aquam,
1560 1354 1657 1395 quae

268 1412 325 1440 ex
349 1413 475 1442 sacro
494 1402 642 1452 oritur,
664 1404 897 1457 auspicato
919 1405 1089 1445 transit.

820 1523 919 1536 ‘Um
923 1523 1060 1535 OOOOOO

253 1589 272 1616 8
296 1586 376 1617 Vet.
393 1586 468 1617 cod.
485 1590 605 1618 conata.
644 1588 704 1619 Vir
721 1589 813 1621 doct.
831 1590 865 1621 in
883 1600 988 1630 marg.
1013 1590 1067 1621 ed.
1092 1591 1183 1623 Seal.
1199 1590 1339 1631 conjicit
1367 1596 1540 1626 σοιιεία.--ηι
1567 1593 1659 1625 Pcrc-

210 1639 302 1669 mere,
323 1631 374 1668 ᾃτ.
397 1629 468 1661 Jos.
485 1630 574 1661 Scal.
593 1632 625 1661 in
643 1641 748 1672 marg.
774 1632 827 1663 ed.
853 1643 921 1664 suae
948 1633 1082 1665 notavit
1114 1634 1186 1665 haec
1211 1634 1348 1674 quidem
1371 1644 1446 1666 esse
1472 1635 1576 1673 Festi,
1600 1636 1658 1666 sed

212 1680 276 1702 nou
294 1681 335 1702 ex
352 1673 488 1713 antiquo
507 1674 590 1704 libro
606 1680 726 1706 sumta.

863 1776 1006 1808 NOTAE

252 1852 261 1871 ῑ
285 1851 474 1893 Peregrina]
496 1852 583 1884 Vide
600 1853 757 1884 Verrium
778 1862 820 1884 ex
836 1852 906 1884 Pu-
1004 1856 1020 1872 x
1046 1853 1223 1894 Per-emere]
1247 1854 1311 1885 Vel
1329 1853 1494 1894 perimere,
1508 1862 1573 1884 nou
1592 1857 1660 1884 tam

210 1901 265 1932 uio
282 1901 340 1934 lib.
356 1911 490 1934 xxviii.
507 1913 584 1944 cap.
597 1907 628 1936 2.
648 1904 690 1936 de
707 1904 770 1935 diis
786 1913 906 1935 evoca·
958 1903 1122 1943 prohibere
1151 1905 1203 1936 vel
1232 1905 1362 1945 vitiare,
1397 1914 1497 1945 quam
1528 1903 1661 1934 omnino

210 1951 266 1991 tis,
288 1951 330 1982 de
355 1953 474 1993 quibus
491 1954 588 1994 plura
603 1955 758 1987 Macrob.
775 1955 832 1986 lib.
849 1963 906 1986 111.

209 2000 321 2032 Satur.
345 2003 423 2035 Ant.
439 2003 525 2042 Aug.

257 2052 429 2091 Peregrina
455 2053 556 2093 sacra]
578 2053 618 2084 In
646 2053 908 2094 oppugnationi-

209 2100 284 2136 buS,
306 2107 385 2133 ante
413 2103 526 2134 omnia
548 2103 750 2134 Sacerdotes
768 2104 909 2135 Romani

210 2151 332 2191 Deum,
347 2153 440 2193 cujus
455 2153 489 2184 in
507 2154 613 2185 tutela
629 2158 721 2185 esset
735 2153 910 2195 oppidum,

211 2202 299 2242 quod
329 2203 563 2244 obsidebatur,
589 2204 703 2236 verbis
733 2205 908 2245 conceptis

210 2254 411 2295 evocabant,
435 2256 747 2297 promittebantque
764 2256 811 2287 ini
827 2266 907 2287 euu-

212 2302 288 2332 dem
302 2308 359 2334 aut
370 2305 567 2344 ampliorem
579 2306 687 2336 locum
700 2306 909 2347 cultumque.

213 2351 265 2382 Ex
296 2353 411 2385 Verrio
443 2355 565 2386 Flacco
595 2354 697 2386 docet
728 2355 817 2386 Plin.
847 2355 906 2386 lib.

212 2409 346 2433 xxvru.
368 2413 446 2444 cap.
462 2407 513 2434 15.
559 2405 649 2436 Vide
671 2404 827 2436 Maerob.
849 2404 907 2436 lib.

212 2460 268 2482 111.
292 2453 460 2485 Saturnal.
477 2464 553 2495 cap.
571 2457 620 2486 15.
647 2456 728 2486 Duc.

257 2507 270 2521 ⁸¹
294 2503 485 2543 Peregrinus
511 2505 602 2545 ager]
635 2506 720 2536 Nam
749 2515 908 2546 agrorum

215 2551 362 2592 quinque
395 2564 538 2593 genera:
572 2557 580 2572 ‘
597 2556 790 2592 Romanus,’
811 2557 821 2573 ⁴
839 2556 907 2587 Ga-

212 2601 335 2638 binus,’
363 2603 612 2644 ‘Peregrinus,'
638 2606 846 2646 ‘Hosticus‚'
873 2610 908 2638 et

215 2651 224 2666 ‘
242 2651 417 2685 iucertus.'
461 2655 557 2686 Varr.
586 2655 645 2688 lib.
662 2665 712 2689 lv.
736 2657 778 2689 de
805 2658 843 2688 L.
866 2658 905 2689 L.

215 2701 309 2734 Idem.

962 1954 1080 1993 tollere,
1097 1954 1139 1984 ab
1153 1964 1230 1994 emo,
1247 1954 1340 1986 tollo.
1383 1954 1473 1985 Vide
1497 1953 1506 1970 ‘
1518 1962 1663 1984 surremu

963 2003 1030 2036 sit.’
1074 2006 1140 2036 Per
1169 2008 1280 2036 autem
1307 2005 1510 2036 intensivum
1537 2009 1601 2043 est,
1627 2009 1663 2035 et

962 2053 1052 2085 infra
1081 2056 1114 2086 iu
1146 2056 1259 2086 verbis
1287 2056 1426 2086 Catonis
1451 2055 1582 2095 perimat
1609 2059 1663 2085 est

961 2104 970 2120 ‘
981 2104 1101 2135 tollat-¹
1140 2103 1169 2135 A
1183 2104 1286 2135 verbo
1296 2114 1449 2145 peremere
1462 2108 1550 2143 sunt,
1565 2105 1574 2120 ‘
1588 2113 1663 2143 per⁶

963 2154 1102 2195 empta,⁷
1128 2154 1322 2193 interfecta,
1343 2165 1417 2196 quae
1433 2154 1569 2185 omnino
1586 2154 1661 2185 ειὼιἱ

962 2205 1034 2236 lata
1060 2209 1152 2244 sunt,
1176 2206 1256 2236 item
1281 2209 1288 2223 ‘
1304 2206 1530 2246 peremptalia
1553 2204 1662 2245 fulgu-

963 2253 1025 2293 ra‚'
1054 2264 1129 2295 quae
1162 2255 1273 2295 priora
1292 2255 1321 2285 vi
1351 2264 1410 2285 sua
1438 2255 1618 2295 perimunt,
1644 2254 1663 2284 i.

963 2304 1108 2335 tollunt:
1133 2309 1169 2334 et
1198 2306 1206 2321 ‘
1225 2304 1467 2344 peremtorium
1489 2304 1663 2344 edictum,⁶

963 2355 1051 2395 quod
1070 2355 1162 2385 litem
1182 2355 1338 2394 perimat,
1357 2355 1466 2386 tollat.
1490 2356 1590 2387 Idem.

1004 2410 1017 2431 y
1041 2405 1206 2445 Peremne]
1230 2404 1319 2435 Vide
1342 2405 1351 2420 ⁴
1366 2404 1554 2437 Petronia!
1585 2404 1663 2436 Ant.

961 2455 1048 2494 Aug.

1006 2505 1173 2545 Perennze]
1195 2506 1364 2537 Peremne
1390 2505 1575 2546 auspicium
1603 2504 1664 2536 du-

961 2555 1040 2596 plex
1058 2565 1066 2585 :
1092 2556 1282 2586 uuiversum
1301 2555 1430 2596 populi,
1447 2565 1520 2586 cum
1544 2554 1659 2585 Idibus

961 2606 1097 2636 Martiis
1112 2615 1242 2636 amnem
1256 2608 1432 2646 auspicato
1448 2606 1660 2641 transiret‚et

963 2655 1070 2687 Annae
1090 2657 1256 2687 Perannae
1271 2665 1340 2686 rem
1354 2655 1500 2687 divinam
1519 2654 1660 2688 faceret,

961 2711 998 2738 ut
1028 2716 1154 2738 armare
1193 2714 1447 2747 peraunareque
1486 2703 1659 2736 commode
