1835 2906
354 176 414 206 DE
448 174 717 206 VERBORUM
752 173 1157 205 SlGNlFlCATlONE
1192 175 1286 205 LlB.
1323 175 1352 206 1.

1517 165 1571 206 75

135 270 329 313 Ancaesa
348 272 470 312 dicta
492 276 596 312 sunt
618 272 671 312 ab
692 270 901 323 Antiquis
922 282 1046 318 vasa,
1069 282 1168 322 quae
1193 270 1350 311 caelata
1371 270 1572 322 appella-

193 353 315 380 mus:
348 339 466 392 quod
490 339 651 380 circum
678 337 892 379 caedendo
918 337 1025 377 talia
1052 336 1181 377 fiant:
1227 338 1374 390 ipsum
1400 349 1573 389 quoque

191 407 352 447 caelare
372 407 547 447 verbum
568 407 622 447 ab
644 406 794 447 eadem
814 418 949 446 causa
971 409 1040 445 est
1059 405 1237 455 dictum,
1268 416 1298 444 D
1326 405 1449 445 litera
1471 417 1571 445 cum

197 486 222 513 ι,
243 477 505 527 permutata.

136 541 315 594 Anceps
331 538 345 561 k
375 540 620 593 significare
643 539 817 579 videtur
838 538 897 588 id,
920 539 1040 592 quod
1064 551 1121 579 ex
1143 543 1331 591 utraque
1354 542 1478 591 parte
1501 551 1574 579 ca-

190 613 270 661 put
291 608 464 655 habeat,
485 613 532 647 ut
553 607 736 662 securis,
760 607 960 660 bipennis
980 621 988 644 :
1029 606 1106 645 sed
1128 606 1267 657 magis
1289 619 1316 645 a
1338 605 1573 658 capiendo,

191 675 308 728 quod
331 688 388 714 ex
411 679 590 726 utraque
613 679 736 727 parte
764 687 889 727 aeque
916 678 1149 727 captatur,4
1169 672 1443 726 appellatum
1464 677 1545 713 est.

138 741 346 783 Ancillae¹
368 742 498 783 dictae
521 743 576 783 ab
600 741 727 783 Anco
758 742 956 785 Marcio:
1002 742 1122 795 quod
1153 743 1192 782 is
1222 741 1336 782 bello
1369 754 1573 793 magnum

189 810 464 851 foeminarum
486 822 709 849 numerum
733 810 920 862 ceperit:
957 810 1049 850 sive
1071 809 1167 849 ideo
1190 808 1255 848 sic
1279 807 1573 861 appellantur,

191 876 309 929 quod
331 876 517 930 Antiqui
538 878 741 918 anculare
767 878 987 927 dicebant,
1009 890 1087 930 pro
1107 876 1348 917 ministrare
1366 888 1376 915 ε
1409 888 1464 915 ex
1487 889 1574 928 quo

192 945 269 985 Dii
303 957 475 997 quoque
506 957 558 984 ac
592 945 702 986 Deae
732 945 925 985 feruntur
954 944 1055 993 coli,
1084 944 1244 997 quibus
1275 941 1450 982 nomina
1473 948 1575 983 sunt

193 1010 353 1051 Anculi
372 1015 414 1052 et
434 1009 636 1052 Anculae.

137 1078 416 1125 Anclabris,m
447 1091 599 1118 mensa
628 1078 883 1119 ministeriis
917 1078 1076 1118 divinis
1107 1082 1243 1130 apta3
1273 1090 1380 1118 vasa
1399 1089 1574 1129 quoquc

193 1158 329 1194 aenea,
352 1145 513 1198 quibus
536 1145 787 1186 sacerdotes
809 1149 1001 1195 utuntur,
1025 1145 1248 1186 anclabria
1265 1143 1555 1197 appellantur.

138 1212 363 1262 Anclare,¹=
383 1212 577 1253 haurire:
609 1225 632 1253 a
652 1213 812 1255 Graeco
838 1215 961 1252 ἁντλῶ
985 1211 1229 1252 descendit.

1289 1210 1467 1251 Livius:
1497 1209 1576 1249 sso-

192 1293 278 1320 rem
301 1279 564 1320 anclabant⁵
586 1280 711 1321 liberi
733 1293 789 1320 ex
811 1279 1066 1322 carchesiis.

740 1385 855 1397 ‘‘‘‘‘‘

859 1385 978 1398 ‘‘‘‘‘‘

177 1454 195 1482 4
221 1451 287 1483 Alii
302 1451 378 1483 libri
393 1453 607 1493 camalam—5
631 1452 710 1484 Vid.
729 1451 810 1483 Not.
828 1451 888 1483 inf.

788 1549 928 1581 NOTAE

136 1613 232 1653 θεῶν,’
256 1613 277 1644 i.
292 1613 458 1645 ‘Anilitas
483 1624 544 1655 per
563 1614 827 1646 Deorumiram.'

136 1664 180 1694 Et
203 1665 212 1681 ‘
226 1663 342 1695 autas'
367 1664 467 1695 idem.
490 1665 604 1697 Gloss.
626 1667 754 1706 ‘antas‚
775 1676 829 1703 Ὑε-

134 1714 249 1753 ρουσία,
267 1714 404 1754 amites,
421 1715 600 1755 γερουσίαι]
625 1717 710 1748 Inde
727 1718 828 1748 etiam

138 1766 146 1780 ‘
163 1774 258 1801 aneo,
282 1764 408 1804 γηράω.’
439 1767 549 1797 Gloss.
576 1768 585 1783 ⁴
603 1772 696 1805 anet,
720 1767 829 1807 Ὑηρᾷ.’

133 1813 243 1845 Porro
260 1816 348 1854 quod
363 1815 415 1845 hie
430 1817 547 1846 Festus
564 1816 648 1847 dicit
663 1817 828 1857 morbum,

135 1864 263 1903 optime
279 1865 484 1896 Glossarium
502 1866 747 1906 interpretatur
762 1868 829 1898 κατ’

137 1914 231 1954 ὀργὴν
246 1912 330 1945 θεῶν.
375 1915 545 1955 Intelligit
571 1917 658 1947 enim
684 1922 829 1958 uterque

137 1965 253 1995 vitium
272 1965 364 1999 illud.
380 1976 445 2006 quo
460 1967 657 2007 plerumque
673 1967 830 1998 laborant

134 2024 228 2053 anus,
244 2024 319 2055 quae
336 2015 481 2046 delirant
497 2017 640 2047 scilicet.
661 2018 744 2048 Duc.

178 2063 191 2084 Κ
214 2064 349 2105 Anceps]
384 2065 482 2097 Quod
509 2075 551 2096 ex
569 2071 713 2107 utraque
730 2072 829 2107 parte

135 2120 238 2155 caput
265 2115 390 2146 habeat
417 2120 455 2145 ut
481 2116 621 2147 securis.
676 2116 830 2157 Respicit

135 2166 243 2195 locum
261 2164 373 2195 Plauti
390 2165 556 2196 Menaech.
574 2175 607 2196 v.
625 2168 656 2196 2.
672 2167 681 2182 ⁴
696 2167 830 2197 Faciam

137 2215 224 2256 quod
245 2215 358 2255 jubes,
381 2216 524 2246 securim
547 2216 679 2256 capiam
703 2217 831 2258 ancipi-

135 2271 215 2306 tem,
228 2271 329 2308 atque
338 2267 426 2298 hunc
435 2276 548 2298 senem
561 2267 831 2308 Exossabo‚dein

136 2318 304 2349 dedolabo
321 2319 491 2350 assulatim
510 2319 661 2350 viscera.’
692 2320 761 2350 Pro
776 2330 830 2351 an·

136 2378 204 2407 ceps
220 2368 348 2398 dictum
361 2367 425 2399 fuit
440 2369 564 2408 ancipes
579 2369 675 2410 quasi
689 2379 830 2409 ancupes,

138 2423 175 2448 ut
198 2426 343 2456 concapes
370 2417 403 2446 in
430 2418 495 2457 leg.
521 2427 588 2449 ΧΠ.
615 2418 685 2450 tab.
731 2420 829 2452 Quod

136 2467 257 2507 probat
285 2477 304 2497 a
328 2467 441 2506 capite
470 2467 578 2506 potius
601 2469 680 2499 oriri
696 2479 792 2510 quam
811 2479 830 2500 a

138 2517 317 2558 capiendo,
343 2522 459 2548 contra
488 2518 579 2548 Festi
614 2520 830 2551 sententiam.

137 2566 228 2598 Hine
273 2567 387 2598 Gloss.
425 2567 435 2583 ‘
461 2576 598 2608 anceps,
642 2567 830 2608 δικέφαλος.’

141 2616 236 2648 Idem.

181 2665 188 2685 ¹
212 2666 359 2707 Ancillae]
382 2667 483 2706 Sane,
510 2667 587 2708 quia
603 2668 744 2708 primum
761 2669 829 2702 dic-

142 2723 185 2747 tae
203 2715 352 2749 Anculae.
385 2716 595 2758 Argumento
611 2718 667 2750 Dii
680 2718 739 2756 illi,
757 2720 827 2761 qui-

885 1614 946 1644 bus
972 1623 1092 1644 nomen
1121 1613 1241 1645 Anculi
1266 1617 1300 1644 et
1327 1611 1480 1648 Anculae,
1506 1615 1578 1642 tan=

884 1674 983 1705 quam
1002 1664 1144 1694 ministri
1163 1663 1308 1703 quidam.
1331 1663 1400 1692 ιῙοε.
1416 1662 1498 1692 Scal-

928 1714 1075 1753 Ancilloe]
1100 1714 1129 1744 A
1148 1714 1270 1744 Graeco
1294 1712 1442 1751 ἄγγελος,
1468 1711 1581 1742 minis-

885 1768 949 1803 ter,
966 1768 1096 1794 veteres
1114 1764 1222 1794 Latini
1238 1762 1353 1794 fecere
1368 1763 1510 1802 angulus,
1526 1773 1579 1792 αη-

883 1816 981 1853 culus,
998 1820 1034 1845 ut
1046 1824 1064 1844 a
1076 1813 1213 1853 Σικελὸς,
1224 1814 1371 1844 Siculus.
1390 1814 1502 1844 Gloss.
1518 1812 1580 1843 Isi-

884 1864 968 1903 dori,
994 1866 1003 1882 ‘
1019 1864 1181 1902 Anculus,
1210 1862 1438 1893 ministerialis
1463 1863 1579 1892 domus

1053 1914 1139 1945 Inde
1158 1913 1310 1953 anculari,
1325 1913 1529 1951 ministrare,
1546 1916 1582 1941 et

1329 1962 1428 1993 Unde
1457 1961 1582 1992 ancilla.

884 1914 1009 1955 regiae.’

883 1965 1025 1995 ancillari
1062 1963 1270 1995 diminutive.

883 2015 972 2045 Dae.

938 2071 959 2085 Π·
984 2063 1165 2103 Anclabris]
1201 2063 1290 2094 Vide
1322 2068 1330 2081 ⁴
1351 2061 1517 2093 Escariae'
1544 2066 1579 2092 et

886 2116 895 2134 ‘
908 2113 1121 2146 Exauclare.'
1141 2114 1220 2145 Ant.
1235 2113 1321 2152 Aug.

926 2164 1107 2204 Ana-labris]
1132 2164 1218 2195 Vide
1236 2164 1271 2194 in
1286 2165 1295 2179 ‘
1310 2161 1484 2194 Escariae.’
1508 2162 1580 2193 Ful.

890 2216 996 2246 Ursz'n.

927 2265 1108 2306 Ana-labris]
1140 2265 1209 2296 Pro
1235 2263 1392 2301 ancillare,
1419 2261 1581 2293 dicebant

884 2319 1018 2358 anelare,
1036 2317 1123 2348 unde
1141 2314 1296 2346 anclabrz's
1312 2323 1372 2353 pro
1394 2313 1580 2344 anculabrz's.

884 2369 970 2399 Dae.

926 2424 940 2439 ¹¹
957 2416 1106 2456 Auctore]
1123 2417 1162 2447 In
1177 2424 1273 2446 versu
1288 2413 1372 2444 Livii
1387 2413 1579 2454 legendum,

884 2469 1004 2500 Florem
1020 2466 1224 2498 anculabant:
1247 2466 1322 2504 lege
1347 2465 1381 2495 in
1399 2464 1583 2503 Glossario,

882 2521 891 2536 ‘
904 2519 1029 2553 Anclat,
1046 2515 1169 2556 ἆρύεται
1182 2515 1203 2546 :'
1225 2524 1291 2546 non
1307 2516 1436 2545 ancleat.
1482 2515 1581 2545 Glos-

882 2569 1027 2600 sarium:
1053 2567 1253 2605 ‘Auclator‚
1284 2564 1455 2605 ὑπηρέτης.’
1493 2566 1581 2605 lege,

884 2621 1043 2651 Anclator.
1065 2618 1136 2650 Jos.
1152 2617 1238 2648 Scai.

925 2669 1074 2709 Ant-zare]
1112 2668 1148 2699 Si
1175 2676 1255 2698 vera
1281 2670 1372 2697 esset
1398 2664 1578 2705 scriptura,

883 2722 1017 2761 anelare,
1043 2719 1189 2757 haurire,
1212 2726 1382 2758 nunquam
1409 2724 1475 2747 non
1502 2724 1578 2747 cum
