1835 2906
400 133 463 163 DE
500 129 766 161 VERBORUM
801 123 1207 158 SIGNIFICATIONE
1243 124 1336 154 Llss.
1371 123 1474 153 XIV.

1557 111 1641 153 619

199 227 433 271 Potitium¹
467 232 510 269 et
531 226 758 268 Pinarium
783 221 1015 271 Hercules,
1045 233 1142 262 curn
1175 219 1231 261 ad
1262 232 1394 270 aram,
1431 229 1530 272 quae
1567 218 1644 258 ho-

255 297 416 351 dieque
447 296 642 338 maxima
673 292 937 347 appellatur,
970 288 1185 330 decimam
1214 288 1360 337 boum,
1383 299 1493 340 quos
1514 297 1540 326 a
1560 284 1644 326 Ge-

257 378 393 418 ryone
415 364 633 405 abductos
656 361 864 413 abigebat
876 358 1021 411 Argos
1043 357 1086 397 in
1104 356 1305 409 patriam,
1323 353 1642 408 profanasset,¹¹·

259 445 397 485 genus
419 430 625 472 sacrificii
646 428 847 470 edocuit:
879 439 980 480 quae
999 423 1165 465 familia
1186 426 1228 463 et
1248 422 1414 476 posteri
1445 421 1538 474 ejus
1559 432 1644 460 non

257 499 489 540 defuerunt
523 495 857 538 decumantibus
890 505 1029 546 usque
1062 490 1117 531 ad
1149 490 1343 543 Appium
1377 487 1645 530 Claudium¹¹

259 567 515 616 Censorem,
538 565 613 619 qui
636 562 953 618 quinquaginta
976 561 1112 601 millia
1133 559 1235 599 aeris
1257 556 1402 609 gravis
1424 555 1491 595 his
1512 555 1648 602 dedit,

258 639 308 676 ut
329 647 484 675 servos
505 632 711 688 publicos
732 631 970 672 edocerent
989 629 1116 669 ritum
1137 622 1429 672 sacrificandi,
1449 635 1535 675 quo
1558 622 1648 663 fac-

258 707 303 744 to
326 703 496 751 Potitii,
519 714 617 742 cum
639 703 788 740 essent
807 710 864 738 ex
886 696 1054 737 familia
1073 705 1251 734 numero
1268 689 1535 738 duodecumo
1558 702 1648 729 om-

258 783 338 811 nes
360 770 616 811 interierunt
635 773 667 791 ¹0
700 768 814 807 intra
835 765 952 806 diem
972 763 1255 815 trigesimum.
1303 759 1511 800 Pinarius
1534 757 1650 810 quod

259 851 348 879 non
379 836 549 878 adfuit⁰
583 833 818 883 sacrificio,
838 837 998 887 postea
1028 833 1203 871 cautum
1233 831 1314 877 est,
1336 825 1492 879 nequis
1525 823 1652 865 Pina-

259 907 418 947 riorum
442 917 500 945 ex
521 916 574 945 eo
597 900 815 944 sacrificio
837 902 1098 941 vesceretur.

815 1009 1013 1023 eoeoeeeeeo
1019 1009 1054 1020 ee

248 1085 267 1113 9
291 1081 371 1113 Ant.
385 1080 474 1120 Aug.
491 1079 576 1120 legit
591 1089 660 1110 cum
682 1081 782 1109 essent
801 1076 938 1115 familior²
954 1084 1078 1107 numero
1094 1073 1262 1105 duodecim.
1309 1071 1395 1103 Scal.
1414 1081 1481 1102 cum
1498 1073 1595 1102 essent
1613 1080 1654 1101 em

197 1124 335 1162 samilioe
350 1135 383 1155 n.
400 1125 518 1155 d.—10
542 1123 621 1154 Vet.
636 1121 711 1153 cod.
727 1121 910 1152 intererant.

859 1234 998 1273 NOTAE

246 1330 252 1350 ¹
279 1330 450 1371 Potitium]
475 1329 623 1361 Verbum
644 1329 839 1370 prcffanasset
856 1331 906 1359 est

203 1382 293 1423 apud
312 1382 477 1413 Catonem
495 1381 537 1412 de
562 1382 611 1412 Re
639 1380 799 1411 Rustica:
824 1379 905 1410 item

206 1432 296 1474 quod
314 1433 372 1468 ait,
389 1431 566 1470 exsamilia
581 1439 707 1461 numero
734 1429 905 1464 duodecim,

206 1488 400 1523 suspectum
418 1488 481 1513 est.
529 1481 616 1512 Nam
643 1480 756 1511 Livius
773 1480 830 1511 lib.
854 1488 906 1511 rx.

205 1532 350 1563 scribit:
386 1536 450 1563 ‘ex
477 1530 653 1562 duodecim
679 1529 817 1562 familiis
846 1530 907 1561 tri-

205 1582 299 1622 ginta
315 1582 461 1623 puberes
476 1582 582 1613 fuisse
598 1581 619 1611 ι’
651 1585 688 1612 et
715 1581 795 1612 Val.
812 1581 907 1611 Max.

205 1633 265 1664 lib.
279 1641 390 1672 1.cap.
409 1634 459 1663 11.
483 1632 567 1663 Ideo
583 1631 700 1662 deleto
723 1641 762 1662 ex
781 1631 906 1662 scribe-

205 1692 301 1714 rem:
323 1693 392 1714 cum
405 1686 505 1714 essent
519 1682 656 1721 familia>
681 1692 806 1713 numero
835 1683 907 1712 duo-

207 1736 316 1766 decim.
340 1733 430 1765 Vide
448 1738 455 1750 ‘
468 1732 650 1765 Putitum!
673 1733 751 1764 Ant.
764 1732 852 1772 Aug.

252 1785 418 1821 Potitium,
446 1788 477 1816 et
494 1784 676 1824 Pinarium]
700 1784 907 1815 Potitiorum

207 1841 242 1868 et
261 1836 473 1868 Pinariorum
490 1834 650 1866 familiam
671 1835 831 1866 Herculis
848 1835 908 1866 mi-

207 1887 349 1919 nistram
375 1885 491 1921 fuisse,
515 1886 569 1917 vel
586 1886 697 1926 pueris
713 1889 828 1916 notum
846 1890 910 1916 est.

210 1937 296 1968 Vide
310 1937 403 1978 Virg.
415 1936 473 1968 lib.
492 1945 573 1968 vm.
590 1941 626 1967 et
642 1935 725 1966 ibid.
741 1935 910 1967 Servium.

208 1988 297 2019 Vide
321 1994 356 2019 et
387 1988 527 2028 Dionys.
555 1987 732 2018 Halicarn.
750 1986 810 2017 lib.
825 1995 851 2018 1.
868 1986 910 2017 de

210 2050 268 2072 ara
284 2051 359 2082 qnae
386 2041 524 2081 proprie
552 2040 699 2070 maxima
724 2038 911 2070 dicebatur.

208 2092 296 2123 Vide
322 2092 418 2123 Serv.
446 2091 488 2122 ad
516 2090 600 2122 illud
624 2090 745 2131 Virgil.
789 2089 912 2120 ‘Hanc

207 2151 298 2174 aram
315 2143 394 2174 luco
410 2143 540 2177 statuit,
564 2152 639 2183 quae
655 2141 802 2172 maxima
825 2149 912 2171 sem-

210 2201 273 2233 per
289 2193 433 2224 Dicetur
450 2191 561 2227 nobis,
578 2196 613 2222 et
628 2191 695 2222 erit
709 2200 784 2231 quae
806 2189 912 2220 maxi-

210 2253 264 2274 ma
279 2242 439 2283 semper.’
457 2243 502 2273 Et
513 2242 618 2273 Ovid.
629 2241 639 2258 ‘
654 2240 913 2281 constituitque

212 2293 288 2333 sibi,
303 2303 379 2334 quae
393 2293 539 2324 maxima
549 2291 686 2327 dicitur,
704 2292 817 2322 arani.'
830 2290 912 2321 Dae.

252 2349 276 2366 m
300 2343 520 2384 Profanasset]
565 2347 573 2360 ‘
586 2342 810 2374 Profanatum
860 2346 914 2373 est

212 2393 303 2437 quod
329 2395 364 2425 in
390 2394 539 2425 sacrario
567 2390 776 2433 polluctum.’
810 2391 913 2422 Varr.

212 2446 273 2478 lib.
287 2455 323 2477 v.
339 2445 381 2477 de
399 2446 436 2477 L.
452 2445 491 2476 L.
509 2444 606 2474 Idem.

255 2502 271 2517 ¹¹
288 2497 390 2537 Usque
404 2496 444 2527 od
460 2495 597 2535 Appium
615 2492 797 2534 Claudium]
819 2491 914 2524 Idem

213 2547 330 2580 Livius
346 2546 406 2577 lib.
422 2555 473 2578 ix.
489 2555 564 2587 cap.
588 2548 642 2577 29.
678 2549 685 2562 ‘
698 2543 828 2575 Eodem
844 2542 916 2584 Ap-

215 2600 273 2639 pio
301 2601 440 2628 auctore
466 2595 597 2628 Potitia
624 2603 721 2635 gens,
751 2594 846 2634 cujus
874 2592 917 2624 ad

213 2659 308 2680 aram
338 2648 517 2679 maximam
556 2645 718 2678 Herculis
750 2643 917 2675 familiare

217 2695 442 2729 sacerdotium
473 2696 597 2734 fuerat,
613 2703 727 2725 servos
747 2693 918 2733 publicos,

961 1325 1137 1359 ministerii
1166 1321 1346 1363 delegandi
1374 1329 1485 1359 causa,
1509 1319 1660 1349 solennia

961 1377 1032 1418 ejus
1061 1376 1148 1407 sacri
1175 1374 1348 1405 docuerat.
1392 1370 1556 1402 Traditur
1581 1369 1660 1401 inde

961 1428 1054 1459 dictu
1085 1425 1250 1464 mirabile,
1278 1429 1313 1454 et
1340 1422 1429 1464 quod
1452 1419 1661 1451 dimovendis

961 1483 1053 1510 statu
1081 1487 1141 1508 suo
1174 1475 1279 1507 sacris
1318 1474 1516 1514 religionem
1547 1470 1662 1502 facere

961 1528 1081 1571 possit,
1118 1537 1192 1559 cuni
1232 1525 1412 1557 duodecim
1451 1523 1587 1554 familiae
1622 1531 1662 1552 ea

962 1583 1169 1620 tempestate
1183 1576 1386 1608 Potitiorum
1406 1577 1536 1612 essent,
1557 1572 1662 1613 pube-

962 1640 1016 1662 res
1046 1629 1089 1662 ad
1115 1628 1267 1669 triginta,
1295 1635 1410 1658 omnes
1433 1626 1522 1656 intra
1538 1632 1663 1655 annum

961 1690 1036 1712 Cum
1072 1680 1180 1720 stirpe
1210 1678 1380 1709 extinctos
1399 1687 1406 1707 z
1441 1685 1504 1706 nec
1541 1682 1662 1705 nomen

963 1736 1097 1762 tantum
1135 1729 1342 1760 Potitiorum
1385 1725 1566 1764 interiisse,
1603 1724 1664 1755 sed

964 1783 1148 1814 Censorem
1184 1780 1286 1810 etiam
1326 1778 1490 1818 Appium,
1527 1775 1666 1806 inemori

966 1835 1076 1865 Deum
1093 1831 1154 1867 ira,
1171 1835 1248 1870 post
1264 1828 1395 1869 aliquot
1413 1835 1517 1857 annos
1535 1825 1666 1856 lumini-

966 1883 1027 1915 bus
1043 1881 1204 1923 captum.'
1250 1879 1335 1911 Haec
1353 1878 1424 1909 Liv.
1463 1876 1550 1907 Vide
1573 1877 1582 1893 ⁴
1598 1875 1667 1906 Pu-

966 1933 1099 1966 titium'
1123 1932 1232 1964 ini'ra:
1258 1931 1292 1963 id
1316 1936 1428 1961 autem
1445 1928 1571 1960 accidit
1588 1936 1667 1958 ann.

965 1984 1007 2017 ab
1024 1985 1065 2015 U.
1079 1985 1120 2016 C.
1133 1991 1259 2014 ennxr.
1281 1982 1379 2012 Idem.

1007 2040 1022 2056 0
1038 2035 1193 2066 Pinarius
1209 2034 1287 2074 quod
1301 2042 1361 2063 non
1382 2030 1501 2070 adfuit]
1521 2027 1668 2060 Pinariis

967 2092 1002 2118 et
1034 2085 1174 2117 Potitiis
1203 2082 1401 2115 ostenderat
1427 2080 1606 2117 Hercules,
1631 2083 1671 2109 ut

967 2137 1031 2168 sibi
1053 2145 1148 2167 mane
1171 2139 1207 2166 et
1230 2133 1363 2174 vesperi
1384 2141 1480 2163 sacra
1502 2129 1670 2161 facerent.

967 2186 1132 2219 Perfecto
1154 2186 1272 2227 itaque
1298 2182 1467 2215 matutino
1490 2179 1669 2219 sacrificio,

967 2248 1044 2270 cum
1057 2237 1149 2269 circa
1166 2236 1243 2267 solis
1259 2243 1417 2266 occasum
1439 2236 1554 2262 essent
1575 2239 1672 2262 sacra

968 2287 1173 2329 repetenda,
1201 2284 1354 2317 Potitius
1387 2282 1481 2323 prior
1518 2280 1672 2320 advenit,

968 2338 1129 2370 Pinarius
1159 2340 1282 2378 postea
1310 2334 1398 2364 extis
1422 2333 1494 2372 jam
1517 2329 1672 2362 redditis.

969 2391 1073 2422 Unde
1089 2391 1197 2422 iratus
1214 2387 1382 2420 Hercules
1399 2384 1531 2422 statuit,
1555 2388 1594 2414 ut
1613 2383 1672 2415 Pi-

970 2441 1143 2473 nariorum
1159 2438 1285 2470 familia
1298 2441 1432 2468 tantum
1449 2434 1604 2466 ministra
1620 2442 1673 2464 es-

970 2496 1023 2523 set
1038 2489 1252 2532 epulantibus
1279 2486 1420 2518 Potitiis
1444 2489 1479 2516 et
1501 2483 1674 2524 complen-

973 2541 1062 2574 tibus
1080 2549 1190 2572 sacra.
1226 2537 1328 2569 Unde
1344 2536 1446 2568 etiam
1463 2534 1590 2565 Pinarii
1602 2533 1674 2565 dic-

973 2593 999 2624 ti
1015 2596 1094 2624 sunt
1110 2590 1170 2622 ἀπὸ
1185 2590 1241 2627 τῆς
1258 2587 1377 2627 πείνης,
1393 2588 1402 2604 ‘
1416 2596 1435 2617 a
1449 2584 1538 2617 fame
1553 2584 1574 2623 ;’
1594 2593 1670 2615 nam

973 2652 1088 2675 senem
1120 2642 1210 2673 illum
1241 2638 1415 2670 Pinarium
1446 2640 1579 2667 constat
1608 2634 1672 2665 alio

974 2685 1105 2722 nominc
1121 2699 1195 2722 esse
1211 2691 1454 2727 nuncupatum.
1479 2685 1579 2715 Idem.
