1835 2906
342 163 403 193 DE
438 157 710 190 VERBORUM
745 153 1158 188 SIGNIFICATIONE
1193 153 1289 183 LIB.
1324 153 1398 183 111.

1513 142 1598 183 203

215 270 338 299 sacra
357 256 539 311 publica
556 255 732 303 faceret,
752 251 968 305 feriasque
985 250 1261 299 observaret3
1291 248 1447 302 hisque
1468 248 1598 289 curiis

217 325 398 378 singulis
434 325 608 365 nomina
643 321 870 363 Curiarum
902 313 1143 372 virginumk
1174 316 1384 369 imposita
1415 328 1511 356 esse
1536 315 1601 356 di-

217 397 386 442 cuntur,
415 405 526 446 quas
556 392 743 444 virgines
775 386 993 442 quondam
1022 384 1216 426 Romani
1244 383 1298 424 de
1328 384 1505 424 Sabinis
1533 395 1601 424 ra-

217 463 419 513 puerunt.

162 524 382 568 Curiales¹
416 525 615 581 ejusdem
637 524 787 573 curiae,
818 526 871 563 ut
894 521 1092 568 tribules,
1121 522 1166 561 et
1198 518 1457 572 municipes.
1516 519 1603 560 Cu-

213 595 339 636 riales
379 594 618 636 flaminesm
662 593 877 634 curiarum
906 589 1169 632 sacerdotes.

1249 584 1448 627 Curiales
1485 599 1604 628 men-

811 718 951 752 NOTAE

164 796 263 830 Quod
281 801 316 828 et
338 798 410 838 ipse
435 797 555 829 Festus
579 800 697 838 aperte
720 805 780 828 nos
797 795 855 827 do-

162 852 217 879 cet
242 848 274 878 in
290 849 298 866 ‘
317 848 596 881 centumviralia.’
641 849 766 880 Locum
790 848 856 880 adi.

166 895 263 929 Idem.

206 946 220 967 κ
242 948 377 979 Nomina
391 950 556 981 Curiorum
569 949 742 990 virginum]
767 950 858 990 Lege

166 999 285 1030 curium
301 999 459 1039 virginum
480 1006 538 1032 aut
560 1001 721 1040 cur-etium,
736 1001 817 1039 sive,
833 1000 860 1030 si

166 1051 285 1090 mavis,
300 1051 498 1092 curiensium,
512 1056 549 1083 ut
567 1057 681 1083 monet
698 1051 858 1091 Scaliger.

166 1100 218 1131 Ex
244 1101 387 1132 Curibus
417 1101 551 1133 Sabinis
577 1101 718 1133 scilicet.
763 1100 861 1132 Idem

166 1150 239 1182 Liv.
269 1150 327 1182 lib.
355 1160 380 1184 1.
413 1152 422 1168 ‘
440 1151 562 1192 Itaque
592 1161 668 1182 cum
699 1152 860 1192 populum

167 1200 200 1232 in
223 1201 332 1232 curias
354 1201 496 1242 triginta
518 1201 700 1240 divideret,
724 1201 862 1233 nomina

166 1261 280 1283 earum
320 1252 421 1283 curiis
456 1251 638 1293 imposuit.'
682 1251 749 1283 Sed
785 1250 859 1282 falsi

166 1307 243 1333 sunt
258 1307 293 1334 et
310 1303 435 1343 Livius,
452 1307 487 1334 et
506 1303 639 1342 Festus,
654 1302 775 1343 aliique
792 1312 860 1333 om-

164 1363 235 1390 nen,
251 1354 307 1396 qui
324 1354 411 1385 idem
430 1353 614 1393 tradidere,
626 1363 702 1384 nam
719 1363 761 1384 ex
777 1353 861 1385 Dio-

166 1405 263 1445 nysio
279 1408 315 1436 et
332 1405 519 1437 Plutarcho
536 1409 665 1436 certum
679 1408 732 1435 est
748 1404 862 1436 Curiis

165 1463 286 1487 nomen
308 1455 502 1496 impositum
530 1465 549 1486 a
579 1454 722 1486 ducibus
747 1459 782 1486 et
807 1464 862 1485 eo—

167 1514 239 1536 rum
263 1505 394 1546 patriis,
418 1505 519 1547 idque
546 1505 646 1536 etiam
672 1516 714 1537 ex
745 1514 860 1536 earum

168 1556 357 1588 nominibus
373 1566 449 1598 quae
464 1560 643 1597 supersunt
657 1556 796 1587 cuilibet
812 1566 862 1586 sa-

166 1607 207 1637 tis
225 1611 392 1648 apertum,
404 1607 469 1638 etsi
485 1607 573 1638 infra
587 1608 709 1638 Festus
726 1607 758 1637 in
772 1607 781 1624 ‘
797 1607 865 1637 Po-

167 1657 249 1697 pilia
261 1657 270 1671 '
287 1658 406 1697 tradit,
421 1668 487 1689 non
512 1662 643 1689 tantum
665 1668 682 1689 a
699 1657 778 1688 viris
802 1657 862 1688 sed

168 1718 187 1738 a
210 1706 353 1739 foeminis
375 1717 510 1750 quoque
535 1707 643 1739 tribus
667 1708 864 1738 nominatas.

169 1758 294 1789 Verum
312 1760 344 1790 iu
363 1759 567 1799 antiquitate
591 1758 800 1790 enucleanda
814 1768 865 1789 sa·

170 1808 212 1840 tis
239 1808 454 1849 indiligentes
481 1807 578 1839 fuere
600 1808 741 1840 Romani
771 1813 866 1839 vete—

169 1869 232 1895 res,
249 1860 331 1891 etin
347 1869 388 1890 ea
405 1860 509 1890 multo
525 1859 750 1890 accuratiores
769 1858 866 1890 Grae-

169 1910 214 1949 ci,
227 1914 264 1941 ut
280 1910 360 1949 Dio,
371 1910 547 1941 Plutarch.
564 1909 756 1949 Dionysius.
769 1909 865 1940 Idem.

213 1960 220 1980 ¹
244 1960 401 2001 Curiales]
425 1960 592 1992 Dicuntur
621 1965 657 1992 et
686 1960 775 1991 servi
801 1961 866 1991 Cu-

173 2011 311 2050 riarum,
328 2011 385 2052 qui
411 2010 514 2042 etiam
538 2015 614 2051 post
638 2010 782 2042 desitam
799 2011 865 2042 Cu-

168 2064 329 2094 riatorum
346 2062 556 2094 comitiorum
574 2062 809 2094 solennitatem
827 2072 868 2094 ea

169 2113 308 2146 comitia
323 2122 512 2145 convocare
529 2113 694 2145 solebant.
738 2114 868 2144 Teren·

171 2164 237 2195 tius
268 2173 332 2195 non
361 2163 443 2193 alios
474 2162 657 2202 intellexit,
686 2163 696 2181 ‘
719 2163 867 2194 Curialis

170 2213 310 2245 vernula
321 2217 386 2253 est,
398 2212 455 2254 qui
471 2222 525 2243 me
538 2217 637 2244 vocat
650 2212 669 2244 :’
693 2214 766 2249 nisi,
780 2213 869 2255 quod

171 2265 280 2294 verius
306 2268 401 2306 puto,
423 2264 572 2295 curialem
597 2263 722 2295 dixerit
747 2264 790 2295 ab
817 2274 870 2304 eo,

172 2313 260 2354 quod
277 2314 393 2345 Graeci
416 2313 600 2345 censebant
618 2324 734 2346 servos
751 2325 794 2346 ex
811 2315 868 2346 tri-

172 2364 230 2404 bu,
248 2364 384 2404 populo,
396 2370 431 2394 et
447 2364 538 2395 curia
555 2364 779 2396 dominorum.
798 2365 867 2397 Ita-

173 2424 240 2456 que
257 2413 346 2454 apud
364 2412 624 2454 Aristophanem
640 2416 796 2456 legimus,
811 2415 870 2453 τὴν

178 2463 415 2505 Στρυμμοδώρου
429 2464 573 2506 Θρᾷτταν
594 2465 628 2495 ἐκ
644 2465 702 2495 τοῦ
715 2465 869 2498 Φελλέως.

175 2516 205 2547 Α
231 2525 296 2557 qua
319 2519 432 2545 mente
460 2514 543 2545 dicit
566 2524 682 2547 servus
706 2516 739 2546 in
767 2517 872 2548 Phor-

174 2567 306 2598 mione:
332 2565 496 2596 ‘Amicus
534 2575 680 2596 summus
710 2576 804 2597 meus
835 2572 872 2598 et

175 2616 347 2658 popularis
372 2616 463 2647 Geta
482 2615 501 2646 ·.’
537 2620 637 2646 vocat
674 2617 871 2657 popularem

177 2677 272 2698 suum
304 2667 336 2697 in
365 2666 505 2707 palliata
528 2666 714 2706 Comoedia,
739 2676 871 2698 servum

178 2718 274 2757 cujus
290 2717 388 2749 herus
405 2716 557 2757 ejusdem
581 2716 676 2755 δήμου
691 2722 779 2748 esset
796 2727 871 2749 cum

912 804 970 827 suo
993 795 1086 826 hero.
1130 793 1164 825 Si
1178 791 1266 825 servi
1284 793 1380 823 erant
1397 787 1559 823 Canales,
1572 791 1607 818 et

912 855 1031 877 vernas
1068 854 1199 886 quoque
1234 842 1337 873 fuisse
1374 848 1512 871 necesse
1542 843 1606 868 est.

913 896 1028 928 Quare
1045 894 1290 926 eruditissimus
1308 893 1356 923 vir
1380 891 1460 922 Ant.
1477 889 1610 921 Govea·

912 959 975 981 nus
999 948 1129 990 assequi
1152 957 1218 979 non
1243 945 1367 987 potuit,
1383 953 1458 975 cum
1482 946 1608 980 tamen,

913 1000 939 1030 si
958 999 1040 1031 illud
1062 1008 1165 1039 sagax
1189 996 1359 1036 ingenium
1386 992 1610 1029 adhibuisset,

914 1049 1095 1090 potuisset,
1109 1048 1142 1079 ni
1166 1046 1277 1086 fallor,
1302 1049 1362 1076 aut
1385 1043 1512 1076 certius
1535 1050 1611 1083 pro-

913 1099 1082 1139 nuntiare,
1105 1101 1163 1129 aut
1189 1095 1387 1137 prudentius
1405 1098 1534 1124 tacere.
1581 1091 1611 1121 Ii

914 1150 1013 1189 servi,
1028 1158 1104 1181 cum
1120 1146 1356 1178 liberabantur
1367 1154 1385 1175 a
1400 1142 1612 1183 magistratu,

913 1209 1107 1242 praenomen
1121 1203 1157 1231 et
1179 1206 1299 1229 nomen
1316 1195 1419 1236 ipsius
1437 1192 1612 1234 magistra=

916 1257 970 1283 tus
982 1249 1210 1291 accipiebant.
1233 1245 1369 1279 Publici
1381 1245 1401 1276 ii
1416 1243 1614 1275 servierant

915 1311 958 1333 ex
981 1302 1032 1341 iis,
1049 1300 1105 1342 qui
1122 1299 1323 1331 dicebantur
1346 1295 1443 1327 Servi
1460 1293 1614 1326 Romani.

915 1352 1025 1384 Porro
1058 1350 1202 1382 Curiales
1233 1352 1354 1390 postea
1387 1351 1422 1378 et
1463 1345 1615 1376 Curiones

916 1402 1000 1434 dicti
1015 1406 1105 1441 sunt,
1123 1400 1202 1442 qnia
1217 1409 1294 1431 cum
1315 1402 1416 1429 antea
1432 1395 1614 1427 Curionum

916 1457 1007 1484 esset
1031 1451 1156 1482 habere
1173 1451 1182 1469 ‘
1200 1449 1345 1482 Comitia
1365 1445 1529 1486 Curiata,’
1550 1445 1615 1486 ipsi

916 1508 1037 1544 postea
1060 1502 1215 1534 obsoleta
1237 1499 1345 1532 veteri
1372 1496 1615 1530 consuetudine

916 1554 1139 1587 comitiorum
1155 1562 1271 1584 eorum
1288 1552 1397 1582 vicem
1414 1558 1456 1580 ea
1471 1547 1618 1580 Comitia

915 1607 1101 1644 habebant,
1131 1609 1167 1636 et
1197 1608 1381 1644 propterea
1413 1601 1507 1632 abusi
1538 1604 1617 1631 sunt

916 1657 1123 1699 posteriores
1154 1654 1296 1686 Romani
1328 1662 1368 1683 eo
1400 1652 1547 1686 nomine,
1579 1653 1617 1680 ut

916 1718 1032 1740 omnes
1041 1716 1156 1738 servos
1171 1702 1469 1746 publicos‚deinde
1480 1706 1516 1732 et
1530 1710 1616 1741 prae-

917 1767 1032 1797 coneS‚
1047 1760 1213 1788 vocarent
1231 1754 1392 1786 Curiones.
1418 1750 1588 1783 Martialis
1606 1761 1615 1781 z

921 1810 930 1827 ‘
948 1808 1197 1850 epigrammata
1223 1805 1369 1837 Curione
1398 1812 1464 1833 non
1492 1799 1620 1842 egent.⁹

920 1859 988 1891 Sed
1009 1864 1046 1890 et
1065 1858 1226 1889 Calatores
1248 1856 1338 1895 ipsos
1361 1852 1545 1893 antiquitus
1564 1859 1619 1880 vo-

920 1907 1045 1940 cabant
1065 1908 1224 1945 Curiones,
1245 1909 1283 1936 ut
1308 1904 1342 1935 in
1366 1902 1514 1934 carmine
1537 1901 1621 1932 Sali-

922 1959 991 1991 ari:
1016 1959 1025 1975 ‘
1042 1958 1155 1990 omnia
1184 1955 1346 1998 dapatilia
1374 1953 1515 1985 comisse
1541 1951 1618 1984 Jani

922 2008 1116 2042 Cusionesz’
1153 2008 1217 2039 hoc
1253 2010 1318 2044 est,
1348 2004 1537 2042 (laniatores,
1566 2003 1621 2033 vel

922 2069 1098 2102 praecones
1137 2067 1318 2090 sacrorum.
1360 2055 1432 2094 Illi,
1463 2058 1501 2085 ut
1539 2053 1622 2089 dixi,

922 2116 1020 2144 erant
1036 2110 1167 2142 servilis
1183 2105 1399 2141 conditionis.
1415 2106 1484 2135 Jos·
1499 2104 1585 2135 Scal.

968 2161 1127 2201 Cur-iales]
1159 2158 1318 2201 Ejusdem
1357 2156 1471 2188 curiae.
1506 2154 1620 2185 Plaut.

923 2213 1039 2245 Aulul.
1068 2222 1107 2243 u.
1128 2214 1160 2242 2.
1182 2212 1191 2226 ⁶
1207 2219 1282 2240 nam
1312 2216 1421 2248 neque
1448 2204 1622 2246 quisquam

924 2263 1102 2296 curialium
1140 2260 1257 2297 Venit,
1293 2265 1403 2298 neque
1448 2254 1623 2295 magister,

926 2323 1025 2355 quem
1057 2311 1209 2344 dividere
1238 2313 1416 2350 argentum
1447 2304 1626 2346 oportuit:

922 2365 1090 2403 Tribules,
1105 2361 1255 2403 ejusdem
1269 2359 1376 2390 tribus
1391 2368 1400 2396 3
1423 2356 1624 2398 municipes,

924 2415 1076 2456 ejusdem
1104 2411 1290 2453 municipii.
1334 2408 1424 2440 Vide
1451 2417 1511 2439 suo
1538 2408 1624 2439 loco.

926 2467 1008 2497 Duc.

969 2520 990 2535 ¹¹¹
1016 2514 1157 2546 Curiales
1186 2508 1357 2548 Flumines]
1384 2508 1535 2541 Minores
1564 2508 1625 2540 Sa-

925 2565 1082 2598 cerdotes
1109 2563 1272 2603 intellige.
1300 2561 1356 2602 qui
1378 2560 1551 2591 curionum
1577 2559 1626 2590 vi-

927 2626 1000 2647 cem
1038 2624 1137 2646 sacra
1165 2618 1200 2644 et
1227 2611 1436 2644 caerimonias
1473 2609 1626 2648 obibant,

927 2675 1002 2696 nam
1019 2665 1158 2696 curiones
1174 2662 1341 2695 curiarum
1357 2660 1554 2693 sacerdotes
1575 2659 1625 2690 fu=

928 2717 991 2749 isse
1007 2720 1122 2748 uotum
1140 2719 1202 2747 est.
1221 2713 1317 2744 Idem.
