1835 2906
409 407 880 466 ANDREAE
980 407 1447 466 DACERII

593 605 1268 682 PRAEFATIO.

203 954 493 1022 POSTQUAM
512 974 860 1021 Illustrissimus‚
878 976 921 1013 et
936 974 1126 1014 omnium
1143 973 1349 1014 virtutum
1367 971 1641 1012 emendatum

202 1040 446 1093 exemplar,
466 1040 647 1081 Carolus
662 1040 1088 1089 Sancta-Mauraeus,
1104 1040 1410 1088 Montauzerii,
1429 1039 1535 1079 Dux
1556 1039 1641 1078 SE·

205 1115 461 1148 RENissiiui
498 1108 750 1148 DELPH1N1
785 1107 1098 1148 adolescentiae
1120 1106 1370 1147 moderator
1391 1107 1537 1146 sactus
1556 1109 1639 1153 est,

203 1171 497 1227 Divinumque
518 1175 641 1215 illum
672 1178 714 1215 et
741 1174 860 1215 omni
890 1187 972 1214 sua
993 1187 1096 1215 cura
1117 1174 1296 1226 dignum
1318 1172 1527 1213 infantem
1548 1184 1639 1223 gre-

201 1240 289 1279 mio
323 1253 403 1280 suo
435 1242 689 1294 impositum
725 1241 932 1295 suscepit,
963 1254 1016 1282 eo
1050 1241 1194 1282 studia
1226 1241 1369 1281 omnia
1389 1238 1572 1280 contulit
1591 1241 1641 1278 ut

200 1304 255 1344 iis
278 1306 508 1347 virtutibus
530 1308 751 1348 alumnum
773 1321 898 1348 suum
920 1308 1149 1355 imbueret,
1166 1319 1265 1360 quae
1282 1307 1510 1347 robustum
1528 1318 1638 1357 quo-

200 1382 298 1422 que,
329 1376 371 1413 et
390 1372 486 1425 Jam
507 1386 710 1425 magnum
734 1374 991 1427 principem,
1014 1375 1115 1414 olim
1138 1374 1282 1422 etiam,
1305 1373 1382 1413 sed
1404 1376 1508 1425 post
1527 1372 1640 1411 mul-

199 1439 269 1476 tos
292 1449 442 1488 annos,
475 1439 513 1479 si
543 1440 640 1479 Deo
660 1440 818 1492 placet,
847 1440 1085 1480 maximum
1108 1439 1288 1491 Regem,
1310 1440 1364 1479 ab
1385 1438 1460 1478 illa
1481 1437 1637 1490 puerili

198 1502 465 1545 institutione
485 1511 862 1558 prosequerentur.
923 1506 1036 1546 Eum
1056 1506 1183 1558 igitur
1211 1506 1420 1549 omnibus
1441 1504 1638 1557 discipli-

197 1570 281 1618 nis,
313 1574 358 1610 et
382 1570 709 1612 humanioribus
740 1573 982 1625 praesertim
1002 1572 1157 1620 literis,
1186 1570 1492 1612 instituendum
1514 1582 1638 1610 cura-

196 1635 274 1675 vit.
333 1636 485 1689 anue
506 1638 672 1679 semina
692 1643 740 1679 ut
760 1639 1066 1691 profundiores
1087 1639 1253 1679 radices
1275 1642 1467 1689 agerent,
1491 1637 1636 1677 Invic-

196 1701 367 1741 tissimo
389 1705 433 1741 et
464 1702 800 1755 Sapientissimo
834 1704 952 1757 Regi
983 1708 1136 1744 auctor
1157 1704 1238 1744 fuit
1258 1708 1306 1744 ut
1328 1704 1431 1744 viris
1452 1703 1634 1743 eruditis

197 1779 346 1808 omnes
368 1769 549 1810 Latinos
566 1776 781 1820 auctores,
796 1772 839 1812 in
861 1785 990 1812 usum
1010 1772 1336 1812 SERENJseri
1362 1771 1635 1819 DELPfflNl,

196 1833 313 1872 notis
334 1838 378 1873 et
399 1834 828 1888 interpretationibus
849 1837 1130 1877 illustrandos
1150 1837 1386 1877 mandaret.

255 1898 378 1940 Nihil
403 1901 594 1953 quidem,
624 1901 964 1942 SEREN1ssnuo
997 1902 1280 1951 DELPHINO,
1311 1902 1460 1942 deerat
1482 1902 1538 1941 ad
1561 1914 1634 1941 ve-

196 1977 289 2004 ram
313 1969 354 2006 et
382 1967 567 2007 solidam
589 1967 829 2009 doctrinam
853 1967 1196 2020 adipiscendam.
1258 1968 1631 2008 Praestantissimo

196 2030 473 2084 Praeceptore
503 2034 712 2074 utebatur
742 2034 1042 2074 Illustrissimo
1068 2047 1120 2074 ac
1144 2033 1532 2074 Reverendissimo
1552 2033 1580 2073 J
1585 2046 1631 2073 a-

196 2097 312 2137 cobo
334 2097 527 2151 Benigno
550 2100 797 2149 Bossuetio,
820 2100 1048 2153 Episcopo
1069 2100 1379 2148 Condomensi‚
1408 2100 1477 2140 cui
1497 2100 1628 2140 etiam

195 2164 239 2202 in
263 2169 433 2216 partem
454 2179 654 2207 curarum
676 2168 840 2208 ascitus
864 2167 1052 2209 Illustris
1074 2171 1115 2208 et
1143 2167 1379 2207 admodum
1414 2165 1630 2206 Reveren-

196 2228 278 2269 dus
309 2231 361 2270 P.
388 2232 546 2272 Daniel
581 2233 775 2274 Huetius
797 2233 949 2274 Abbas
973 2234 1235 2281 Alnetrmus,
1256 2234 1446 2273 omnium
1469 2233 1627 2273 artium

194 2294 249 2334 ad
270 2297 524 2338 miraculum
544 2300 745 2340 eruditus.
795 2300 881 2340 Sed
900 2301 1128 2340 verebatur
1149 2299 1478 2339 Illustrissimus
1499 2299 1627 2339 Mon-

195 2362 375 2402 tauzerii
407 2364 528 2413 Dux,
562 2379 615 2406 ne
648 2380 745 2406 cum
777 2366 880 2406 olim
913 2366 1261 2419 praeceptoribus
1293 2370 1491 2406 exemtus
1511 2371 1627 2406 esset

197 2425 226 2465 S
238 2437 563 2470 ERElesmth
582 2431 774 2471 DELPHI
786 2443 809 2471 Ν
821 2442 894 2480 os,
909 2437 1139 2484 togamque
1154 2435 1379 2481 mutasset,
1395 2432 1525 2472 multa
1541 2432 1627 2472 ela-

196 2492 395 2534 berentur
415 2508 514 2548 quae
537 2496 600 2536 illi
623 2498 840 2550 sapienter
861 2498 1020 2538 tradita
1048 2497 1231 2538 fuerant.
1292 2497 1437 2547 Quare
1460 2498 1500 2537 in
1522 2510 1624 2538 con-

197 2564 419 2611 sequentes
440 2573 575 2602 annos
595 2563 676 2604 hoc
697 2565 736 2604 ei
754 2564 994 2604 subsidium
1016 2565 1203 2617 paravit.

252 2624 468 2668 Praeterea
488 2640 582 2668 cum
607 2629 971 2682 intelligeretRex
986 2630 1352 2683 Sapientissimus
1373 2643 1456 2670 non
1478 2631 1621 2670 minus
