1835 2906
223 145 282 187 34

678 158 827 189 SEXTI
861 158 1063 189 POMPEII
1098 158 1232 190 FES'H

225 250 385 293 Actusd
417 253 550 295 modo
589 253 810 307 significat
847 254 892 294 in
940 253 1168 294 comoediis
1211 256 1253 294 et
1288 253 1514 306 tragoediis
1547 258 1663 296 certa

279 320 426 372 spatia
460 320 754 362 canticorum:
807 319 937 360 modo
971 320 1049 360 iter
1081 320 1192 360 inter
1226 321 1426 361 vicinose
1473 326 1663 374 quatuor

279 387 441 440 pedum
462 388 623 429 latum:
656 388 785 428 modo
805 388 848 428 in
871 388 1135 439 geometrica
1170 387 1373 428 minorem
1395 393 1560 441 partem
1588 389 1662 442 ju-

279 452 403 507 geri,f
420 455 464 495 id
497 460 579 505 est,
611 459 782 496 centum
804 454 962 506 viginti
994 454 1181 507 pedum:
1214 454 1343 494 modo
1365 460 1531 495 motum
1569 469 1660 495 cor—

279 522 433 575 poris,g
455 527 500 563 ut
520 523 775 563 histrionum
796 525 836 562 et
858 523 1130 572 saltatorum,
1150 523 1223 574 qui
1247 522 1376 563 etiam
1390 535 1445 563 ex
1461 522 1545 562 hoc
1563 523 1660 575 ipso

278 590 448 630 actuosi
469 590 685 630 dicuntur.

219 654 509 709 Acupediush
540 656 781 706 dicebatur,
816 656 887 696 cui
920 656 1192 710 praecipuum
1230 660 1324 697 erat
1359 655 1403 696 in
1444 655 1659 696 currendo

276 735 458 763 acumen
481 723 655 776 pedum.

866 852 1009 885 NOTAE

217 947 254 968 ro
271 938 460 978 exponitur,
476 938 639 979 quadrum
656 948 784 978 sagum.
809 939 908 972 Quod

217 988 250 1018 in
267 993 409 1028 quatuor
423 993 536 1028 partes
553 988 696 1019 divisum
712 989 751 1019 ab
764 989 908 1019 humeris

214 1039 326 1069 laxum
350 1039 528 1079 penderet,
555 1048 665 1080 neque
693 1038 805 1069 fibulis
832 1039 907 1070 ullis

216 1089 468 1128 astringeretur.
494 1089 572 1120 Dae.

256 1143 270 1160 ⁰
291 1138 539 1178 Acrumceruma]
563 1139 704 1169 Veteres
729 1138 907 1174 editiones,

216 1190 452 1220 AErumaeruma.
496 1189 601 1229 Lego,
626 1190 803 1227 AErumffla,
832 1200 907 1230 quae

214 1239 308 1270 dicta
324 1245 413 1279 sunt,
439 1245 474 1270 ut
497 1240 619 1271 Graece
635 1240 840 1279 χαλκώματα,
858 1241 908 1281 ἆρ-

214 1289 390 1329 γυρώματα,
406 1289 612 1329 χρυσώματαε
639 1299 679 1320 eo
701 1291 788 1321 euim
805 1291 909 1321 nomi-

214 1349 256 1369 ne
274 1340 469 1379 intelligunt
485 1340 599 1371 Graeci
616 1350 721 1379 aenea,
737 1345 909 1380 argentea,

214 1398 317 1419 aurea
333 1389 502 1420 utensilia.
538 1390 662 1420 Melius
687 1395 797 1420 tamen
819 1391 905 1430 lege·

212 1444 307 1469 retur
322 1439 496 1470 AEramina.
521 1440 594 1471 Jos.
611 1441 694 1471 Scal.

254 1489 502 1529 Acrumoeruma]
527 1490 616 1529 Lege
640 1500 714 1521 cum
733 1490 906 1530 Scaligero

212 1538 374 1578 oerumina,
400 1539 470 1569 sive
505 1540 617 1579 potius
648 1542 806 1579 ceramina,
830 1551 905 1580 quaa

213 1587 344 1618 Graecis
360 1588 569 1629 χαλκώματα,
593 1589 808 1630 ἀργυρώματα,
830 1601 905 1628 χρυ·

212 1637 350 1676 σώματα.
386 1639 502 1675 AEnea,
514 1646 688 1681 argentea,
699 1650 800 1671 aurea
811 1647 905 1671 uten-

212 1689 297 1718 silia.
320 1689 401 1719 Duc.

251 1738 266 1759 d
280 1740 390 1779 Actus]
404 1739 589 1778 Tragoediae
601 1750 691 1780 pars,
706 1740 749 1771 ab
766 1739 908 1779 agendo,

211 1789 328 1819 eadem
355 1790 483 1819 ratione
511 1800 577 1830 qua
605 1791 735 1822 Graecis
759 1791 856 1831 δρᾶμα
888 1800 906 1820 a

210 1839 299 1878 δρᾷν,
315 1848 425 1878 agere.
449 1839 547 1870 Idem.

254 1894 267 1909 e
292 1889 385 1919 Modo
400 1889 461 1919 iter
476 1889 560 1919 inter
574 1889 706 1930 vicinos]
732 1888 785 1919 Ab
802 1898 904 1928 agen-

210 1938 448 1977 do,ducendo,
473 1939 572 1970 Varr.
588 1939 646 1969 lib.
673 1948 717 1970 iv.
743 1938 784 1968 de
811 1940 845 1969 L.
866 1940 902 1969 L.

208 1988 217 2004 ‘
237 1990 313 2020 Qua
342 1989 486 2028 agebant
512 1994 621 2028 actus,
648 1997 711 2028 qua
739 1988 904 2018 vehebant

210 2037 287 2078 viar,
311 2048 376 2078 qua
400 2038 495 2068 ibant
520 2038 562 2068 ab
587 2038 635 2068 itu
661 2037 727 2068 iter
754 2038 903 2077 appella-

209 2088 310 2118 runt-²
345 2088 419 2118 Iter
443 2088 546 2118 latum
571 2087 653 2117 duos
673 2087 790 2127 pedes,
808 2092 903 2118 actus

210 2142 367 2177 quatuor,
385 2137 438 2168 via
453 2142 544 2168 octo.
567 2137 665 2168 Idem.

253 2186 265 2205 f
288 2188 440 2218 Minorem
452 2191 574 2227 partem
589 2186 713 2226 jugeri]
738 2186 902 2226 Jugerum

209 2246 251 2266 ex
272 2237 422 2268 Varrone
439 2244 474 2268 et
499 2238 570 2268 aliis
585 2242 636 2268 est
652 2236 740 2277 quod
759 2235 902 2277 quadra-

210 2292 261 2317 tos
285 2286 366 2317 duos
389 2292 485 2317 actus
503 2286 621 2318 habet:
646 2290 742 2317 actus
762 2284 903 2326 quadra-

209 2341 261 2367 tus
280 2337 365 2366 latus
392 2342 441 2367 est
466 2337 569 2377 pedes
585 2345 670 2368 cxx.
687 2337 805 2376 longus
823 2335 900 2366 toti—

209 2385 304 2417 dem:
323 2392 416 2417 actus
433 2387 536 2426 igitur
553 2386 619 2417 dici
638 2396 701 2417 non
720 2390 831 2426 potest
846 2385 902 2416 mi-

208 2446 264 2467 nor
281 2447 355 2475 pars
371 2437 490 2475 jugeri,
514 2447 588 2468 cum
611 2437 764 2477 jugerum
795 2436 902 2476 majo·

209 2495 279 2516 rem
297 2491 374 2517 actu
399 2491 528 2526 partem
553 2495 617 2516 non
643 2486 778 2516 habeat.
812 2486 900 2525 Lege

209 2536 312 2576 igitur
327 2538 471 2575 majorem
485 2537 727 2576 partemflgeri.
751 2536 900 2576 Namju-

209 2596 323 2625 gerum
340 2587 440 2618 habet
457 2587 559 2617 etiam
581 2586 787 2625 scrupulum,
812 2585 900 2626 quod
931 2616 937 2620 ,

209 2641 261 2665 est
284 2635 401 2666 decem
428 2636 529 2675 pedes
556 2636 588 2665 in
615 2635 838 2674 latitudinem,
864 2641 900 2666 et

210 2685 469 2725 longitudinem,
489 2686 577 2726 quod
599 2690 651 2717 est
671 2686 805 2717 minima
822 2696 900 2726 pars

959 939 1085 979 jugeri.
1113 940 1213 971 Idem.

1004 996 1020 1017 g
1046 991 1139 1021 Modo
1165 994 1280 1021 motum
1305 991 1455 1031 corporis]
1490 990 1596 1022 Actus
1626 993 1658 1023 in

962 1041 1097 1071 comicis
1119 1047 1153 1071 et
1180 1041 1315 1080 tragicis
1334 1040 1454 1071 fabulis
1479 1051 1519 1071 ea
1536 1047 1586 1071 est
1604 1051 1659 1072 ac-

964 1091 1022 1126 tio,
1039 1091 1064 1121 is
1081 1092 1147 1122 oris
1164 1097 1198 1123 et
1215 1093 1306 1123 vocis
1323 1093 1470 1130 habitum,
1489 1094 1515 1122 is
1539 1102 1659 1132 corpo-

964 1142 1009 1172 ris
1026 1146 1135 1173 motus
1152 1153 1217 1184 quo
1235 1153 1269 1174 se
1292 1148 1396 1184 agunt
1420 1143 1600 1174 histriones
1625 1144 1657 1173 iu

963 1204 1077 1232 scena,
1109 1195 1150 1226 ad
1179 1204 1246 1225 rem
1275 1196 1441 1225 scenicam
1466 1194 1657 1235 exprimen-

964 1243 1050 1275 dam.
1076 1245 1165 1275 Vide
1180 1245 1303 1285 Agere.
1329 1246 1425 1275 Idem.

1003 1292 1018 1313 ὴ
1041 1294 1232 1334 Acupetlius]
1248 1295 1394 1325 Lucilius
1404 1294 1574 1333 Agipedem
1586 1293 1658 1323 dix-

962 1343 1009 1373 it:
1037 1345 1045 1360 ‘
1067 1342 1192 1384 Agipes
1219 1354 1334 1375 vocem
1364 1344 1500 1374 mittere
1529 1343 1656 1383 coepitl

961 1392 1190 1424 Glossarium:
1210 1398 1217 1411 ‘
1232 1393 1481 1434 AEquipedium‚
1495 1391 1658 1431 ὀξυποδία.’

960 1444 1028 1474 Jos.
1045 1443 1128 1474 Scal-

1004 1493 1192 1534 Acupedius]
1219 1493 1371 1523 Glossar.
1385 1493 1591 1533 quzipefflus,
1603 1494 1655 1532 ‹8⁴⁶-

961 1548 997 1573 ut
1015 1542 1174 1581 fortasse,
1190 1543 1367 1583 Aqupedius
1385 1543 1596 1573 scribendum
1613 1543 1657 1573 sit

960 1601 1002 1622 ex
1034 1592 1173 1633 antiqua
1201 1592 1467 1623 consuetudine:
1508 1597 1545 1622 ut
1570 1594 1578 1608 ‘
1599 1601 1657 1632 pe-

961 1641 1072 1683 qunia'
1090 1652 1150 1681 pro
1166 1643 1175 1658 ‘
1192 1641 1362 1681 pecunia.'
1388 1642 1457 1672 Ful.
1481 1641 1624 1672 Ursinus.

1003 1691 1195 1730 Acupedius]
1242 1690 1293 1721 Ab
1333 1691 1485 1721 acumine
1519 1690 1656 1730 pedum,

962 1741 1128 1780 quomodo
1145 1740 1245 1778 ἀκμὴν
1259 1741 1361 1771 ποδῶν
1384 1740 1467 1770 dixit
1483 1739 1658 1779 eleganter

963 1790 1139 1821 Pindarus.
1174 1791 1239 1820 Vix
1256 1789 1329 1820 fero
1346 1795 1456 1820 tamen
1483 1789 1536 1820 hic
1562 1789 1657 1828 pedi-

960 1842 1020 1872 bus
1043 1852 1183 1872 acumen
1212 1842 1325 1876 tribui,
1355 1850 1463 1881 neque
1489 1841 1658 1872 immerito

957 1891 1044 1921 hanc
1060 1901 1174 1921 vocem
1193 1897 1386 1930 suspectam
1400 1890 1516 1921 habuit
1532 1891 1655 1922 Vulca-

958 1940 1043 1978 nius,
1063 1940 1118 1979 qui
1157 1940 1336 1979 legendum
1365 1940 1512 1978 putavit,
1536 1941 1652 1979 aeripe-

955 1989 1107 2027 dius‚l1oc
1128 1992 1186 2027 est,
1201 1990 1250 2020 cuz·
1272 1989 1427 2029 prcccipuu
1455 1994 1502 2020 est
1527 1991 1561 2020 in
1585 2000 1654 2020 cur-

956 2040 1049 2069 rendo
1076 2040 1223 2069 velocitas
1253 2040 1374 2078 pedum.
1436 2040 1530 2069 Acris
1565 2040 1653 2070 enim

957 2094 1010 2120 est
1028 2089 1138 2127 velox,
1153 2094 1186 2118 ut
1205 2089 1336 2120 Graecis
1348 2087 1426 2127 ὀξύς.
1443 2089 1556 2120 Gloss.
1572 2088 1654 2130 ὀξὺς,

956 2139 973 2169 ὀ
987 2138 1103 2178 ταχύς.·
1127 2140 1269 2177 Verum,
1286 2148 1474 2179 quanquam
1493 2145 1651 2169 conatum

957 2198 1022 2218 non
1047 2188 1212 2228 improbo,
1232 2187 1403 2227 dispicere
1426 2187 1573 2218 debebat
1602 2189 1655 2218 vir

957 2239 1096 2269 doctiss,
1121 2248 1199 2269 num
1223 2237 1358 2268 aliunde
1386 2248 1482 2278 quam
1506 2239 1548 2269 ab
1575 2248 1652 2270 acu-

956 2289 1045 2319 mine
1069 2287 1233 2327 acupe.!ius
1257 2287 1379 2318 deduci
1405 2293 1532 2327 posset.
1565 2288 1651 2319 Nam

957 2343 1086 2369 rectum
1104 2343 1155 2368 est
1171 2338 1347 2376 acupedius,
1369 2337 1457 2368 uude
1473 2338 1652 2378 acupedium

956 2387 1166 2418 substantive
1183 2386 1322 2418 factum.
1360 2387 1473 2419 Gloss.
1490 2389 1499 2404 ‘
1518 2389 1651 2428 Acupe-

953 2437 1065 2468 dium:
1081 2436 1240 2476 ὄξυποδίαι
1257 2436 1452 2467 Velocitas.'
1478 2437 1521 2468 Et
1535 2437 1650 2469 Gloss.

954 2487 1175 2517 Graeco-Lat.
1209 2491 1217 2503 ⁴
1235 2484 1386 2524 ὀξυποδία,
1422 2486 1651 2526 acupedium.’

952 2536 1019 2567 Sed
1034 2537 1198 2575 acupedz'us
1218 2536 1257 2567 ad
1277 2536 1496 2566 imitationem
1513 2535 1649 2567 Graeco-

954 2595 1026 2616 rum
1039 2584 1202 2623 effictum,
1215 2585 1255 2615 ab
1267 2582 1402 2616 ὠκύπους
1414 2583 1569 2616 ὠκύποδας
1579 2596 1648 2616 ncu-

952 2637 1072 2678 pedius,
1086 2642 1160 2674 et‚o
1182 2645 1345 2667 converso
1371 2636 1404 2665 in
1421 2646 1452 2674 a,
1473 2636 1650 2676 acupedius.

955 2688 1021 2719 Qui
1049 2686 1172 2717 Graece
1195 2687 1317 2725 sciunt,
1342 2686 1403 2716 hoc
1429 2695 1542 2717 verum
1573 2695 1648 2716 esse
