<?xml version="1.0" encoding="UTF-8"?>
<!DOCTYPE html PUBLIC "-//W3C//DTD XHTML 1.0 Transitional//EN"
    "http://www.w3.org/TR/xhtml1/DTD/xhtml1-transitional.dtd">
<html xmlns="http://www.w3.org/1999/xhtml" xml:lang="en" lang="en">
 <head>
  <title>
</title>
<meta http-equiv="Content-Type" content="text/html;charset=utf-8" />
  <meta name='ocr-system' content='tesseract 3.04.00' />
  <meta name='ocr-capabilities' content='ocr_page ocr_carea ocr_par ocr_line ocrx_word'/>
</head>
<body>
  <div class='ocr_page' id='page_1' title='image "./mverriiflacciqua01verruoft/mverriiflacciqua01verruoft_0304.png"; bbox 0 0 1835 2906; ppageno 0'>
   <div class='ocr_carea' id='block_1_1' title="bbox 125 114 208 154">
    <p class='ocr_par' dir='ltr' id='par_1_1' title="bbox 125 114 208 154">
     <span class='ocr_line' id='line_1_1' title="bbox 125 114 208 154; baseline 0 0"><span class='ocrx_word' id='word_1_1' title='bbox 125 114 208 154; x_wconf 64' lang='lat'>2286</span> 
     </span>
    </p>
   </div>
   <div class='ocr_carea' id='block_1_2' title="bbox 581 119 1138 153">
    <p class='ocr_par' dir='ltr' id='par_1_2' title="bbox 581 119 1138 153">
     <span class='ocr_line' id='line_1_2' title="bbox 581 119 1138 153; baseline -0.007 0"><span class='ocrx_word' id='word_1_2' title='bbox 581 122 730 153; x_wconf 83' lang='lat' dir='ltr'>SEXTI</span> <span class='ocrx_word' id='word_1_3' title='bbox 764 119 964 151; x_wconf 88' lang='lat' dir='ltr'>POMPEII</span> <span class='ocrx_word' id='word_1_4' title='bbox 1003 119 1138 149; x_wconf 87' lang='lat' dir='ltr'>FESTI</span> 
     </span>
    </p>
   </div>
   <div class='ocr_carea' id='block_1_3' title="bbox 125 209 1564 537">
    <p class='ocr_par' dir='ltr' id='par_1_3' title="bbox 125 209 1564 537">
     <span class='ocr_line' id='line_1_3' title="bbox 183 209 1563 269; baseline -0.007 -10"><span class='ocrx_word' id='word_1_5' title='bbox 183 219 272 259; x_wconf 84' lang='lat' dir='ltr'>dite</span> <span class='ocrx_word' id='word_1_6' title='bbox 297 216 447 258; x_wconf 81' lang='lat' dir='ltr'>sulti&#39;3</span> <span class='ocrx_word' id='word_1_7' title='bbox 482 229 626 269; x_wconf 86' lang='lat' dir='ltr'>genas,</span> <span class='ocrx_word' id='word_1_8' title='bbox 649 221 693 257; x_wconf 83' lang='lat' dir='ltr'>et</span> <span class='ocrx_word' id='word_1_9' title='bbox 715 215 842 256; x_wconf 88' lang='lat' dir='ltr'>corde</span> <span class='ocrx_word' id='word_1_10' title='bbox 870 213 1099 266; x_wconf 81' lang='lat' dir='ltr'>relinquite</span> <span class='ocrx_word' id='word_1_11' title='bbox 1121 223 1332 252; x_wconf 85' lang='lat' dir='ltr'>somnum.</span> <span class='ocrx_word' id='word_1_12' title='bbox 1382 209 1475 250; x_wconf 90' lang='lat' dir='ltr'>Alii</span> <span class='ocrx_word' id='word_1_13' title='bbox 1488 222 1563 250; x_wconf 83' lang='lat' dir='ltr'>eas</span> 
     </span>
     <span class='ocr_line' id='line_1_4' title="bbox 179 275 1563 339; baseline -0.008 -12"><span class='ocrx_word' id='word_1_14' title='bbox 179 292 332 339; x_wconf 80' lang='lat' dir='ltr'>partes</span> <span class='ocrx_word' id='word_1_15' title='bbox 359 290 517 339; x_wconf 82' lang='lat' dir='ltr'>putant</span> <span class='ocrx_word' id='word_1_16' title='bbox 550 298 683 337; x_wconf 81' lang='lat' dir='ltr'>genas</span> <span class='ocrx_word' id='word_1_17' title='bbox 709 275 811 332; x_wconf 64' lang='lat' dir='ltr'>dici,</span> <span class='ocrx_word' id='word_1_18' title='bbox 839 295 937 335; x_wconf 86' lang='lat' dir='ltr'>quae</span> <span class='ocrx_word' id='word_1_19' title='bbox 962 284 1059 321; x_wconf 84' lang='lat' dir='ltr'>sunt</span> <span class='ocrx_word' id='word_1_20' title='bbox 1089 279 1168 319; x_wconf 85' lang='lat' dir='ltr'>sub</span> <span class='ocrx_word' id='word_1_21' title='bbox 1205 278 1358 319; x_wconf 84' lang='lat' dir='ltr'>oculis.</span> <span class='ocrx_word' id='word_1_22' title='bbox 1418 277 1563 318; x_wconf 84' lang='lat' dir='ltr'>Pacu-</span> 
     </span>
     <span class='ocr_line' id='line_1_5' title="bbox 180 344 1564 406; baseline -0.007 -13"><span class='ocrx_word' id='word_1_23' title='bbox 180 354 279 393; x_wconf 75' lang='lat' dir='ltr'>vius</span> <span class='ocrx_word' id='word_1_24' title='bbox 299 366 431 405; x_wconf 87' lang='lat' dir='ltr'>genas</span> <span class='ocrx_word' id='word_1_25' title='bbox 453 356 576 406; x_wconf 82' lang='lat' dir='ltr'>putat</span> <span class='ocrx_word' id='word_1_26' title='bbox 594 364 703 400; x_wconf 83' lang='lat' dir='ltr'>esse,</span> <span class='ocrx_word' id='word_1_27' title='bbox 723 362 809 403; x_wconf 82' lang='lat' dir='ltr'>qua</span> <span class='ocrx_word' id='word_1_28' title='bbox 829 349 964 389; x_wconf 79' lang='lat' dir='ltr'>barba</span> <span class='ocrx_word' id='word_1_29' title='bbox 984 347 1172 400; x_wconf 85' lang='lat' dir='ltr'>primum</span> <span class='ocrx_word' id='word_1_30' title='bbox 1193 346 1341 395; x_wconf 87' lang='lat' dir='ltr'>oritur,</span> <span class='ocrx_word' id='word_1_31' title='bbox 1363 344 1447 386; x_wconf 86' lang='lat' dir='ltr'>hoc</span> <span class='ocrx_word' id='word_1_32' title='bbox 1467 357 1564 385; x_wconf 86' lang='lat' dir='ltr'>ver-</span> 
     </span>
     <span class='ocr_line' id='line_1_6' title="bbox 182 415 1338 474; baseline -0.008 -13"><span class='ocrx_word' id='word_1_33' title='bbox 182 433 258 461; x_wconf 88' lang='lat' dir='ltr'>su:</span> <span class='ocrx_word' id='word_1_34' title='bbox 295 419 335 461; x_wconf 90' lang='lat' dir='ltr'>N</span> <span class='ocrx_word' id='word_1_35' title='bbox 340 433 422 461; x_wconf 84' lang='lat' dir='ltr'>unc</span> <span class='ocrx_word' id='word_1_36' title='bbox 444 421 629 474; x_wconf 87' lang='lat' dir='ltr'>primum</span> <span class='ocrx_word' id='word_1_37' title='bbox 649 421 810 472; x_wconf 81' lang='lat' dir='ltr'>opacat</span> <span class='ocrx_word' id='word_1_38' title='bbox 828 416 931 457; x_wconf 89' lang='lat' dir='ltr'>flore</span> <span class='ocrx_word' id='word_1_39' title='bbox 951 420 969 444; x_wconf 83' lang='lat'><strong>4</strong></span> <span class='ocrx_word' id='word_1_40' title='bbox 1008 415 1168 466; x_wconf 84' lang='lat' dir='ltr'>lanugo</span> <span class='ocrx_word' id='word_1_41' title='bbox 1190 425 1338 465; x_wconf 86' lang='lat' dir='ltr'>genas.</span> 
     </span>
     <span class='ocr_line' id='line_1_7' title="bbox 125 477 1564 537; baseline -0.01 -7"><span class='ocrx_word' id='word_1_42' title='bbox 125 487 338 529; x_wconf 84' lang='lat' dir='ltr'>Geniales</span> <span class='ocrx_word' id='word_1_43' title='bbox 352 487 475 529; x_wconf 83' lang='lat' dir='ltr'>Deos</span> <span class='ocrx_word' id='word_1_44' title='bbox 492 493 506 517; x_wconf 85' lang='lat'>⁵</span> <span class='ocrx_word' id='word_1_45' title='bbox 521 492 547 508; x_wconf 74' lang='lat'>“¹</span> <span class='ocrx_word' id='word_1_46' title='bbox 563 486 764 528; x_wconf 84' lang='lat' dir='ltr'>dixerunt</span> <span class='ocrx_word' id='word_1_47' title='bbox 777 496 952 537; x_wconf 83' lang='lat' dir='ltr'>aquam,</span> <span class='ocrx_word' id='word_1_48' title='bbox 965 485 1133 530; x_wconf 81' lang='lat' dir='ltr'>tetram,</span> <span class='ocrx_word' id='word_1_49' title='bbox 1146 481 1304 533; x_wconf 88' lang='lat' dir='ltr'>ignem,</span> <span class='ocrx_word' id='word_1_50' title='bbox 1325 477 1487 527; x_wconf 68' lang='lat' dir='ltr'>aerem,</span> <span class='ocrx_word' id='word_1_51' title='bbox 1510 488 1564 516; x_wconf 80' lang='lat' dir='ltr'>ea</span> 
     </span>
    </p>
   </div>
   <div class='ocr_carea' id='block_1_4' title="bbox 717 602 853 614">
    <p class='ocr_par' dir='ltr' id='par_1_4' title="bbox 717 602 853 614">
     <span class='ocr_line' id='line_1_8' title="bbox 717 602 853 614; baseline -0.007 0"><span class='ocrx_word' id='word_1_52' title='bbox 717 602 853 614; x_wconf 56' lang='lat'>‘‘‘‘‘‘</span> 
     </span>
    </p>
   </div>
   <div class='ocr_carea' id='block_1_5' title="bbox 857 600 954 614">
    <p class='ocr_par' dir='ltr' id='par_1_5' title="bbox 857 600 954 614">
     <span class='ocr_line' id='line_1_9' title="bbox 857 600 954 614; baseline 0.01 -1"><span class='ocrx_word' id='word_1_53' title='bbox 857 600 954 614; x_wconf 51' lang='lat' dir='ltr'>eeeee</span> 
     </span>
    </p>
   </div>
   <div class='ocr_carea' id='block_1_6' title="bbox 168 672 1447 721">
    <p class='ocr_par' dir='ltr' id='par_1_6' title="bbox 168 672 1447 721">
     <span class='ocr_line' id='line_1_10' title="bbox 168 672 1447 721; baseline -0.006 -9"><span class='ocrx_word' id='word_1_54' title='bbox 168 683 186 712; x_wconf 83' lang='lat'><strong>3</strong></span> <span class='ocrx_word' id='word_1_55' title='bbox 213 681 355 714; x_wconf 82' lang='lat' dir='ltr'>Quidam</span> <span class='ocrx_word' id='word_1_56' title='bbox 371 681 539 713; x_wconf 61' lang='lat' dir='ltr'>sums-4</span> <span class='ocrx_word' id='word_1_57' title='bbox 561 680 756 721; x_wconf 86' lang='lat' dir='ltr'>Legendum</span> <span class='ocrx_word' id='word_1_58' title='bbox 772 683 887 711; x_wconf 85' lang='lat' dir='ltr'>monet</span> <span class='ocrx_word' id='word_1_59' title='bbox 903 677 1157 718; x_wconf 80' lang='lat' dir='ltr'>Scal.flora.—5</span> <span class='ocrx_word' id='word_1_60' title='bbox 1182 674 1268 706; x_wconf 85' lang='lat' dir='ltr'>Vide</span> <span class='ocrx_word' id='word_1_61' title='bbox 1287 674 1369 706; x_wconf 89' lang='lat' dir='ltr'>Not.</span> <span class='ocrx_word' id='word_1_62' title='bbox 1387 672 1447 704; x_wconf 87' lang='lat' dir='ltr'>inf.</span> 
     </span>
    </p>
   </div>
   <div class='ocr_carea' id='block_1_7' title="bbox 783 796 923 829">
    <p class='ocr_par' dir='ltr' id='par_1_7' title="bbox 783 796 923 829">
     <span class='ocr_line' id='line_1_11' title="bbox 783 796 923 829; baseline -0.014 0"><span class='ocrx_word' id='word_1_63' title='bbox 783 797 814 829; x_wconf 77' lang='lat' dir='ltr'>N</span> <span class='ocrx_word' id='word_1_64' title='bbox 821 796 923 828; x_wconf 82' lang='lat' dir='ltr'>OTAE</span> 
     </span>
    </p>
   </div>
   <div class='ocr_carea' id='block_1_8' title="bbox 123 872 825 2655">
    <p class='ocr_par' dir='ltr' id='par_1_8' title="bbox 124 872 823 1416">
     <span class='ocr_line' id='line_1_12' title="bbox 167 872 818 914; baseline -0.006 -8"><span class='ocrx_word' id='word_1_65' title='bbox 167 879 188 896; x_wconf 82' lang='lat' dir='ltr'>m</span> <span class='ocrx_word' id='word_1_66' title='bbox 203 874 348 906; x_wconf 80' lang='lat' dir='ltr'>Geniales</span> <span class='ocrx_word' id='word_1_67' title='bbox 362 873 460 914; x_wconf 85' lang='lat' dir='ltr'><strong><em>Deos]</em></strong></span> <span class='ocrx_word' id='word_1_68' title='bbox 470 874 594 905; x_wconf 84' lang='lat' dir='ltr'>Petrus</span> <span class='ocrx_word' id='word_1_69' title='bbox 607 872 818 904; x_wconf 85' lang='lat' dir='ltr'>Chiacconus</span> 
     </span>
     <span class='ocr_line' id='line_1_13' title="bbox 126 922 818 966; baseline -0.006 -10"><span class='ocrx_word' id='word_1_70' title='bbox 126 925 310 966; x_wconf 85' lang='lat' dir='ltr'>Hispanus,</span> <span class='ocrx_word' id='word_1_71' title='bbox 338 925 434 955; x_wconf 84' lang='lat' dir='ltr'>homo</span> <span class='ocrx_word' id='word_1_72' title='bbox 451 924 562 964; x_wconf 89' lang='lat' dir='ltr'>magni</span> <span class='ocrx_word' id='word_1_73' title='bbox 588 922 714 963; x_wconf 87' lang='lat' dir='ltr'>ingenii</span> <span class='ocrx_word' id='word_1_74' title='bbox 731 931 818 962; x_wconf 83' lang='lat' dir='ltr'>prae-</span> 
     </span>
     <span class='ocr_line' id='line_1_14' title="bbox 125 974 820 1017; baseline -0.006 -10"><span class='ocrx_word' id='word_1_75' title='bbox 125 977 291 1017; x_wconf 72' lang='lat' dir='ltr'>claraeque</span> <span class='ocrx_word' id='word_1_76' title='bbox 318 975 533 1014; x_wconf 84' lang='lat' dir='ltr'>eruditionis,</span> <span class='ocrx_word' id='word_1_77' title='bbox 569 984 588 1005; x_wconf 86' lang='lat' dir='ltr'>a</span> <span class='ocrx_word' id='word_1_78' title='bbox 618 983 684 1015; x_wconf 90' lang='lat' dir='ltr'>qno</span> <span class='ocrx_word' id='word_1_79' title='bbox 712 974 820 1004; x_wconf 89' lang='lat' dir='ltr'>multa</span> 
     </span>
     <span class='ocr_line' id='line_1_15' title="bbox 124 1023 821 1062; baseline -0.004 -6"><span class='ocrx_word' id='word_1_80' title='bbox 124 1027 156 1056; x_wconf 91' lang='lat' dir='ltr'>in</span> <span class='ocrx_word' id='word_1_81' title='bbox 173 1026 236 1057; x_wconf 89' lang='lat' dir='ltr'>hoc</span> <span class='ocrx_word' id='word_1_82' title='bbox 253 1025 338 1056; x_wconf 85' lang='lat' dir='ltr'>libro</span> <span class='ocrx_word' id='word_1_83' title='bbox 355 1026 534 1056; x_wconf 85' lang='lat' dir='ltr'>emendata</span> <span class='ocrx_word' id='word_1_84' title='bbox 546 1029 635 1062; x_wconf 89' lang='lat' dir='ltr'>sunt,</span> <span class='ocrx_word' id='word_1_85' title='bbox 651 1023 821 1055; x_wconf 81' lang='lat' dir='ltr'>existima-</span> 
     </span>
     <span class='ocr_line' id='line_1_16' title="bbox 124 1075 821 1115; baseline -0.003 -9"><span class='ocrx_word' id='word_1_86' title='bbox 124 1075 183 1106; x_wconf 89' lang='lat' dir='ltr'>bat</span> <span class='ocrx_word' id='word_1_87' title='bbox 203 1076 365 1106; x_wconf 80' lang='lat' dir='ltr'>Genitales</span> <span class='ocrx_word' id='word_1_88' title='bbox 379 1075 555 1115; x_wconf 84' lang='lat' dir='ltr'>legendum</span> <span class='ocrx_word' id='word_1_89' title='bbox 574 1084 667 1104; x_wconf 86' lang='lat' dir='ltr'>esse:</span> <span class='ocrx_word' id='word_1_90' title='bbox 693 1083 767 1104; x_wconf 80' lang='lat' dir='ltr'>nam</span> <span class='ocrx_word' id='word_1_91' title='bbox 785 1077 821 1104; x_wconf 89' lang='lat' dir='ltr'>et</span> 
     </span>
     <span class='ocr_line' id='line_1_17' title="bbox 124 1124 820 1156; baseline -0.001 -1"><span class='ocrx_word' id='word_1_92' title='bbox 124 1126 157 1155; x_wconf 90' lang='lat' dir='ltr'>in</span> <span class='ocrx_word' id='word_1_93' title='bbox 174 1125 318 1156; x_wconf 84' lang='lat' dir='ltr'>veterib.</span> <span class='ocrx_word' id='word_1_94' title='bbox 336 1124 560 1155; x_wconf 81' lang='lat' dir='ltr'>numisrnatib.</span> <span class='ocrx_word' id='word_1_95' title='bbox 576 1129 645 1155; x_wconf 84' lang='lat' dir='ltr'>est:</span> <span class='ocrx_word' id='word_1_96' title='bbox 668 1125 736 1155; x_wconf 83' lang='lat' dir='ltr'>Dls</span> <span class='ocrx_word' id='word_1_97' title='bbox 750 1124 820 1155; x_wconf 83' lang='lat' dir='ltr'>GE-</span> 
     </span>
     <span class='ocr_line' id='line_1_18' title="bbox 125 1172 820 1213; baseline -0.001 -9"><span class='ocrx_word' id='word_1_98' title='bbox 125 1183 316 1205; x_wconf 74' lang='lat' dir='ltr'>Ni&#39;rAvas</span> <span class='ocrx_word' id='word_1_99' title='bbox 335 1185 342 1205; x_wconf 72' lang='grc' dir='ltr'>ε</span> <span class='ocrx_word' id='word_1_100' title='bbox 367 1179 402 1205; x_wconf 89' lang='lat' dir='ltr'>et</span> <span class='ocrx_word' id='word_1_101' title='bbox 424 1173 586 1213; x_wconf 81' lang='lat' dir='ltr'>Virgilius</span> <span class='ocrx_word' id='word_1_102' title='bbox 604 1172 705 1204; x_wconf 84' lang='lat' dir='ltr'>babet</span> <span class='ocrx_word' id='word_1_103' title='bbox 729 1173 820 1212; x_wconf 86' lang='lat' dir='ltr'>geni·</span> 
     </span>
     <span class='ocr_line' id='line_1_19' title="bbox 126 1223 820 1256; baseline -0.003 -1"><span class='ocrx_word' id='word_1_104' title='bbox 126 1225 209 1255; x_wconf 88' lang='lat' dir='ltr'>tales</span> <span class='ocrx_word' id='word_1_105' title='bbox 225 1225 283 1255; x_wconf 90' lang='lat' dir='ltr'>illo</span> <span class='ocrx_word' id='word_1_106' title='bbox 300 1234 397 1255; x_wconf 87' lang='lat' dir='ltr'>versu</span> <span class='ocrx_word' id='word_1_107' title='bbox 413 1224 471 1256; x_wconf 85' lang='lat' dir='ltr'>lib.</span> <span class='ocrx_word' id='word_1_108' title='bbox 490 1234 539 1254; x_wconf 85' lang='lat' dir='ltr'>vr.</span> <span class='ocrx_word' id='word_1_109' title='bbox 571 1225 579 1241; x_wconf 91' lang='lat'>‘</span> <span class='ocrx_word' id='word_1_110' title='bbox 601 1223 764 1254; x_wconf 75' lang='lat' dir='ltr'>Romulus</span> <span class='ocrx_word' id='word_1_111' title='bbox 787 1223 820 1253; x_wconf 88' lang='lat' dir='ltr'>in</span> 
     </span>
     <span class='ocr_line' id='line_1_20' title="bbox 126 1274 823 1315; baseline -0.003 -10"><span class='ocrx_word' id='word_1_112' title='bbox 126 1275 220 1306; x_wconf 89' lang='lat' dir='ltr'>Coelo</span> <span class='ocrx_word' id='word_1_113' title='bbox 238 1284 312 1305; x_wconf 90' lang='lat' dir='ltr'>cum</span> <span class='ocrx_word' id='word_1_114' title='bbox 329 1275 380 1305; x_wconf 85' lang='lat' dir='ltr'>dis</span> <span class='ocrx_word' id='word_1_115' title='bbox 399 1274 604 1315; x_wconf 70' lang='lat' dir='ltr'>genitalibus</span> <span class='ocrx_word' id='word_1_116' title='bbox 627 1283 734 1304; x_wconf 86' lang='lat' dir='ltr'>aevum</span> <span class='ocrx_word' id='word_1_117' title='bbox 751 1274 823 1304; x_wconf 86' lang='lat' dir='ltr'>De-</span> 
     </span>
     <span class='ocr_line' id='line_1_21' title="bbox 126 1323 823 1364; baseline -0.006 -8"><span class='ocrx_word' id='word_1_118' title='bbox 126 1326 176 1364; x_wconf 84' lang='lat' dir='ltr'>git</span> <span class='ocrx_word' id='word_1_119' title='bbox 191 1325 211 1356; x_wconf 88' lang='lat'>:’</span> <span class='ocrx_word' id='word_1_120' title='bbox 234 1325 315 1357; x_wconf 89' lang='lat' dir='ltr'>item</span> <span class='ocrx_word' id='word_1_121' title='bbox 340 1326 396 1356; x_wconf 91' lang='lat' dir='ltr'>lib.</span> <span class='ocrx_word' id='word_1_122' title='bbox 415 1334 455 1355; x_wconf 90' lang='lat'>11.</span> <span class='ocrx_word' id='word_1_123' title='bbox 471 1325 599 1364; x_wconf 86' lang='lat' dir='ltr'>Georg.</span> <span class='ocrx_word' id='word_1_124' title='bbox 624 1326 632 1340; x_wconf 90' lang='lat'>‘</span> <span class='ocrx_word' id='word_1_125' title='bbox 649 1323 823 1354; x_wconf 80' lang='lat' dir='ltr'>Genitalia</span> 
     </span>
     <span class='ocr_line' id='line_1_22' title="bbox 124 1374 658 1416; baseline 0 -10"><span class='ocrx_word' id='word_1_126' title='bbox 124 1375 251 1406; x_wconf 85' lang='lat' dir='ltr'>semina</span> <span class='ocrx_word' id='word_1_127' title='bbox 267 1375 437 1416; x_wconf 64' lang='lat' dir='ltr'>poscunt!</span> <span class='ocrx_word' id='word_1_128' title='bbox 462 1375 531 1405; x_wconf 82' lang='lat' dir='ltr'>Ful.</span> <span class='ocrx_word' id='word_1_129' title='bbox 552 1374 658 1406; x_wconf 78' lang='lat' dir='ltr'>Ursin.</span> 
     </span>
    </p>

    <p class='ocr_par' dir='ltr' id='par_1_9' title="bbox 123 1422 825 2655">
     <span class='ocr_line' id='line_1_23' title="bbox 170 1422 823 1465; baseline -0.005 -10"><span class='ocrx_word' id='word_1_130' title='bbox 170 1425 330 1465; x_wconf 71' lang='lat' dir='ltr'>Geniules]</span> <span class='ocrx_word' id='word_1_131' title='bbox 353 1425 393 1455; x_wconf 93' lang='lat' dir='ltr'>In</span> <span class='ocrx_word' id='word_1_132' title='bbox 417 1424 483 1455; x_wconf 79' lang='lat' dir='ltr'>fine</span> <span class='ocrx_word' id='word_1_133' title='bbox 501 1422 754 1464; x_wconf 85' lang='lat' dir='ltr'>corruptissima</span> <span class='ocrx_word' id='word_1_134' title='bbox 774 1422 823 1453; x_wconf 90' lang='lat' dir='ltr'>ita</span> 
     </span>
     <span class='ocr_line' id='line_1_24' title="bbox 125 1474 824 1513; baseline -0.006 -7"><span class='ocrx_word' id='word_1_135' title='bbox 125 1476 292 1507; x_wconf 81' lang='lat' dir='ltr'>restituo:</span> <span class='ocrx_word' id='word_1_136' title='bbox 313 1475 460 1505; x_wconf 80' lang='lat' dir='ltr'>Geniales</span> <span class='ocrx_word' id='word_1_137' title='bbox 475 1475 552 1505; x_wconf 75' lang='lat' dir='ltr'>dicti</span> <span class='ocrx_word' id='word_1_138' title='bbox 566 1484 584 1504; x_wconf 84' lang='grc' dir='ltr'><em>α</em></span> <span class='ocrx_word' id='word_1_139' title='bbox 597 1474 746 1513; x_wconf 67' lang='lat' dir='ltr'>gemendo,</span> <span class='ocrx_word' id='word_1_140' title='bbox 764 1483 824 1512; x_wconf 83' lang='lat' dir='ltr'>qua</span> 
     </span>
     <span class='ocr_line' id='line_1_25' title="bbox 123 1525 823 1565; baseline -0.004 -10"><span class='ocrx_word' id='word_1_141' title='bbox 123 1526 291 1564; x_wconf 80' lang='lat' dir='ltr'>plurimum</span> <span class='ocrx_word' id='word_1_142' title='bbox 314 1535 401 1565; x_wconf 83' lang='lat' dir='ltr'>posse</span> <span class='ocrx_word' id='word_1_143' title='bbox 414 1525 614 1565; x_wconf 79' lang='lat' dir='ltr'>putabantur,</span> <span class='ocrx_word' id='word_1_144' title='bbox 631 1533 704 1563; x_wconf 81' lang='lat' dir='ltr'>quos</span> <span class='ocrx_word' id='word_1_145' title='bbox 718 1526 823 1563; x_wconf 81' lang='lat' dir='ltr'>postea</span> 
     </span>
     <span class='ocr_line' id='line_1_26' title="bbox 127 1574 822 1616; baseline -0.003 -12"><span class='ocrx_word' id='word_1_146' title='bbox 127 1575 243 1606; x_wconf 80' lang='lat' dir='ltr'>Genios</span> <span class='ocrx_word' id='word_1_147' title='bbox 267 1576 471 1616; x_wconf 71' lang='lat' dir='ltr'>appellarant.</span> <span class='ocrx_word' id='word_1_148' title='bbox 517 1574 557 1605; x_wconf 85' lang='lat' dir='ltr'>Id</span> <span class='ocrx_word' id='word_1_149' title='bbox 584 1579 655 1604; x_wconf 85' lang='lat' dir='ltr'>est:</span> <span class='ocrx_word' id='word_1_150' title='bbox 682 1574 759 1606; x_wconf 82' lang='lat' dir='ltr'>Qua</span> <span class='ocrx_word' id='word_1_151' title='bbox 786 1582 822 1603; x_wconf 87' lang='lat' dir='ltr'>re</span> 
     </span>
     <span class='ocr_line' id='line_1_27' title="bbox 125 1624 823 1665; baseline -0.006 -9"><span class='ocrx_word' id='word_1_152' title='bbox 125 1626 304 1665; x_wconf 87' lang='lat' dir='ltr'>plurimum</span> <span class='ocrx_word' id='word_1_153' title='bbox 323 1627 464 1665; x_wconf 69' lang='lat' dir='ltr'>pollent,</span> <span class='ocrx_word' id='word_1_154' title='bbox 487 1626 549 1655; x_wconf 78' lang='lat' dir='ltr'>lioc</span> <span class='ocrx_word' id='word_1_155' title='bbox 566 1628 628 1659; x_wconf 85' lang='lat' dir='ltr'>est,</span> <span class='ocrx_word' id='word_1_156' title='bbox 647 1624 823 1663; x_wconf 82' lang='lat' dir='ltr'>genitura:</span> 
     </span>
     <span class='ocr_line' id='line_1_28' title="bbox 124 1674 823 1714; baseline -0.001 -10"><span class='ocrx_word' id='word_1_157' title='bbox 124 1681 202 1707; x_wconf 82' lang='lat' dir='ltr'>sunt</span> <span class='ocrx_word' id='word_1_158' title='bbox 215 1677 302 1707; x_wconf 89' lang='lat' dir='ltr'>enim</span> <span class='ocrx_word' id='word_1_159' title='bbox 319 1676 381 1706; x_wconf 79' lang='grc' dir='ltr'>θεοὶ</span> <span class='ocrx_word' id='word_1_160' title='bbox 398 1676 564 1714; x_wconf 70' lang='grc' dir='ltr'>γενέθλιοι.</span> <span class='ocrx_word' id='word_1_161' title='bbox 597 1674 694 1708; x_wconf 83' lang='lat' dir='ltr'>Quod</span> <span class='ocrx_word' id='word_1_162' title='bbox 710 1678 823 1705; x_wconf 85' lang='lat' dir='ltr'>autem</span> 
     </span>
     <span class='ocr_line' id='line_1_29' title="bbox 126 1724 823 1764; baseline -0.003 -9"><span class='ocrx_word' id='word_1_163' title='bbox 126 1726 186 1764; x_wconf 86' lang='lat' dir='ltr'>ait,</span> <span class='ocrx_word' id='word_1_164' title='bbox 217 1726 377 1757; x_wconf 83' lang='lat' dir='ltr'>Geniales</span> <span class='ocrx_word' id='word_1_165' title='bbox 410 1728 500 1757; x_wconf 90' lang='lat' dir='ltr'>Deos</span> <span class='ocrx_word' id='word_1_166' title='bbox 533 1735 603 1756; x_wconf 80' lang='lat' dir='ltr'>esse</span> <span class='ocrx_word' id='word_1_167' title='bbox 635 1724 762 1755; x_wconf 85' lang='lat' dir='ltr'>semina</span> <span class='ocrx_word' id='word_1_168' title='bbox 789 1728 823 1753; x_wconf 90' lang='lat' dir='ltr'>et</span> 
     </span>
     <span class='ocr_line' id='line_1_30' title="bbox 127 1774 824 1811; baseline -0.003 -6"><span class='ocrx_word' id='word_1_169' title='bbox 127 1776 296 1807; x_wconf 84' lang='lat' dir='ltr'>elementa</span> <span class='ocrx_word' id='word_1_170' title='bbox 323 1787 444 1811; x_wconf 85' lang='lat' dir='ltr'>rerum,</span> <span class='ocrx_word' id='word_1_171' title='bbox 470 1787 534 1807; x_wconf 88' lang='lat' dir='ltr'>non</span> <span class='ocrx_word' id='word_1_172' title='bbox 561 1776 658 1806; x_wconf 87' lang='lat' dir='ltr'>latuit</span> <span class='ocrx_word' id='word_1_173' title='bbox 683 1774 824 1805; x_wconf 81' lang='lat' dir='ltr'>Graecos</span> 
     </span>
     <span class='ocr_line' id='line_1_31' title="bbox 127 1824 824 1866; baseline -0.006 -10"><span class='ocrx_word' id='word_1_174' title='bbox 127 1825 319 1866; x_wconf 74' lang='lat' dir='ltr'>magistros,</span> <span class='ocrx_word' id='word_1_175' title='bbox 335 1828 390 1866; x_wconf 80' lang='lat' dir='ltr'>qui</span> <span class='ocrx_word' id='word_1_176' title='bbox 410 1827 681 1864; x_wconf 85' lang='lat' dir='ltr'>interpretantur</span> <span class='ocrx_word' id='word_1_177' title='bbox 700 1824 824 1854; x_wconf 83' lang='lat' dir='ltr'>Genia-</span> 
     </span>
     <span class='ocr_line' id='line_1_32' title="bbox 125 1872 822 1915; baseline -0.004 -10"><span class='ocrx_word' id='word_1_178' title='bbox 125 1876 187 1915; x_wconf 76' lang='lat' dir='ltr'>les,</span> <span class='ocrx_word' id='word_1_179' title='bbox 203 1877 358 1914; x_wconf 82' lang='grc' dir='ltr'>στοιχεῖα.</span> <span class='ocrx_word' id='word_1_180' title='bbox 404 1875 580 1905; x_wconf 82' lang='lat' dir='ltr'>Genialem</span> <span class='ocrx_word' id='word_1_181' title='bbox 595 1874 696 1904; x_wconf 89' lang='lat' dir='ltr'>etiam</span> <span class='ocrx_word' id='word_1_182' title='bbox 711 1872 822 1911; x_wconf 85' lang='grc' dir='ltr'><strong><em>τύχην,</em></strong></span> 
     </span>
     <span class='ocr_line' id='line_1_33' title="bbox 127 1922 824 1963; baseline -0.004 -8"><span class='ocrx_word' id='word_1_183' title='bbox 127 1929 161 1955; x_wconf 81' lang='lat' dir='ltr'>et</span> <span class='ocrx_word' id='word_1_184' title='bbox 192 1924 360 1963; x_wconf 85' lang='lat' dir='ltr'>Genialia,</span> <span class='ocrx_word' id='word_1_185' title='bbox 388 1923 495 1963; x_wconf 80' lang='grc' dir='ltr'>τύχια.</span> <span class='ocrx_word' id='word_1_186' title='bbox 555 1922 757 1953; x_wconf 89' lang='lat' dir='ltr'>Addendum</span> <span class='ocrx_word' id='word_1_187' title='bbox 788 1926 824 1952; x_wconf 89' lang='lat' dir='ltr'>et</span> 
     </span>
     <span class='ocr_line' id='line_1_34' title="bbox 126 1973 821 2014; baseline -0.004 -9"><span class='ocrx_word' id='word_1_188' title='bbox 126 1974 214 2014; x_wconf 87' lang='lat' dir='ltr'>quod</span> <span class='ocrx_word' id='word_1_189' title='bbox 239 1975 362 2005; x_wconf 81' lang='lat' dir='ltr'>Santra</span> <span class='ocrx_word' id='word_1_190' title='bbox 387 1980 484 2004; x_wconf 89' lang='lat' dir='ltr'>vetus</span> <span class='ocrx_word' id='word_1_191' title='bbox 515 1973 662 2012; x_wconf 84' lang='lat' dir='ltr'>scriptor</span> <span class='ocrx_word' id='word_1_192' title='bbox 685 1977 821 2003; x_wconf 85' lang='lat' dir='ltr'>monet:</span> 
     </span>
     <span class='ocr_line' id='line_1_35' title="bbox 127 2023 823 2055; baseline -0.003 0"><span class='ocrx_word' id='word_1_193' title='bbox 127 2024 135 2039; x_wconf 92' lang='lat'>‘</span> <span class='ocrx_word' id='word_1_194' title='bbox 153 2024 227 2055; x_wconf 89' lang='lat' dir='ltr'>Scis</span> <span class='ocrx_word' id='word_1_195' title='bbox 249 2025 338 2055; x_wconf 89' lang='lat' dir='ltr'>enim</span> <span class='ocrx_word' id='word_1_196' title='bbox 356 2024 518 2055; x_wconf 84' lang='lat' dir='ltr'>Geniales</span> <span class='ocrx_word' id='word_1_197' title='bbox 539 2024 689 2054; x_wconf 81' lang='lat' dir='ltr'>homines</span> <span class='ocrx_word' id='word_1_198' title='bbox 708 2023 750 2054; x_wconf 90' lang='lat' dir='ltr'>ab</span> <span class='ocrx_word' id='word_1_199' title='bbox 767 2033 823 2053; x_wconf 88' lang='lat' dir='ltr'>au-</span> 
     </span>
     <span class='ocr_line' id='line_1_36' title="bbox 126 2073 823 2115; baseline -0.001 -11"><span class='ocrx_word' id='word_1_200' title='bbox 126 2073 229 2114; x_wconf 79' lang='lat' dir='ltr'>tiquis</span> <span class='ocrx_word' id='word_1_201' title='bbox 253 2075 453 2115; x_wconf 79' lang='lat' dir='ltr'>appellatos,</span> <span class='ocrx_word' id='word_1_202' title='bbox 469 2074 524 2115; x_wconf 84' lang='lat' dir='ltr'>qui</span> <span class='ocrx_word' id='word_1_203' title='bbox 541 2074 582 2104; x_wconf 86' lang='lat' dir='ltr'>ad</span> <span class='ocrx_word' id='word_1_204' title='bbox 601 2073 823 2108; x_wconf 84' lang='lat' dir='ltr'>invitandum,</span> 
     </span>
     <span class='ocr_line' id='line_1_37' title="bbox 127 2123 824 2164; baseline 0.001 -12"><span class='ocrx_word' id='word_1_205' title='bbox 127 2128 161 2153; x_wconf 84' lang='lat' dir='ltr'>et</span> <span class='ocrx_word' id='word_1_206' title='bbox 176 2123 299 2163; x_wconf 87' lang='lat' dir='ltr'>largius</span> <span class='ocrx_word' id='word_1_207' title='bbox 321 2124 552 2164; x_wconf 82' lang='lat' dir='ltr'>apparandum</span> <span class='ocrx_word' id='word_1_208' title='bbox 578 2124 689 2154; x_wconf 85' lang='lat' dir='ltr'>cibum</span> <span class='ocrx_word' id='word_1_209' title='bbox 716 2132 824 2163; x_wconf 89' lang='lat' dir='ltr'>prom-</span> 
     </span>
     <span class='ocr_line' id='line_1_38' title="bbox 128 2172 824 2212; baseline 0.001 -11"><span class='ocrx_word' id='word_1_210' title='bbox 128 2172 230 2202; x_wconf 86' lang='lat' dir='ltr'>tiores</span> <span class='ocrx_word' id='word_1_211' title='bbox 263 2172 398 2203; x_wconf 84' lang='lat' dir='ltr'>essent.‘</span> <span class='ocrx_word' id='word_1_212' title='bbox 459 2174 581 2203; x_wconf 73' lang='lat' dir='ltr'>Potest</span> <span class='ocrx_word' id='word_1_213' title='bbox 610 2178 645 2203; x_wconf 89' lang='lat' dir='ltr'>et</span> <span class='ocrx_word' id='word_1_214' title='bbox 675 2173 824 2212; x_wconf 88' lang='lat' dir='ltr'>vulgaris</span> 
     </span>
     <span class='ocr_line' id='line_1_39' title="bbox 128 2221 825 2262; baseline -0.001 -10"><span class='ocrx_word' id='word_1_215' title='bbox 128 2222 229 2253; x_wconf 79' lang='lat' dir='ltr'>lectio</span> <span class='ocrx_word' id='word_1_216' title='bbox 245 2221 396 2262; x_wconf 86' lang='lat' dir='ltr'>defendi,</span> <span class='ocrx_word' id='word_1_217' title='bbox 411 2232 430 2252; x_wconf 87' lang='lat' dir='ltr'>a</span> <span class='ocrx_word' id='word_1_218' title='bbox 447 2222 604 2260; x_wconf 78' lang='lat' dir='ltr'>gerendo,</span> <span class='ocrx_word' id='word_1_219' title='bbox 621 2226 655 2252; x_wconf 83' lang='lat' dir='ltr'>et</span> <span class='ocrx_word' id='word_1_220' title='bbox 668 2222 825 2253; x_wconf 86' lang='lat' dir='ltr'>Gerulos.</span> 
     </span>
     <span class='ocr_line' id='line_1_40' title="bbox 129 2271 824 2303; baseline 0.001 -2"><span class='ocrx_word' id='word_1_221' title='bbox 129 2271 217 2302; x_wconf 89' lang='lat' dir='ltr'>Nam</span> <span class='ocrx_word' id='word_1_222' title='bbox 249 2277 284 2302; x_wconf 90' lang='lat' dir='ltr'>et</span> <span class='ocrx_word' id='word_1_223' title='bbox 315 2271 403 2302; x_wconf 89' lang='lat' dir='ltr'>idem</span> <span class='ocrx_word' id='word_1_224' title='bbox 434 2272 660 2303; x_wconf 86' lang='lat' dir='ltr'>Censorinus:</span> <span class='ocrx_word' id='word_1_225' title='bbox 699 2272 708 2287; x_wconf 88' lang='lat'>‘</span> <span class='ocrx_word' id='word_1_226' title='bbox 735 2273 824 2302; x_wconf 87' lang='lat' dir='ltr'>Eun·</span> 
     </span>
     <span class='ocr_line' id='line_1_41' title="bbox 129 2321 823 2362; baseline 0.001 -11"><span class='ocrx_word' id='word_1_227' title='bbox 129 2321 227 2360; x_wconf 87' lang='lat' dir='ltr'>dem‚&#39;</span> <span class='ocrx_word' id='word_1_228' title='bbox 244 2322 367 2362; x_wconf 89' lang='lat' dir='ltr'>inquit,</span> <span class='ocrx_word' id='word_1_229' title='bbox 384 2322 392 2337; x_wconf 88' lang='lat'>‘</span> <span class='ocrx_word' id='word_1_230' title='bbox 404 2332 475 2353; x_wconf 85' lang='lat' dir='ltr'>esse</span> <span class='ocrx_word' id='word_1_231' title='bbox 490 2323 637 2353; x_wconf 85' lang='lat' dir='ltr'>Genium</span> <span class='ocrx_word' id='word_1_232' title='bbox 654 2326 688 2352; x_wconf 88' lang='lat' dir='ltr'>et</span> <span class='ocrx_word' id='word_1_233' title='bbox 702 2323 823 2352; x_wconf 89' lang='lat' dir='ltr'>Larem</span> 
     </span>
     <span class='ocr_line' id='line_1_42' title="bbox 128 2371 823 2413; baseline 0.004 -13"><span class='ocrx_word' id='word_1_234' title='bbox 128 2371 227 2401; x_wconf 84' lang='lat' dir='ltr'>multi</span> <span class='ocrx_word' id='word_1_235' title='bbox 245 2377 376 2403; x_wconf 87' lang='lat' dir='ltr'>veteres</span> <span class='ocrx_word' id='word_1_236' title='bbox 401 2373 570 2403; x_wconf 81' lang='lat' dir='ltr'>memoriae</span> <span class='ocrx_word' id='word_1_237' title='bbox 589 2372 823 2413; x_wconf 81' lang='lat' dir='ltr'>prodiderunt,</span> 
     </span>
     <span class='ocr_line' id='line_1_43' title="bbox 130 2422 823 2464; baseline 0.006 -13"><span class='ocrx_word' id='word_1_238' title='bbox 130 2422 162 2452; x_wconf 91' lang='lat' dir='ltr'>in</span> <span class='ocrx_word' id='word_1_239' title='bbox 194 2422 267 2462; x_wconf 87' lang='lat' dir='ltr'>quis</span> <span class='ocrx_word' id='word_1_240' title='bbox 296 2424 398 2454; x_wconf 82' lang='lat' dir='ltr'>etiam</span> <span class='ocrx_word' id='word_1_241' title='bbox 430 2425 468 2455; x_wconf 93' lang='lat' dir='ltr'>C.</span> <span class='ocrx_word' id='word_1_242' title='bbox 497 2425 638 2455; x_wconf 77' lang='lat' dir='ltr'>Flaccus</span> <span class='ocrx_word' id='word_1_243' title='bbox 666 2424 698 2454; x_wconf 92' lang='lat' dir='ltr'>in</span> <span class='ocrx_word' id='word_1_244' title='bbox 724 2424 823 2464; x_wconf 83' lang='lat' dir='ltr'>libro,</span> 
     </span>
     <span class='ocr_line' id='line_1_44' title="bbox 129 2472 824 2515; baseline 0.004 -13"><span class='ocrx_word' id='word_1_245' title='bbox 129 2481 229 2512; x_wconf 90' lang='lat' dir='ltr'>quem</span> <span class='ocrx_word' id='word_1_246' title='bbox 245 2472 287 2503; x_wconf 86' lang='lat' dir='ltr'>ad</span> <span class='ocrx_word' id='word_1_247' title='bbox 305 2473 474 2505; x_wconf 85' lang='lat' dir='ltr'>Caesarem</span> <span class='ocrx_word' id='word_1_248' title='bbox 497 2475 539 2505; x_wconf 87' lang='lat' dir='ltr'>de</span> <span class='ocrx_word' id='word_1_249' title='bbox 561 2474 824 2515; x_wconf 85' lang='lat' dir='ltr'>indigitamentis</span> 
     </span>
     <span class='ocr_line' id='line_1_45' title="bbox 129 2522 822 2563; baseline 0.003 -10"><span class='ocrx_word' id='word_1_250' title='bbox 129 2522 266 2563; x_wconf 86' lang='lat' dir='ltr'>reliquit</span> <span class='ocrx_word' id='word_1_251' title='bbox 282 2524 443 2563; x_wconf 84' lang='lat' dir='ltr'>scriptum</span> <span class='ocrx_word' id='word_1_252' title='bbox 457 2524 478 2554; x_wconf 86' lang='lat'>:’</span> <span class='ocrx_word' id='word_1_253' title='bbox 495 2525 581 2556; x_wconf 84' lang='lat' dir='ltr'>hunc</span> <span class='ocrx_word' id='word_1_254' title='bbox 598 2526 631 2555; x_wconf 88' lang='lat' dir='ltr'>in</span> <span class='ocrx_word' id='word_1_255' title='bbox 645 2534 704 2555; x_wconf 91' lang='lat' dir='ltr'>nos</span> <span class='ocrx_word' id='word_1_256' title='bbox 718 2524 822 2555; x_wconf 82' lang='lat' dir='ltr'>maxi-</span> 
     </span>
     <span class='ocr_line' id='line_1_46' title="bbox 130 2573 823 2614; baseline 0.006 -13"><span class='ocrx_word' id='word_1_257' title='bbox 130 2581 229 2611; x_wconf 88' lang='lat' dir='ltr'>mam,</span> <span class='ocrx_word' id='word_1_258' title='bbox 244 2573 393 2612; x_wconf 87' lang='lat' dir='ltr'>quinimo</span> <span class='ocrx_word' id='word_1_259' title='bbox 414 2582 543 2604; x_wconf 88' lang='lat' dir='ltr'>omnem</span> <span class='ocrx_word' id='word_1_260' title='bbox 567 2574 690 2604; x_wconf 88' lang='lat' dir='ltr'>habere</span> <span class='ocrx_word' id='word_1_261' title='bbox 710 2579 823 2614; x_wconf 85' lang='lat' dir='ltr'>potes-</span> 
     </span>
     <span class='ocr_line' id='line_1_47' title="bbox 130 2623 822 2655; baseline 0.004 -3"><span class='ocrx_word' id='word_1_262' title='bbox 130 2627 236 2652; x_wconf 84' lang='lat' dir='ltr'>tatem</span> <span class='ocrx_word' id='word_1_263' title='bbox 260 2623 425 2653; x_wconf 88' lang='lat' dir='ltr'>creditum</span> <span class='ocrx_word' id='word_1_264' title='bbox 451 2628 513 2653; x_wconf 87' lang='lat' dir='ltr'>est.</span> <span class='ocrx_word' id='word_1_265' title='bbox 560 2624 708 2654; x_wconf 86' lang='lat' dir='ltr'>Gerulus</span> <span class='ocrx_word' id='word_1_266' title='bbox 734 2624 822 2655; x_wconf 90' lang='lat' dir='ltr'>enim</span> 
     </span>
    </p>
   </div>
   <div class='ocr_carea' id='block_1_9' title="bbox 131 2671 823 2714">
    <p class='ocr_par' dir='ltr' id='par_1_10' title="bbox 131 2671 823 2714">
     <span class='ocr_line' id='line_1_48' title="bbox 131 2671 823 2714; baseline 0.004 -12"><span class='ocrx_word' id='word_1_267' title='bbox 131 2671 222 2712; x_wconf 82' lang='lat' dir='ltr'>apud</span> <span class='ocrx_word' id='word_1_268' title='bbox 247 2672 405 2712; x_wconf 82' lang='lat' dir='ltr'>Veteres,</span> <span class='ocrx_word' id='word_1_269' title='bbox 438 2682 503 2703; x_wconf 92' lang='lat' dir='ltr'>non</span> <span class='ocrx_word' id='word_1_270' title='bbox 535 2674 550 2702; x_wconf 81' lang='grc' dir='ltr'>ὁ</span> <span class='ocrx_word' id='word_1_271' title='bbox 578 2673 754 2714; x_wconf 81' lang='grc' dir='ltr'>βαστάζων,</span> <span class='ocrx_word' id='word_1_272' title='bbox 785 2680 823 2705; x_wconf 91' lang='lat' dir='ltr'>ut</span> 
     </span>
    </p>
   </div>
   <div class='ocr_carea' id='block_1_10' title="bbox 873 864 1577 2705">
    <p class='ocr_par' dir='ltr' id='par_1_11' title="bbox 873 864 1570 1162">
     <span class='ocr_line' id='line_1_49' title="bbox 873 864 1566 911; baseline -0.007 -10"><span class='ocrx_word' id='word_1_273' title='bbox 873 873 1003 911; x_wconf 82' lang='lat' dir='ltr'>postea,</span> <span class='ocrx_word' id='word_1_274' title='bbox 1035 868 1095 900; x_wconf 83' lang='lat' dir='ltr'>sed</span> <span class='ocrx_word' id='word_1_275' title='bbox 1122 864 1317 908; x_wconf 52' lang='grc' dir='ltr'>δ’πράττων,</span> <span class='ocrx_word' id='word_1_276' title='bbox 1348 865 1399 897; x_wconf 77' lang='grc' dir='ltr'>καὶ</span> <span class='ocrx_word' id='word_1_277' title='bbox 1427 865 1566 906; x_wconf 77' lang='grc' dir='ltr'>πρακτὴρ</span> 
     </span>
     <span class='ocr_line' id='line_1_50' title="bbox 873 916 1568 951; baseline -0.007 0"><span class='ocrx_word' id='word_1_278' title='bbox 873 921 984 951; x_wconf 90' lang='lat' dir='ltr'>dictus</span> <span class='ocrx_word' id='word_1_279' title='bbox 1002 923 1064 950; x_wconf 80' lang='lat' dir='ltr'>est.</span> <span class='ocrx_word' id='word_1_280' title='bbox 1110 918 1159 949; x_wconf 90' lang='lat' dir='ltr'>Ut</span> <span class='ocrx_word' id='word_1_281' title='bbox 1182 919 1325 949; x_wconf 82' lang='lat' dir='ltr'>Plautus</span> <span class='ocrx_word' id='word_1_282' title='bbox 1340 917 1374 947; x_wconf 86' lang='lat' dir='ltr'>iu</span> <span class='ocrx_word' id='word_1_283' title='bbox 1391 916 1568 947; x_wconf 87' lang='lat' dir='ltr'>Bacchidi·</span> 
     </span>
     <span class='ocr_line' id='line_1_51' title="bbox 875 966 1569 1010; baseline -0.007 -9"><span class='ocrx_word' id='word_1_284' title='bbox 875 970 935 1001; x_wconf 84' lang='lat' dir='ltr'>bus</span> <span class='ocrx_word' id='word_1_285' title='bbox 957 969 1043 1000; x_wconf 86' lang='lat' dir='ltr'>dixit</span> <span class='ocrx_word' id='word_1_286' title='bbox 1065 968 1293 1010; x_wconf 83' lang='lat' dir='ltr'>gerulifigulos</span> <span class='ocrx_word' id='word_1_287' title='bbox 1317 966 1499 1005; x_wconf 82' lang='lat' dir='ltr'>mendacii,</span> <span class='ocrx_word' id='word_1_288' title='bbox 1513 976 1569 1006; x_wconf 86' lang='lat' dir='ltr'>ge·</span> 
     </span>
     <span class='ocr_line' id='line_1_52' title="bbox 874 1018 1570 1060; baseline -0.006 -9"><span class='ocrx_word' id='word_1_289' title='bbox 874 1021 974 1056; x_wconf 86' lang='lat' dir='ltr'>rulos,</span> <span class='ocrx_word' id='word_1_290' title='bbox 997 1024 1033 1051; x_wconf 78' lang='lat' dir='ltr'>et</span> <span class='ocrx_word' id='word_1_291' title='bbox 1056 1019 1187 1060; x_wconf 87' lang='lat' dir='ltr'>figulos,</span> <span class='ocrx_word' id='word_1_292' title='bbox 1209 1019 1273 1050; x_wconf 91' lang='lat' dir='ltr'>hoc</span> <span class='ocrx_word' id='word_1_293' title='bbox 1298 1022 1363 1057; x_wconf 84' lang='lat' dir='ltr'>est,</span> <span class='ocrx_word' id='word_1_294' title='bbox 1384 1018 1570 1057; x_wconf 81' lang='grc' dir='ltr'>πρακτῆρας,</span> 
     </span>
     <span class='ocr_line' id='line_1_53' title="bbox 875 1068 1570 1108; baseline -0.007 -5"><span class='ocrx_word' id='word_1_295' title='bbox 875 1072 924 1103; x_wconf 77' lang='grc' dir='ltr'>καὶ</span> <span class='ocrx_word' id='word_1_296' title='bbox 962 1071 1118 1103; x_wconf 82' lang='grc' dir='ltr'>πλάστας.</span> <span class='ocrx_word' id='word_1_297' title='bbox 1178 1071 1224 1101; x_wconf 88' lang='lat' dir='ltr'>Et</span> <span class='ocrx_word' id='word_1_298' title='bbox 1260 1074 1393 1100; x_wconf 86' lang='lat' dir='ltr'>veteres</span> <span class='ocrx_word' id='word_1_299' title='bbox 1424 1068 1570 1108; x_wconf 82' lang='lat' dir='ltr'>Glossae,</span> 
     </span>
     <span class='ocr_line' id='line_1_54' title="bbox 875 1119 1433 1162; baseline -0.011 -7"><span class='ocrx_word' id='word_1_300' title='bbox 875 1124 884 1140; x_wconf 93' lang='lat'>‘</span> <span class='ocrx_word' id='word_1_301' title='bbox 903 1123 1036 1162; x_wconf 84' lang='lat' dir='ltr'>Geruli,</span> <span class='ocrx_word' id='word_1_302' title='bbox 1052 1120 1243 1162; x_wconf 81' lang='grc' dir='ltr'>πρακτῆρες.’</span> <span class='ocrx_word' id='word_1_303' title='bbox 1265 1121 1334 1151; x_wconf 87' lang='lat' dir='ltr'>Jos.</span> <span class='ocrx_word' id='word_1_304' title='bbox 1349 1119 1433 1151; x_wconf 80' lang='lat' dir='ltr'>Scul-</span> 
     </span>
    </p>

    <p class='ocr_par' dir='ltr' id='par_1_12' title="bbox 873 1169 1577 2705">
     <span class='ocr_line' id='line_1_55' title="bbox 921 1169 1572 1211; baseline -0.008 -7"><span class='ocrx_word' id='word_1_305' title='bbox 921 1174 1065 1205; x_wconf 83' lang='lat' dir='ltr'>Gem&#39;ales</span> <span class='ocrx_word' id='word_1_306' title='bbox 1091 1171 1191 1211; x_wconf 84' lang='lat' dir='ltr'>Deos]</span> <span class='ocrx_word' id='word_1_307' title='bbox 1224 1171 1351 1202; x_wconf 83' lang='lat' dir='ltr'>Rerum</span> <span class='ocrx_word' id='word_1_308' title='bbox 1380 1169 1506 1200; x_wconf 85' lang='lat' dir='ltr'>semina</span> <span class='ocrx_word' id='word_1_309' title='bbox 1537 1172 1572 1199; x_wconf 81' lang='lat' dir='ltr'>et</span> 
     </span>
     <span class='ocr_line' id='line_1_56' title="bbox 875 1218 1572 1254; baseline -0.007 0"><span class='ocrx_word' id='word_1_310' title='bbox 875 1224 1056 1254; x_wconf 77' lang='lat' dir='ltr'>elementa.</span> <span class='ocrx_word' id='word_1_311' title='bbox 1101 1221 1201 1254; x_wconf 89' lang='lat' dir='ltr'>Unde</span> <span class='ocrx_word' id='word_1_312' title='bbox 1217 1226 1253 1252; x_wconf 87' lang='lat' dir='ltr'>et</span> <span class='ocrx_word' id='word_1_313' title='bbox 1267 1221 1377 1251; x_wconf 89' lang='lat' dir='ltr'>Gloss.</span> <span class='ocrx_word' id='word_1_314' title='bbox 1398 1220 1406 1236; x_wconf 86' lang='lat'>‘</span> <span class='ocrx_word' id='word_1_315' title='bbox 1420 1218 1572 1250; x_wconf 84' lang='lat' dir='ltr'>Genialis</span> 
     </span>
     <span class='ocr_line' id='line_1_57' title="bbox 873 1270 1571 1312; baseline -0.007 -8"><span class='ocrx_word' id='word_1_316' title='bbox 873 1272 1052 1312; x_wconf 58' lang='grc' dir='ltr'>στοιχεῖον]</span> <span class='ocrx_word' id='word_1_317' title='bbox 1106 1271 1204 1303; x_wconf 87' lang='lat' dir='ltr'>Dicti</span> <span class='ocrx_word' id='word_1_318' title='bbox 1234 1276 1347 1302; x_wconf 89' lang='lat' dir='ltr'>antem</span> <span class='ocrx_word' id='word_1_319' title='bbox 1375 1279 1393 1300; x_wconf 82' lang='lat' dir='ltr'>a</span> <span class='ocrx_word' id='word_1_320' title='bbox 1413 1270 1571 1308; x_wconf 78' lang='lat' dir='ltr'>gerendo.-</span> 
     </span>
     <span class='ocr_line' id='line_1_58' title="bbox 875 1321 1571 1364; baseline -0.009 -9"><span class='ocrx_word' id='word_1_321' title='bbox 875 1324 1068 1364; x_wconf 80' lang='lat' dir='ltr'>corrigebat</span> <span class='ocrx_word' id='word_1_322' title='bbox 1080 1322 1232 1362; x_wconf 85' lang='lat' dir='ltr'>Scaliger</span> <span class='ocrx_word' id='word_1_323' title='bbox 1244 1321 1404 1360; x_wconf 80' lang='lat' dir='ltr'>genendo:</span> <span class='ocrx_word' id='word_1_324' title='bbox 1427 1329 1503 1350; x_wconf 91' lang='lat' dir='ltr'>nam</span> <span class='ocrx_word' id='word_1_325' title='bbox 1518 1329 1571 1359; x_wconf 81' lang='lat' dir='ltr'>ge-</span> 
     </span>
     <span class='ocr_line' id='line_1_59' title="bbox 875 1368 1573 1412; baseline -0.006 -8"><span class='ocrx_word' id='word_1_326' title='bbox 875 1384 947 1404; x_wconf 79' lang='lat' dir='ltr'>nere</span> <span class='ocrx_word' id='word_1_327' title='bbox 963 1373 1124 1404; x_wconf 87' lang='lat' dir='ltr'>dicebant</span> <span class='ocrx_word' id='word_1_328' title='bbox 1141 1381 1201 1412; x_wconf 91' lang='lat' dir='ltr'>pro</span> <span class='ocrx_word' id='word_1_329' title='bbox 1215 1372 1358 1411; x_wconf 80' lang='lat' dir='ltr'>gignere.</span> <span class='ocrx_word' id='word_1_330' title='bbox 1397 1370 1462 1400; x_wconf 87' lang='lat' dir='ltr'>Sed</span> <span class='ocrx_word' id='word_1_331' title='bbox 1478 1368 1573 1400; x_wconf 86' lang='lat' dir='ltr'>addit</span> 
     </span>
     <span class='ocr_line' id='line_1_60' title="bbox 876 1417 1572 1462; baseline -0.009 -8"><span class='ocrx_word' id='word_1_332' title='bbox 876 1423 966 1454; x_wconf 90' lang='lat' dir='ltr'>idem</span> <span class='ocrx_word' id='word_1_333' title='bbox 1004 1422 1176 1462; x_wconf 85' lang='lat' dir='ltr'>vulgatam</span> <span class='ocrx_word' id='word_1_334' title='bbox 1214 1420 1395 1452; x_wconf 87' lang='lat' dir='ltr'>lectionem</span> <span class='ocrx_word' id='word_1_335' title='bbox 1433 1417 1572 1449; x_wconf 85' lang='lat' dir='ltr'>defendi</span> 
     </span>
     <span class='ocr_line' id='line_1_61' title="bbox 877 1469 1572 1514; baseline -0.009 -10"><span class='ocrx_word' id='word_1_336' title='bbox 877 1482 986 1514; x_wconf 86' lang='lat' dir='ltr'>posse.</span> <span class='ocrx_word' id='word_1_337' title='bbox 1032 1472 1139 1502; x_wconf 88' lang='lat' dir='ltr'>Immo</span> <span class='ocrx_word' id='word_1_338' title='bbox 1156 1475 1250 1502; x_wconf 84' lang='lat' dir='ltr'>certe</span> <span class='ocrx_word' id='word_1_339' title='bbox 1267 1470 1316 1500; x_wconf 90' lang='lat' dir='ltr'>ita</span> <span class='ocrx_word' id='word_1_340' title='bbox 1328 1470 1450 1500; x_wconf 86' lang='lat' dir='ltr'>Festus</span> <span class='ocrx_word' id='word_1_341' title='bbox 1466 1469 1572 1508; x_wconf 85' lang='lat' dir='ltr'>scrip-</span> 
     </span>
     <span class='ocr_line' id='line_1_62' title="bbox 875 1518 1573 1561; baseline -0.009 -7"><span class='ocrx_word' id='word_1_342' title='bbox 875 1523 930 1558; x_wconf 89' lang='lat' dir='ltr'>sit,</span> <span class='ocrx_word' id='word_1_343' title='bbox 949 1528 984 1554; x_wconf 89' lang='lat' dir='ltr'>et</span> <span class='ocrx_word' id='word_1_344' title='bbox 997 1531 1106 1561; x_wconf 84' lang='lat' dir='ltr'>gerere</span> <span class='ocrx_word' id='word_1_345' title='bbox 1122 1520 1211 1552; x_wconf 87' lang='lat' dir='ltr'>idem</span> <span class='ocrx_word' id='word_1_346' title='bbox 1227 1520 1315 1561; x_wconf 90' lang='lat' dir='ltr'>quod</span> <span class='ocrx_word' id='word_1_347' title='bbox 1330 1529 1460 1558; x_wconf 81' lang='lat' dir='ltr'>genere:</span> <span class='ocrx_word' id='word_1_348' title='bbox 1485 1518 1573 1550; x_wconf 84' lang='lat' dir='ltr'>unde</span> 
     </span>
     <span class='ocr_line' id='line_1_63' title="bbox 876 1569 1574 1614; baseline -0.007 -10"><span class='ocrx_word' id='word_1_349' title='bbox 876 1578 911 1604; x_wconf 89' lang='lat' dir='ltr'>et</span> <span class='ocrx_word' id='word_1_350' title='bbox 929 1573 1019 1614; x_wconf 90' lang='lat' dir='ltr'>apud</span> <span class='ocrx_word' id='word_1_351' title='bbox 1035 1573 1180 1603; x_wconf 87' lang='lat' dir='ltr'>Varron.</span> <span class='ocrx_word' id='word_1_352' title='bbox 1197 1571 1239 1602; x_wconf 89' lang='lat' dir='ltr'>de</span> <span class='ocrx_word' id='word_1_353' title='bbox 1269 1572 1318 1602; x_wconf 87' lang='lat' dir='ltr'>Re</span> <span class='ocrx_word' id='word_1_354' title='bbox 1342 1571 1442 1601; x_wconf 82' lang='lat' dir='ltr'>Rust.</span> <span class='ocrx_word' id='word_1_355' title='bbox 1469 1569 1529 1601; x_wconf 90' lang='lat' dir='ltr'>lib.</span> <span class='ocrx_word' id='word_1_356' title='bbox 1551 1578 1574 1599; x_wconf 85' lang='lat'>1.</span> 
     </span>
     <span class='ocr_line' id='line_1_64' title="bbox 878 1620 1572 1664; baseline -0.007 -9"><span class='ocrx_word' id='word_1_357' title='bbox 878 1633 953 1664; x_wconf 90' lang='lat' dir='ltr'>cap.</span> <span class='ocrx_word' id='word_1_358' title='bbox 977 1626 1030 1654; x_wconf 83' lang='lat'>31.</span> <span class='ocrx_word' id='word_1_359' title='bbox 1056 1622 1191 1663; x_wconf 88' lang='lat' dir='ltr'>quidam</span> <span class='ocrx_word' id='word_1_360' title='bbox 1214 1621 1312 1652; x_wconf 88' lang='lat' dir='ltr'>codd.</span> <span class='ocrx_word' id='word_1_361' title='bbox 1328 1621 1466 1651; x_wconf 87' lang='lat' dir='ltr'>habent.</span> <span class='ocrx_word' id='word_1_362' title='bbox 1506 1626 1512 1637; x_wconf 90' lang='lat'>‘</span> <span class='ocrx_word' id='word_1_363' title='bbox 1533 1620 1572 1651; x_wconf 86' lang='lat' dir='ltr'>Id</span> 
     </span>
     <span class='ocr_line' id='line_1_65' title="bbox 876 1671 1573 1713; baseline -0.004 -10"><span class='ocrx_word' id='word_1_364' title='bbox 876 1682 918 1704; x_wconf 85' lang='lat' dir='ltr'>ex</span> <span class='ocrx_word' id='word_1_365' title='bbox 937 1672 1051 1713; x_wconf 86' lang='lat' dir='ltr'>pabuli</span> <span class='ocrx_word' id='word_1_366' title='bbox 1073 1676 1190 1711; x_wconf 84' lang='lat' dir='ltr'>segete</span> <span class='ocrx_word' id='word_1_367' title='bbox 1207 1671 1314 1701; x_wconf 89' lang='lat' dir='ltr'>viride</span> <span class='ocrx_word' id='word_1_368' title='bbox 1331 1675 1459 1701; x_wconf 87' lang='lat' dir='ltr'>sectum</span> <span class='ocrx_word' id='word_1_369' title='bbox 1477 1675 1573 1701; x_wconf 81' lang='lat' dir='ltr'>ante-</span> 
     </span>
     <span class='ocr_line' id='line_1_66' title="bbox 877 1721 1575 1764; baseline -0.004 -10"><span class='ocrx_word' id='word_1_370' title='bbox 877 1733 974 1764; x_wconf 83' lang='lat' dir='ltr'>quam</span> <span class='ocrx_word' id='word_1_371' title='bbox 1002 1727 1099 1763; x_wconf 84' lang='lat' dir='ltr'>gerat</span> <span class='ocrx_word' id='word_1_372' title='bbox 1116 1721 1275 1763; x_wconf 89' lang='lat' dir='ltr'>siliquas.&#39;</span> <span class='ocrx_word' id='word_1_373' title='bbox 1320 1721 1421 1754; x_wconf 85' lang='lat' dir='ltr'>Quod</span> <span class='ocrx_word' id='word_1_374' title='bbox 1437 1721 1470 1752; x_wconf 92' lang='lat' dir='ltr'>in</span> <span class='ocrx_word' id='word_1_375' title='bbox 1488 1721 1575 1760; x_wconf 86' lang='lat' dir='ltr'>aliis,</span> 
     </span>
     <span class='ocr_line' id='line_1_67' title="bbox 873 1770 1573 1813; baseline -0.004 -9"><span class='ocrx_word' id='word_1_376' title='bbox 873 1777 1037 1813; x_wconf 78' lang='lat' dir='ltr'>antequam</span> <span class='ocrx_word' id='word_1_377' title='bbox 1056 1776 1151 1811; x_wconf 75' lang='lat' dir='ltr'>genat</span> <span class='ocrx_word' id='word_1_378' title='bbox 1172 1773 1312 1811; x_wconf 79' lang='lat' dir='ltr'>siliquas.</span> <span class='ocrx_word' id='word_1_379' title='bbox 1358 1772 1401 1802; x_wconf 89' lang='lat' dir='ltr'>Et</span> <span class='ocrx_word' id='word_1_380' title='bbox 1419 1770 1497 1801; x_wconf 85' lang='lat' dir='ltr'>inde</span> <span class='ocrx_word' id='word_1_381' title='bbox 1519 1781 1573 1809; x_wconf 82' lang='lat' dir='ltr'>ge-</span> 
     </span>
     <span class='ocr_line' id='line_1_68' title="bbox 876 1821 1574 1862; baseline -0.003 -9"><span class='ocrx_word' id='word_1_382' title='bbox 876 1824 962 1854; x_wconf 81' lang='lat' dir='ltr'>rulus</span> <span class='ocrx_word' id='word_1_383' title='bbox 979 1832 1041 1853; x_wconf 90' lang='lat' dir='ltr'>non</span> <span class='ocrx_word' id='word_1_384' title='bbox 1064 1823 1080 1852; x_wconf 80' lang='grc' dir='ltr'><strong><em>ὁ</em></strong></span> <span class='ocrx_word' id='word_1_385' title='bbox 1095 1821 1274 1862; x_wconf 77' lang='grc' dir='ltr'><em>βαστάζων,</em></span> <span class='ocrx_word' id='word_1_386' title='bbox 1291 1826 1330 1853; x_wconf 86' lang='lat' dir='ltr'>ut</span> <span class='ocrx_word' id='word_1_387' title='bbox 1349 1831 1451 1861; x_wconf 87' lang='lat' dir='ltr'>nunc,</span> <span class='ocrx_word' id='word_1_388' title='bbox 1474 1821 1531 1851; x_wconf 80' lang='lat' dir='ltr'>sed</span> <span class='ocrx_word' id='word_1_389' title='bbox 1558 1822 1574 1851; x_wconf 81' lang='grc' dir='ltr'><em>ὅ</em></span> 
     </span>
     <span class='ocr_line' id='line_1_69' title="bbox 877 1872 1577 1913; baseline -0.003 -10"><span class='ocrx_word' id='word_1_390' title='bbox 877 1872 1029 1913; x_wconf 79' lang='grc' dir='ltr'>πράττων,</span> <span class='ocrx_word' id='word_1_391' title='bbox 1041 1872 1191 1912; x_wconf 78' lang='grc' dir='ltr'>πρακτήρ.</span> <span class='ocrx_word' id='word_1_392' title='bbox 1215 1873 1329 1904; x_wconf 82' lang='lat' dir='ltr'>Gloss.</span> <span class='ocrx_word' id='word_1_393' title='bbox 1346 1872 1355 1889; x_wconf 87' lang='lat'>‘</span> <span class='ocrx_word' id='word_1_394' title='bbox 1365 1872 1472 1912; x_wconf 74' lang='lat' dir='ltr'>geruli</span> <span class='ocrx_word' id='word_1_395' title='bbox 1484 1883 1577 1911; x_wconf 82' lang='grc' dir='ltr'>πρακ-</span> 
     </span>
     <span class='ocr_line' id='line_1_70' title="bbox 877 1922 1574 1962; baseline -0.001 -9"><span class='ocrx_word' id='word_1_396' title='bbox 877 1922 988 1962; x_wconf 83' lang='grc' dir='ltr'>τῆρες.’</span> <span class='ocrx_word' id='word_1_397' title='bbox 1040 1923 1126 1953; x_wconf 84' lang='lat' dir='ltr'>ltem</span> <span class='ocrx_word' id='word_1_398' title='bbox 1154 1923 1188 1953; x_wconf 92' lang='lat' dir='ltr'>in</span> <span class='ocrx_word' id='word_1_399' title='bbox 1215 1922 1327 1952; x_wconf 79' lang='lat' dir='ltr'>Gloss.</span> <span class='ocrx_word' id='word_1_400' title='bbox 1354 1922 1574 1953; x_wconf 75' lang='lat' dir='ltr'>Graeco-Lat.</span> 
     </span>
     <span class='ocr_line' id='line_1_71' title="bbox 879 1971 1575 2014; baseline -0.004 -10"><span class='ocrx_word' id='word_1_401' title='bbox 879 1974 1026 2011; x_wconf 68' lang='grc' dir='ltr'>’ἀνίη-ης,</span> <span class='ocrx_word' id='word_1_402' title='bbox 1058 1974 1193 2014; x_wconf 87' lang='lat' dir='ltr'>gerulus</span> <span class='ocrx_word' id='word_1_403' title='bbox 1239 1972 1357 2004; x_wconf 86' lang='lat' dir='ltr'>efficax</span> <span class='ocrx_word' id='word_1_404' title='bbox 1373 1973 1393 2003; x_wconf 87' lang='lat'>:&#39;</span> <span class='ocrx_word' id='word_1_405' title='bbox 1424 1971 1575 2011; x_wconf 80' lang='grc' dir='ltr'>πράσσειν</span> 
     </span>
     <span class='ocr_line' id='line_1_72' title="bbox 879 2023 1575 2063; baseline -0.007 -7"><span class='ocrx_word' id='word_1_406' title='bbox 879 2030 991 2056; x_wconf 84' lang='lat' dir='ltr'>autem</span> <span class='ocrx_word' id='word_1_407' title='bbox 1016 2029 1051 2055; x_wconf 89' lang='lat' dir='ltr'>et</span> <span class='ocrx_word' id='word_1_408' title='bbox 1077 2023 1179 2055; x_wconf 79' lang='grc' dir='ltr'>ἀνύειν</span> <span class='ocrx_word' id='word_1_409' title='bbox 1203 2023 1307 2054; x_wconf 87' lang='lat' dir='ltr'>verba</span> <span class='ocrx_word' id='word_1_410' title='bbox 1327 2028 1406 2054; x_wconf 86' lang='lat' dir='ltr'>sunt</span> <span class='ocrx_word' id='word_1_411' title='bbox 1429 2032 1502 2063; x_wconf 88' lang='lat' dir='ltr'>quae</span> <span class='ocrx_word' id='word_1_412' title='bbox 1520 2023 1575 2061; x_wconf 85' lang='lat' dir='ltr'>jo·</span> 
     </span>
     <span class='ocr_line' id='line_1_73' title="bbox 878 2072 1575 2112; baseline -0.006 -7"><span class='ocrx_word' id='word_1_413' title='bbox 878 2076 966 2106; x_wconf 88' lang='lat' dir='ltr'>cosis</span> <span class='ocrx_word' id='word_1_414' title='bbox 983 2075 1083 2105; x_wconf 80' lang='lat' dir='ltr'>rebus</span> <span class='ocrx_word' id='word_1_415' title='bbox 1100 2075 1165 2104; x_wconf 89' lang='lat' dir='ltr'>illis</span> <span class='ocrx_word' id='word_1_416' title='bbox 1183 2073 1481 2105; x_wconf 86' lang='lat' dir='ltr'>accommodantur</span> <span class='ocrx_word' id='word_1_417' title='bbox 1502 2072 1575 2112; x_wconf 88' lang='lat' dir='ltr'>qui·</span> 
     </span>
     <span class='ocr_line' id='line_1_74' title="bbox 878 2121 1573 2164; baseline -0.006 -9"><span class='ocrx_word' id='word_1_418' title='bbox 878 2125 940 2155; x_wconf 91' lang='lat' dir='ltr'>bus</span> <span class='ocrx_word' id='word_1_419' title='bbox 965 2123 1083 2155; x_wconf 85' lang='lat' dir='ltr'>adesse</span> <span class='ocrx_word' id='word_1_420' title='bbox 1104 2122 1220 2164; x_wconf 86' lang='lat' dir='ltr'>genios</span> <span class='ocrx_word' id='word_1_421' title='bbox 1243 2131 1382 2153; x_wconf 88' lang='lat' dir='ltr'>necesse</span> <span class='ocrx_word' id='word_1_422' title='bbox 1399 2126 1462 2152; x_wconf 90' lang='lat' dir='ltr'>est.</span> <span class='ocrx_word' id='word_1_423' title='bbox 1507 2121 1573 2151; x_wconf 86' lang='lat' dir='ltr'>Pe-</span> 
     </span>
     <span class='ocr_line' id='line_1_75' title="bbox 880 2170 1574 2211; baseline -0.004 -7"><span class='ocrx_word' id='word_1_424' title='bbox 880 2179 948 2205; x_wconf 88' lang='lat' dir='ltr'>trus</span> <span class='ocrx_word' id='word_1_425' title='bbox 986 2174 1209 2211; x_wconf 69' lang='lat' dir='ltr'>Cfflacconus,</span> <span class='ocrx_word' id='word_1_426' title='bbox 1256 2172 1441 2211; x_wconf 82' lang='lat' dir='ltr'>Hispanus,</span> <span class='ocrx_word' id='word_1_427' title='bbox 1475 2170 1574 2201; x_wconf 88' lang='lat' dir='ltr'>homo</span> 
     </span>
     <span class='ocr_line' id='line_1_76' title="bbox 878 2219 1574 2262; baseline 0 -10"><span class='ocrx_word' id='word_1_428' title='bbox 878 2222 989 2262; x_wconf 87' lang='lat' dir='ltr'>magni</span> <span class='ocrx_word' id='word_1_429' title='bbox 1006 2222 1132 2262; x_wconf 84' lang='lat' dir='ltr'>ingenii</span> <span class='ocrx_word' id='word_1_430' title='bbox 1148 2222 1391 2262; x_wconf 83' lang='lat' dir='ltr'>praeclaraeqne</span> <span class='ocrx_word' id='word_1_431' title='bbox 1413 2219 1574 2252; x_wconf 84' lang='lat' dir='ltr'>eruditio-</span> 
     </span>
     <span class='ocr_line' id='line_1_77' title="bbox 879 2270 1573 2313; baseline -0.004 -10"><span class='ocrx_word' id='word_1_432' title='bbox 879 2273 943 2312; x_wconf 85' lang='lat' dir='ltr'>nis,</span> <span class='ocrx_word' id='word_1_433' title='bbox 972 2283 991 2303; x_wconf 92' lang='lat' dir='ltr'>a</span> <span class='ocrx_word' id='word_1_434' title='bbox 1016 2281 1082 2313; x_wconf 90' lang='lat' dir='ltr'>quo</span> <span class='ocrx_word' id='word_1_435' title='bbox 1107 2273 1212 2303; x_wconf 85' lang='lat' dir='ltr'>multa</span> <span class='ocrx_word' id='word_1_436' title='bbox 1229 2272 1261 2302; x_wconf 92' lang='lat' dir='ltr'>in</span> <span class='ocrx_word' id='word_1_437' title='bbox 1278 2271 1342 2302; x_wconf 82' lang='lat' dir='ltr'>hoc</span> <span class='ocrx_word' id='word_1_438' title='bbox 1359 2270 1445 2301; x_wconf 83' lang='lat' dir='ltr'>libro</span> <span class='ocrx_word' id='word_1_439' title='bbox 1461 2279 1573 2301; x_wconf 85' lang='lat' dir='ltr'>emen·</span> 
     </span>
     <span class='ocr_line' id='line_1_78' title="bbox 879 2320 1574 2358; baseline -0.006 -5"><span class='ocrx_word' id='word_1_440' title='bbox 879 2323 961 2354; x_wconf 90' lang='lat' dir='ltr'>data</span> <span class='ocrx_word' id='word_1_441' title='bbox 981 2328 1070 2358; x_wconf 78' lang='lat' dir='ltr'>sunt,</span> <span class='ocrx_word' id='word_1_442' title='bbox 1096 2321 1312 2352; x_wconf 85' lang='lat' dir='ltr'>existimabat</span> <span class='ocrx_word' id='word_1_443' title='bbox 1341 2320 1503 2350; x_wconf 77' lang='lat' dir='ltr'>Genitales</span> <span class='ocrx_word' id='word_1_444' title='bbox 1525 2320 1574 2350; x_wconf 84' lang='lat' dir='ltr'>le-</span> 
     </span>
     <span class='ocr_line' id='line_1_79' title="bbox 877 2369 1573 2413; baseline -0.006 -10"><span class='ocrx_word' id='word_1_445' title='bbox 877 2372 1022 2413; x_wconf 87' lang='lat' dir='ltr'>gendum</span> <span class='ocrx_word' id='word_1_446' title='bbox 1051 2380 1138 2408; x_wconf 87' lang='lat' dir='ltr'>esse,</span> <span class='ocrx_word' id='word_1_447' title='bbox 1169 2381 1245 2402; x_wconf 84' lang='lat' dir='ltr'>nam</span> <span class='ocrx_word' id='word_1_448' title='bbox 1276 2373 1311 2401; x_wconf 85' lang='lat' dir='ltr'>ct</span> <span class='ocrx_word' id='word_1_449' title='bbox 1335 2369 1367 2400; x_wconf 92' lang='lat' dir='ltr'>in</span> <span class='ocrx_word' id='word_1_450' title='bbox 1392 2372 1476 2400; x_wconf 81' lang='lat' dir='ltr'>vett.</span> <span class='ocrx_word' id='word_1_451' title='bbox 1502 2370 1573 2400; x_wconf 84' lang='lat' dir='ltr'>Nu·</span> 
     </span>
     <span class='ocr_line' id='line_1_80' title="bbox 877 2420 1572 2453; baseline -0.004 -1"><span class='ocrx_word' id='word_1_452' title='bbox 877 2421 1087 2453; x_wconf 89' lang='lat' dir='ltr'>mismatibus</span> <span class='ocrx_word' id='word_1_453' title='bbox 1112 2426 1191 2452; x_wconf 86' lang='lat' dir='ltr'>est:</span> <span class='ocrx_word' id='word_1_454' title='bbox 1218 2422 1280 2452; x_wconf 79' lang='lat' dir='ltr'>Dis</span> <span class='ocrx_word' id='word_1_455' title='bbox 1311 2420 1572 2451; x_wconf 75' lang='lat' dir='ltr'>GEMTALers.</span> 
     </span>
     <span class='ocr_line' id='line_1_81' title="bbox 880 2470 1570 2512; baseline -0.007 -9"><span class='ocrx_word' id='word_1_456' title='bbox 880 2474 923 2503; x_wconf 87' lang='lat' dir='ltr'>Et</span> <span class='ocrx_word' id='word_1_457' title='bbox 946 2472 1065 2512; x_wconf 70' lang='lat' dir='ltr'>Vir-gil.</span> <span class='ocrx_word' id='word_1_458' title='bbox 1087 2471 1192 2502; x_wconf 87' lang='lat' dir='ltr'>habet</span> <span class='ocrx_word' id='word_1_459' title='bbox 1213 2470 1367 2509; x_wconf 77' lang='lat' dir='ltr'>genitales</span> <span class='ocrx_word' id='word_1_460' title='bbox 1391 2470 1448 2500; x_wconf 88' lang='grc' dir='ltr'>ἰΙΙο</span> <span class='ocrx_word' id='word_1_461' title='bbox 1474 2478 1570 2500; x_wconf 86' lang='lat' dir='ltr'>versu</span> 
     </span>
     <span class='ocr_line' id='line_1_82' title="bbox 877 2517 1572 2554; baseline -0.009 -1"><span class='ocrx_word' id='word_1_462' title='bbox 877 2523 932 2554; x_wconf 89' lang='lat' dir='ltr'>lib.</span> <span class='ocrx_word' id='word_1_463' title='bbox 948 2532 996 2553; x_wconf 78' lang='lat' dir='ltr'>vr.</span> <span class='ocrx_word' id='word_1_464' title='bbox 1019 2523 1027 2539; x_wconf 90' lang='lat'>‘</span> <span class='ocrx_word' id='word_1_465' title='bbox 1046 2521 1207 2552; x_wconf 87' lang='lat' dir='ltr'>Romulus</span> <span class='ocrx_word' id='word_1_466' title='bbox 1234 2520 1267 2550; x_wconf 91' lang='lat' dir='ltr'>in</span> <span class='ocrx_word' id='word_1_467' title='bbox 1292 2519 1385 2550; x_wconf 89' lang='lat' dir='ltr'>Coelo</span> <span class='ocrx_word' id='word_1_468' title='bbox 1411 2527 1487 2548; x_wconf 88' lang='lat' dir='ltr'>cum</span> <span class='ocrx_word' id='word_1_469' title='bbox 1509 2517 1572 2547; x_wconf 89' lang='lat' dir='ltr'>Dis</span> 
     </span>
     <span class='ocr_line' id='line_1_83' title="bbox 877 2566 1572 2612; baseline -0.006 -9"><span class='ocrx_word' id='word_1_470' title='bbox 877 2572 1079 2612; x_wconf 85' lang='lat' dir='ltr'>genitalibus</span> <span class='ocrx_word' id='word_1_471' title='bbox 1108 2580 1216 2602; x_wconf 83' lang='lat' dir='ltr'>aevum</span> <span class='ocrx_word' id='word_1_472' title='bbox 1241 2566 1364 2608; x_wconf 86' lang='lat' dir='ltr'>Degit.’</span> <span class='ocrx_word' id='word_1_473' title='bbox 1409 2567 1495 2598; x_wconf 74' lang='lat' dir='ltr'>Item</span> <span class='ocrx_word' id='word_1_474' title='bbox 1513 2567 1572 2599; x_wconf 89' lang='lat' dir='ltr'>lib.</span> 
     </span>
     <span class='ocr_line' id='line_1_84' title="bbox 877 2618 1571 2663; baseline -0.007 -9"><span class='ocrx_word' id='word_1_475' title='bbox 877 2633 916 2654; x_wconf 81' lang='grc' dir='ltr'>ιι.</span> <span class='ocrx_word' id='word_1_476' title='bbox 929 2623 1057 2663; x_wconf 83' lang='lat' dir='ltr'>Georg.</span> <span class='ocrx_word' id='word_1_477' title='bbox 1069 2622 1078 2639; x_wconf 89' lang='lat'>‘</span> <span class='ocrx_word' id='word_1_478' title='bbox 1090 2621 1250 2661; x_wconf 84' lang='lat' dir='ltr'>genitalia</span> <span class='ocrx_word' id='word_1_479' title='bbox 1265 2619 1392 2651; x_wconf 87' lang='lat' dir='ltr'>semina</span> <span class='ocrx_word' id='word_1_480' title='bbox 1406 2618 1571 2660; x_wconf 67' lang='lat' dir='ltr'>poscunt!</span> 
     </span>
     <span class='ocr_line' id='line_1_85' title="bbox 876 2672 1208 2705; baseline -0.015 1"><span class='ocrx_word' id='word_1_481' title='bbox 876 2675 974 2705; x_wconf 85' lang='lat' dir='ltr'>Fulv.</span> <span class='ocrx_word' id='word_1_482' title='bbox 989 2673 1103 2704; x_wconf 86' lang='lat' dir='ltr'>Ursin.</span> <span class='ocrx_word' id='word_1_483' title='bbox 1127 2672 1208 2702; x_wconf 79' lang='lat' dir='ltr'>Dae.</span> 
     </span>
    </p>
   </div>
  </div>
 </body>
</html>
