1835 2906
207 137 290 178 274

637 146 785 177 SEXTI
821 146 1020 176 POMPElI
1057 145 1193 176 FESTI

265 241 321 282 ad
341 241 575 290 fornacem,
598 255 697 294 quae
719 243 763 282 in
785 241 979 295 pistrinis
1001 245 1110 289 erat,
1132 240 1395 280 sacrificium
1419 240 1511 280 fieri
1534 241 1648 281 sole—

265 310 355 348 bat.
416 307 678 350 Fornacalia
699 321 825 350 sacra
847 312 983 358 eraut,
1000 321 1098 348 cum
1119 308 1184 348 far
1203 307 1248 347 iu
1267 307 1500 348 fornaculis
1519 312 1650 348 torre-

264 377 384 417 bant.

209 441 355 484 Fortis
370 449 401 474 ¹7
417 441 429 465 f
457 443 582 496 frugi,
605 448 651 484 et
670 445 828 493 bonus,
851 443 943 485 sive
965 442 1154 485 validus.

211 510 405 552 Forumg
436 524 518 552 sex
544 510 688 551 modis
708 511 978 562 intelligitur.
1050 510 1214 558 Primo,
1246 509 1560 562 negotiationis
1582 509 1650 550 lo-

268 591 360 627 CUS,
382 582 430 619 ut
460 578 600 618 sorum
630 578 910 627 Flaminium,
933 577 1077 617 forum
1104 577 1132 617 J
1139 577 1287 626 ulium,
1316 577 1371 617 ab
1400 589 1550 617 eorum
1579 589 1653 616 no-

266 647 471 695 minibus,
493 647 569 699 qui
595 659 646 686 ea
675 645 768 686 fora
790 645 1097 686 constituenda
1133 648 1350 693 curarunt,
1380 643 1501 697 quod
1525 643 1652 683 etiam

266 713 376 753 locis
398 713 595 766 privatis,
617 717 657 753 et
678 714 720 753 in
736 713 872 761 viis,¹⁵
904 716 947 753 et
967 712 1013 752 in
1033 713 1148 765 agris
1171 712 1264 752 fieri
1282 712 1411 752 solet.
1473 710 1588 759 Alio,
1610 711 1654 749 iu

268 794 354 834 quo
361 780 533 833 judicia
546 780 654 829 fieri,
668 792 763 820 cum
781 779 946 832 populo
964 778 1068 831 agi,h
1087 780 1316 820 conciones
1332 779 1483 819 haberi
1498 777 1654 818 solent.

267 847 431 896 Tertio,
454 860 553 888 cum
574 847 627 896 is,
655 847 730 900 qui
749 846 987 900 provinciae
1007 849 1183 899 praeest,
1205 846 1346 887 forum
1368 843 1521 898 agerei
1546 843 1655 885 dici-

268 919 349 963 tur,
369 913 573 954 civitates
587 918 619 946 ¹9
648 918 793 962 vocat,
814 917 856 953 et
879 912 932 953 de
962 913 1269 953 controversiis
1302 925 1448 953 eorum
1471 924 1655 964 cognos-

268 981 343 1021 cit.
403 979 592 1031 Quarto,
626 994 724 1022 cum
754 980 798 1021 id
828 980 969 1021 forum
1003 980 1172 1033 antiqui
1207 980 1505 1033 appellabant,
1536 978 1656 1031 quod

269 1060 385 1088 nunc
417 1046 717 1089 vestibulumk
756 1047 978 1102 sepulchri
1009 1047 1099 1087 dici
1133 1047 1262 1088 solet.
1323 1046 1506 1097 Quinto,
1532 1046 1657 1086 locus

270 1115 314 1154 in
335 1115 465 1166 navi3
487 1116 564 1156 sed
587 1121 678 1157 tum
700 1116 929 1157 masculini
951 1116 1122 1168 generis
1144 1120 1225 1164 est,
1249 1117 1292 1155 et
1311 1110 1503 1167 plurale.¹
1545 1111 1655 1152 Sex-

815 1232 1051 1245 eeeeeeeeeeee

257 1300 296 1328 17
324 1297 388 1328 Alii
405 1298 483 1329 libri
505 1299 658 1339 Foraetes,
678 1300 816 1336 Fert-tes,
838 1299 976 1330 fon-otes-
1012 1299 1099 1330 scal.
1130 1303 1165 1330 et
1193 1298 1278 1329 Dae.
1304 1297 1420 1338 legunt
1436 1295 1658 1326 Forctis.--18

216 1338 284 1371 Alii
301 1340 333 1371 in
351 1341 526 1371 'vicia—19
553 1342 613 1373 Ed.
628 1343 714 1374 Scal.
732 1352 799 1373 cum
815 1342 970 1374 civitates.

864 1450 895 1482 N
902 1450 1004 1481 OTAE

216 1531 305 1552 suas.
351 1522 452 1553 Curio
473 1523 632 1563 legitimis
652 1532 739 1554 nnnc
756 1522 909 1555 fornaca-

215 1572 260 1602 lia
277 1572 385 1603 verbis
409 1573 576 1604 Maximus
599 1574 728 1613 indicit,
746 1583 807 1606 nec
824 1578 912 1605 stata

215 1632 310 1652 sacra
327 1622 433 1654 facit.y
458 1624 554 1655 Idem.

260 1670 399 1713 sertis]
416 1674 570 1704 Restitne
585 1683 626 1704 ex
640 1674 748 1704 veteri
763 1673 912 1704 editione

217 1722 351 1753 For—ctis.
396 1723 435 1753 In
453 1726 504 1753 12.
532 1723 691 1754 Tabulis:
716 1732 912 1753 SANArtnvs

217 1781 324 1812 metu.
341 1782 451 1806 Qvou.
469 1782 676 1804 Fonc‘rtssvs.
701 1782 790 1804 tovs.
804 1782 885 1803 Εςτο
904 1784 910 1801 z

216 1821 249 1850 id
267 1827 331 1859 est,
351 1822 456 1858 bonis,
473 1828 507 1853 et
524 1824 579 1862 qni
596 1832 662 1853 non
679 1822 877 1853 defecerant
894 1832 912 1853 a

217 1872 343 1910 populo
360 1872 425 1903 Ro.
444 1873 512 1902 Jos.
531 1872 614 1902 Scal.

261 1923 383 1963 Fortis]
411 1922 636 1962 Legeso⁷·cti3.
665 1922 754 1953 Vide
780 1921 911 1953 ‘Horc-

217 1971 312 2002 tum.’
336 1973 417 2003 Dae.

258 2026 273 2046 g
298 2021 426 2061 Forum]
459 2021 603 2052 ‘Forum
631 2021 755 2061 agere.'
804 2023 910 2052 Lucas

216 2071 249 2101 iu
267 2070 376 2111 Actis,
392 2071 423 2101 αἱ
438 2071 573 2111 ἀγοραῖοι
592 2070 730 2109 ἄγονται.
776 2072 819 2101 Et
835 2072 910 2101 Set·-

217 2120 290 2151 vius
320 2121 352 2151 in
384 2121 487 2152 illud:
531 2120 750 2161 ‘Indicitque
779 2119 910 2151 forum!

215 2171 285 2201 Jos.
303 2170 387 2201 Scal.

260 2221 392 2260 Forum]
430 2221 536 2251 Varro
566 2220 623 2251 lib.
652 2229 699 2251 tv.
731 2219 773 2250 de
803 2221 843 2251 L.
872 2221 909 2251 L.

214 2270 224 2285 ‘
239 2270 315 2302 Quo
339 2269 535 2301 conferrent
555 2280 630 2300 snas
652 2271 910 2309 controversias,

218 2324 253 2350 et
269 2330 343 2360 quae
361 2320 507 2351 vendere
524 2321 664 2358 vellent,
681 2325 714 2351 et
731 2330 796 2361 quo
823 2331 911 2360 quae-

218 2378 282 2407 que
300 2369 438 2409 ferrent,
455 2369 561 2400 forum
575 2369 813 2409 appellarunt)
835 2370 911 2400 Duc.

261 2417 274 2436 '¹
312 2419 348 2447 In
376 2430 433 2458 quo
451 2419 571 2457 judicia
590 2419 680 2460 fieri,
707 2428 776 2449 cum
802 2420 909 2458 populo

217 2465 281 2504 “gin
311 2468 381 2508 8512]
421 2469 543 2500 Graece
574 2467 777 2508 δικαστήριον.
822 2469 909 2499 Vide

216 2516 226 2532 ⁸
241 2525 316 2547 cnm
331 2519 456 2556 populo
472 2518 595 2558 agere?
620 2520 717 2549 Idem.

262 2566 270 2586 i
294 2568 372 2596 Cum
394 2567 434 2606 is,
462 2569 513 2607 qui
532 2569 700 2607 provincioe
723 2568 908 2608 proeest,so-

219 2627 288 2647 rum
312 2615 419 2655 agere]
459 2618 531 2648 Cic.
555 2619 665 2658 Epist.
690 2617 768 2650 fam.
793 2622 824 2650 4.
853 2619 910 2649 lib.

219 2674 275 2696 ιιι.
299 2667 307 2683 ‘
322 2666 482 2697 Malevoli
498 2666 660 2707 hominem,
675 2669 730 2709 qui
747 2675 781 2700 te
798 2668 908 2701 forum

964 1522 1060 1554 Tarsi
1087 1531 1200 1563 agere,
1224 1525 1374 1553 statuere
1399 1521 1517 1559 multa,
1543 1519 1658 1550 decer-

967 1582 1061 1611 nere,
1082 1572 1239 1612 judicare
1267 1572 1433 1610 dicerent,
1449 1579 1523 1601 cum
1545 1579 1660 1610 posses

961 1622 1033 1661 jam
1064 1622 1226 1661 suspicari
1254 1620 1314 1651 tibi
1344 1630 1416 1651 esse
1447 1619 1660 1651 successum.'

966 1674 975 1689 ‘
991 1673 1203 1703 Conventum
1220 1670 1226 1682 ’
1249 1676 1284 1701 et
1306 1671 1315 1687 ‘
1328 1675 1512 1701 conventus
1539 1677 1639 1710 agere
1653 1668 1661 1681 ’

969 1732 1030 1762 pro
1048 1722 1167 1752 eodem
1185 1721 1319 1751 dicitur.
1365 1719 1477 1751 Cicer.
1495 1719 1594 1749 Verr.
1609 1721 1662 1749 27.

969 1777 976 1790 ‘
988 1773 1117 1802 Scitote
1134 1780 1208 1802 esse
1226 1769 1389 1810 oppidum
1405 1769 1438 1800 in
1460 1769 1573 1800 Sicilia
1590 1769 1663 1799 nul·

968 1823 1035 1853 tum
1052 1832 1094 1853 ex
1114 1822 1151 1851 iis
1178 1820 1312 1861 oppidis
1337 1820 1371 1850 in
1395 1819 1514 1860 quibus
1532 1819 1663 1849 Praeto·

969 1882 1020 1903 res
1050 1871 1237 1902 consistere
1265 1875 1300 1900 et
1330 1873 1534 1900 conventum
1562 1877 1662 1908 agere

966 1922 1098 1952 solent.’
1146 1922 1270 1958 Caesar,
1298 1919 1356 1950 lib.
1384 1928 1433 1950 ιν.
1457 1918 1544 1949 Belli
1571 1918 1664 1949 Gall.

966 1974 974 1989 ‘
991 1972 1176 2002 Frumento
1193 1969 1357 2001 exercitui
1379 1968 1526 2009 proviso,
1541 1968 1574 1998 in
1591 1967 1662 1998 Ita-

968 2022 1046 2052 liam
1064 2021 1104 2052 ad
1124 2024 1311 2052 conventus
1325 2018 1469 2058 agendos
1487 2016 1660 2057 profectus

966 2072 1040 2102 est.’
1084 2071 1174 2103 Galli
1191 2070 1309 2100 dicunt
1330 2069 1412 2100 tenir
1427 2069 1468 2098 les
1482 2068 1604 2107 assises,
1620 2069 1663 2098 les

965 2125 1071 2152 θείαις.
1094 2121 1201 2151 Idem.

1009 2170 1023 2190 Κ
1049 2171 1126 2200 Cum
1141 2169 1288 2206 idsorum
1299 2168 1421 2207 antiqui
1435 2177 1504 2207 app.
1517 2177 1546 2207 q.
1565 2177 1596 2198 η.
1613 2167 1662 2207 υ.]

966 2220 1077 2251 Cicer.
1108 2219 1166 2250 lib.
1198 2228 1236 2250 ιι.
1266 2218 1308 2249 de
1340 2218 1454 2257 Legib.
1491 2223 1573 2248 sect.
1607 2220 1661 2248 24.

965 2271 974 2286 ‘
994 2269 1093 2302 Quod
1110 2274 1219 2300 autem
1235 2269 1369 2306 Forum,
1386 2267 1418 2298 id
1432 2272 1496 2306 est,
1511 2267 1661 2298 vestibu-

967 2320 1031 2350 lum
1049 2319 1231 2359 sepulchri,
1256 2318 1431 2349 bustumve
1448 2318 1587 2357 usucapi
1606 2327 1662 2348 ve.

966 2374 1029 2409 tat,
1057 2369 1260 2409 tntetnrjus
1284 2366 1562 2408 sepulchrorum!
1596 2367 1659 2398 Lo—

965 2419 1079 2459 quitur
1096 2419 1215 2450 Cicero
1234 2418 1276 2448 de
1294 2418 1369 2457 lege
1395 2420 1445 2448 12.
1463 2417 1533 2447 tab.
1570 2417 1579 2433 ‘
1595 2417 1659 2447 Fo-

965 2478 1037 2499 rum
1071 2468 1249 2499 bustumve
1281 2467 1419 2506 usucapi
1450 2464 1541 2495 nefas
1573 2469 1657 2496 esto.

964 2519 1045 2550 Fori
1062 2518 1194 2550 bustive
1218 2521 1345 2548 aeterna
1361 2515 1542 2546 auctoritas
1559 2515 1656 2546 esto.'

965 2569 1061 2600 Idem.

1006 2617 1014 2638 ¹
1037 2617 1139 2648 Locus
1151 2617 1181 2646 z'n
1198 2616 1282 2656 navi,
1299 2615 1350 2645 sed
1371 2618 1433 2645 tum
1449 2624 1489 2644 m.
1504 2623 1537 2653 g.
1552 2617 1611 2653 est,
1625 2617 1655 2644 et

960 2667 1021 2708 pL]
1055 2667 1154 2699 Foras
1184 2675 1250 2697 non
1278 2668 1406 2696 tantum
1435 2673 1495 2704 pro
1521 2664 1594 2696 loco
1621 2664 1655 2695 iu
