1835 2906
190 108 274 152 288

628 115 775 149 SEX'rl
812 115 1013 149 POMPEH
1048 116 1185 148 FESTI

246 214 424 255 nomine
446 214 712 267 appellatur:
743 217 791 254 ut
819 214 882 254 ait
909 212 1111 254 Cincius:
1146 212 1347 254 Gentiles
1377 213 1481 255 mihi
1512 218 1627 263 sunt,

246 282 321 336 qui
342 294 439 322 meo
458 282 630 322 nomine
651 281 940 335 appellantur.

190 349 379 390 Genuini
401 349 582 397 denteS,t
601 350 719 402 quod
740 362 767 389 a
787 348 908 401 genis
930 346 1190 401 dependent.

189 416 340 457 Genus
357 415 371 439 s
389 422 405 437 ¹¹
437 416 601 456 dictum
635 421 814 469 putatur
841 429 867 456 a
898 421 1027 456 terrae
1055 413 1217 455 Graeco
1249 415 1481 464 vocabulo,
1503 426 1631 467 quarn

245 486 313 538 γῆν
330 483 496 524 dicunt.

190 551 408 592 Germenx
440 554 522 599 est,
548 549 667 602 quod
695 561 750 589 ex
782 550 983 590 arborum
1008 548 1193 590 surculis
1223 549 1431 597 nascitur,
1453 547 1564 588 unde
1592 550 1633 587 et

245 618 451 670 germani,
472 617 600 670 quasi
616 616 768 656 eadem
790 617 929 669 stirpe
949 617 1096 669 geniti.

189 686 379 735 Germe,y
409 687 550 725 crates
570 683 788 725 vimineae.
848 682 1148 725 Athenienses
1170 697 1269 725 cum
1290 683 1533 736 Syracusas
1555 682 1632 722 ob-

244 752 450 800 siderent,
483 754 525 791 et
561 750 708 791 crebro
748 762 892 802 gerras
925 756 1175 804 poscerent,
1221 750 1446 791 irridentes
1481 749 1633 796 Siculi,

245 823 258 840 ‘
270 819 431 860 Gerras
443 818 455 835 ’
483 817 784 859 clamitabant.

846 816 976 858 Unde
1006 817 1169 859 sactum
1197 821 1278 868 est,
1311 821 1358 858 ut
1389 829 1524 870 gerrae
1553 829 1631 870 pro

243 887 388 940 nugis,
408 890 452 927 et
471 889 693 926 contemtu
713 884 929 925 dicantur.

787 992 1026 1004 “On-mut&

230 1064 250 1092 8
274 1059 421 1094 Quidam
437 1059 515 1091 libri
536 1060 636 1100 Gens,
651 1063 687 1091 et
702 1069 793 1096 mox,
810 1069 870 1101 pro
884 1061 956 1099 γῆν,
971 1059 1073 1098 γένος.

839 1171 981 1203 NOTAE

186 1248 242 1280 tis.
288 1249 354 1281 Qui
381 1249 423 1280 ab
452 1248 608 1290 ingenuis
636 1246 768 1279 oriundi
795 1251 884 1278 sunt.

185 1296 242 1329 Ne
258 1298 292 1329 id
309 1299 446 1339 quidem
464 1300 545 1330 satis
561 1303 624 1330 est.
648 1299 799 1330 Quorum
819 1306 885 1326 ma-

181 1348 299 1388 jorum
310 1358 407 1380 nemo
420 1349 619 1380 servitutem
637 1348 790 1378 servivit.
816 1346 885 1377 Ab·

188 1402 239 1429 est
256 1398 359 1429 etiam
377 1408 478 1429 nunc.
512 1399 579 1430 Qui
596 1398 710 1437 capite
727 1405 791 1426 non
808 1401 885 1426 sunt

184 1448 364 1480 deminuti.
419 1450 496 1480 Hoc
527 1449 671 1479 fortasse
708 1447 788 1478 satis
820 1452 885 1481 est,

185 1499 267 1530 nihil
296 1500 385 1530 enim
413 1500 511 1530 video
537 1499 727 1530 Scaevolam
751 1496 886 1537 pontifi-

185 1558 259 1580 cem
277 1549 319 1580 ad
334 1550 420 1581 hanc
440 1549 673 1580 definitionem
690 1546 888 1578 addidisse?

184 1599 330 1639 Legitur
346 1600 435 1640 apud
453 1600 653 1631 Ciceronem
667 1598 809 1638 gentilis,
827 1607 888 1637 pro

183 1650 387 1687 cognominis,
402 1659 427 1681 1.
443 1650 580 1681 Tuscul.
596 1649 796 1688 ‘Regnante
809 1657 890 1687 gen-

186 1699 239 1728 tili
267 1699 366 1735 meo,'
391 1700 433 1731 de
456 1700 553 1730 Tullo
577 1700 779 1730 Volscorum
797 1706 890 1737 rege.

185 1747 239 1778 De
255 1749 452 1780 discrimine
469 1751 558 1781 inter
576 1749 721 1790 gentiles
738 1755 773 1780 et
789 1757 890 1788 agna-

185 1801 237 1828 tos
255 1798 430 1838 videjuris
449 1804 747 1829 commentatores.
772 1798 871 1828 Idem.

232 1847 242 1866 ¹
265 1848 405 1878 Gemini
430 1848 551 1887 dentes]
576 1849 699 1879 Graece
715 1852 885 1887 σωφρονισ-

188 1896 293 1936 τῆρες,
321 1897 409 1938 quod
443 1898 609 1938 prudente
648 1903 684 1929 et
731 1896 886 1937 perfecto

185 1947 320 1978 homine
336 1953 529 1979 nascantur.
562 1948 675 1979 Gloss.
701 1952 710 1966 ‘
725 1947 887 1985 Genuini,

188 1997 457 2038 σωφρονιστῆρες.’
518 1998 629 2029 Item:
669 1996 680 2013 ‘
693 1997 887 2037 genuinum,

186 2047 308 2084 ὀδόντα,
328 2047 454 2087 μύλην.’
499 2048 529 2079 Α
543 2048 634 2088 genis
652 2047 737 2079 dicti
750 2047 891 2087 genuini.

186 2097 322 2139 Interp.
353 2099 486 2130 Persii:
527 2099 725 2130 ‘Genuinus
752 2099 888 2138 proprie

187 2146 271 2178 dens
289 2148 346 2188 qui
361 2149 422 2180 snb
437 2149 532 2189 genis
548 2148 622 2180 est.’
660 2148 731 2179 Alii
758 2158 777 2178 a
796 2158 889 2188 geno,

186 2196 300 2238 gigno.
358 2199 410 2229 Ex
442 2199 557 2230 Plinio
584 2198 642 2230 lib.
669 2207 708 2229 11.
735 2208 809 2238 cap.
836 2201 889 2229 37.

187 2248 198 2264 ‘
210 2247 361 2285 homini,’
379 2249 503 2290 inquit,
516 2249 526 2265 ⁴
540 2248 728 2286 novissimi,
750 2248 806 2288 qui
831 2257 888 2288 ge-

188 2298 283 2329 nuini
311 2303 490 2335 vocantur,
521 2299 660 2331 circiter
689 2298 887 2338 vigesimum

189 2356 313 2379 annum
341 2350 538 2390 gignuntur,
559 2349 674 2380 multis
694 2353 730 2379 et
751 2353 888 2388 octoge-

191 2398 296 2429 simo.'
323 2399 421 2430 Idem.

233 2452 248 2467 ¹¹
273 2448 394 2488 Genus]
417 2449 447 2480 A
466 2450 508 2487 ’γῆ
526 2454 629 2484 terra,
653 2448 743 2490 quod
764 2457 783 2479 e
798 2452 892 2480 terra

192 2498 304 2528 omnia
330 2505 413 2530 nata
437 2501 514 2531 sint.
559 2500 628 2531 Sed
655 2509 754 2530 nemo
783 2499 891 2530 nescit

192 2556 267 2578 esse
298 2558 318 2579 a
345 2548 448 2587 γένος,
491 2550 579 2590 qnod
618 2560 637 2581 a
677 2549 772 2589 γένω,
802 2549 891 2580 unde

193 2596 329 2635 ‘geno.'
355 2598 452 2629 Idem.

229 2648 246 2664 Χ
261 2646 409 2687 Germen]
421 2647 450 2679 A
464 2658 550 2687 gere,
562 2658 624 2689 pro
636 2659 732 2689 geno,
742 2649 894 2689 gerimen,

937 1257 1076 1286 germen.
1111 1246 1197 1278 Inde
1215 1245 1444 1287 germani,qni
1461 1254 1503 1276 ex
1515 1243 1632 1275 eodem

941 1298 1080 1337 semine,
1095 1307 1137 1328 ex
1153 1296 1269 1327 eadem
1281 1297 1401 1336 stirpe.
1419 1296 1464 1326 Et
1476 1294 1636 1326 Germani

941 1349 1078 1388 proprie
1095 1349 1263 1385 dicuntur,
1280 1347 1336 1387 qui
1352 1345 1494 1376 eundem
1511 1345 1638 1375 habent

941 1403 1083 1437 patrem,
1108 1398 1176 1428 sive
1203 1397 1224 1427 ii
1254 1404 1462 1427 communem
1493 1399 1635 1424 matrem

940 1447 1112 1477 habeant:
1137 1447 1323 1487 (quomodo
1360 1445 1553 1482 Terentius,
1581 1442 1636 1474 Ci-

940 1507 1032 1535 cero,
1048 1502 1083 1528 et
1102 1497 1157 1527 alii
1183 1501 1191 1513 ¹
1207 1496 1442 1527 Germanornn
1455 1494 1462 1506 '
1489 1503 1573 1524 voce
1590 1493 1637 1523 uti

938 1546 1048 1577 solent
1063 1545 1089 1586 z)
1113 1546 1183 1576 sive
1199 1547 1377 1583 diversam,
1395 1544 1450 1585 qui
1476 1544 1485 1560 ¹
1497 1553 1637 1574 consan-

939 1595 1062 1635 guinei'
1076 1596 1156 1626 dicti
1169 1601 1259 1627 sunt.
1283 1595 1396 1626 Aliter
1409 1599 1519 1625 tamen
1529 1594 1638 1623 Varro

941 1645 974 1675 in
992 1646 1050 1676 lib.
1069 1646 1109 1676 de
1128 1645 1310 1686 gradibus:
1333 1645 1342 1661 ‘
1359 1641 1572 1677 Germanus,’
1589 1643 1638 1672 in-

941 1697 1026 1737 quit,
1047 1698 1056 1713 ‘
1070 1706 1112 1727 ex
1129 1695 1247 1726 eadem
1274 1695 1439 1735 genitrice
1455 1698 1554 1724 natus
1574 1697 1639 1729 est,

943 1756 1021 1781 non,
1038 1751 1074 1776 ut
1087 1746 1197 1785 multi,
1211 1745 1254 1775 de
1270 1744 1390 1775 eodem
1404 1744 1567 1784 germine,
1583 1742 1640 1783 qui

940 1801 1072 1827 tantum
1099 1795 1221 1827 fratres
1238 1794 1418 1826 dicuntur!
1461 1793 1528 1825 Sed
1553 1803 1638 1823 vana

941 1852 994 1878 est
1007 1847 1079 1878 haec
1093 1846 1254 1877 Varronis
1271 1844 1477 1884 differentia,
1491 1853 1552 1874 nec
1569 1843 1638 1874 ido-

941 1898 1011 1927 neis
1030 1897 1225 1928 auctoribus
1246 1896 1440 1927 observata.
1499 1894 1639 1925 Terent.

943 1947 1088 1988 Adelph.
1132 1951 1140 1964 ·
1153 1947 1201 1977 Te
1225 1945 1369 1976 habeam
1386 1944 1542 1983 fratrem,
1559 1953 1578 1974 o
1595 1943 1638 1973 mi

942 1998 1114 2038 AEschine‚
1142 2008 1162 2028 0
1180 1997 1222 2027 mi
1240 1994 1421 2036 germane!
1452 1995 1566 2025 Frater
1582 2003 1638 2024 no-

943 2058 1019 2079 men
1033 2047 1190 2088 generale
1207 2051 1272 2081 est,
1285 2050 1320 2076 et
1334 2044 1487 2075 continet
1498 2045 1507 2060 ‘
1517 2043 1638 2073 fratres

942 2096 1147 2138 germanos,'¹
1175 2097 1183 2113 ⁸
1197 2094 1321 2126 fratres
1344 2091 1639 2133 consanguineos,’

943 2149 1000 2189 qui
1025 2158 1068 2179 ex
1089 2156 1155 2178 uno
1168 2151 1265 2186 patre
1280 2144 1350 2175 nati
1369 2147 1448 2174 sunt.
1464 2148 1498 2174 et
1513 2148 1639 2173 matres

943 2199 1094 2229 diversas
1119 2197 1266 2233 habeut;
1289 2192 1437 2224 ‘fratres
1466 2190 1640 2228 uterino&

942 2248 999 2289 qui
1022 2258 1065 2279 ex
1092 2246 1211 2277 eadem
1240 2249 1372 2276 tantum
1398 2250 1507 2273 matre
1532 2242 1639 2283 geniti

941 2303 1043 2337 sunt;
1065 2302 1101 2328 et
1126 2296 1271 2327 ‘fratres
1296 2293 1493 2335 patrueles‚’
1518 2293 1574 2334 qui
1598 2302 1640 2322 ex

946 2349 1076 2379 duobus
1090 2346 1250 2378 fratribus
1268 2344 1447 2385 procreati.
1471 2343 1568 2373 Idem.

986 2403 998 2424 y
1015 2397 1142 2436 Gerroe]
1153 2394 1241 2425 Vide
1256 2395 1264 2410 ‘
1277 2390 1469 2431 Cerrones‚’
1481 2392 1535 2422 ubi
1546 2392 1641 2421 aliter

947 2448 1056 2487 paulo.
1100 2448 1214 2478 Quare
1234 2448 1271 2474 et
1288 2442 1425 2473 tertium
1449 2441 1530 2471 illud
1553 2439 1639 2471 forte

947 2497 1026 2527 addi
1058 2500 1185 2536 potest,
1216 2495 1338 2532 nempe
1370 2490 1591 2521 Athenienses
1621 2499 1640 2519 a

946 2547 1067 2577 Siculis
1081 2546 1208 2576 Gerras
1224 2546 1360 2573 vocatos
1373 2539 1467 2579 quasi
1477 2538 1640 2576 imbelles,

946 2606 1023 2627 nam
1041 2604 1138 2635 gerra
1156 2592 1276 2624 Siculis
1291 2588 1449 2630 pudenda
1463 2588 1640 2629 significat.

945 2647 1038 2678 Suid.
1061 2644 1210 2685 Hesych.
1234 2642 1333 2672 Idem.
