1835 2906
363 145 425 176 DE
460 141 728 173 VERBORUM
763 136 1174 171 stoNtFtcA'rloNE
1209 137 1304 168 Lm.
1341 137 1384 165 V.

1512 125 1589 166 251

212 242 396 296 spicere,
418 242 462 279 et
490 242 656 279 certum
686 245 952 297 cognoscere
979 230 1122 284 coepit
1150 230 1420 283 significare:
1454 230 1600 281 itaque

212 307 461 363 speculator
496 306 551 346 ab
588 303 868 358 exploratore
903 299 988 341 hoc
1019 298 1168 347 distat,
1199 297 1317 352 quod
1346 296 1600 351 speculator

210 375 387 417 hostilia
425 372 599 414 silentio
638 369 866 426 perspicit,

215 441 459 495 cognoscit.

908 367 1164 422 explorator
1206 369 1365 418 pacata
1406 364 1599 406 clamore

154 506 438 564 Exporgere,k
458 519 589 561 porro
611 518 748 558 agere,
774 504 1071 557 exporrigere.

158 574 404 632 Expreta¹⁶
422 574 430 598 ¹
465 574 633 628 antiqui
655 572 876 621 dicebant,
899 570 1026 625 quasi
1046 568 1250 622 expertia
1270 567 1433 608 habita.

156 645 418 698 Exrogarem
455 647 535 692 est,
568 653 626 682 ex
654 639 747 694 lege
781 643 927 682 vetere
949 635 1114 691 aliquid
1136 636 1330 677 eximere
1351 648 1428 689 per
1448 647 1604 675 novam

215 714 371 766 legem.

159 781 308 822 Exta.n
340 779 476 828 dicta,
510 776 627 832 quod
659 789 712 818 ea
744 774 846 817 Diis
873 775 1172 827 prosecentur,
1200 784 1299 824 quae
1321 772 1507 812 maxime
1528 754 1606 810 exss·

215 851 323 896 tant,
345 847 640 899 eminentque.

162 915 380 957 Externus
393 919 410 936 ⁰
429 917 497 955 est
518 913 673 955 alienae
693 916 725 942 ¹⁷
748 918 888 952 terrae.

883 976 1182 1018 Exterraneus
1199 976 1228 999 ¹8
1262 978 1465 1029 quoqueq
1494 972 1606 1014 dici-

160 982 455 1024 Exterraneus
471 988 487 1012 P
509 994 566 1022 ex
585 980 675 1022 alia
694 982 824 1021 terra.

217 1055 287 1091 tur
307 1055 351 1091 et
372 1051 448 1104 qui
468 1052 568 1091 ante
590 1054 769 1102 tempus
790 1048 935 1094 natus,
956 1044 1025 1086 vel
1044 1043 1190 1098 potius
1211 1042 1377 1096 ejectus
1398 1044 1488 1082 est:
1511 1040 1608 1081 dic-

219 1123 288 1159 tus
325 1123 474 1159 autem
510 1120 792 1159 exterraneus
823 1111 944 1167 quod
980 1124 1081 1153 eum
1110 1114 1246 1152 mater
1275 1109 1483 1150 exterrita
1502 1107 1606 1147 alvo

220 1185 364 1239 ejecit.

160 1253 415 1294 Extimum¹'
444 1256 689 1295 extremum
726 1247 961 1303 significat,
993 1246 1058 1288 ita
1090 1250 1140 1286 ut
1167 1245 1321 1286 intimo
1348 1244 1406 1285 sit
1437 1246 1608 1284 contra-

216 1320 339 1361 rium.

765 1391 901 1404 ‘MNO

902 1389 1000 1403 Μθρ

204 1477 243 1506 16
267 1473 415 1507 Quidam
439 1475 594 1514 Εκρεηα,
618 1477 654 1504 et
670 1481 748 1504 mox
773 1471 954 1512 expet-itia,-
978 1468 1059 1500 nihil
1082 1466 1279 1499 mutandum
1304 1469 1419 1497 monet
1436 1466 1608 1496 Bam—l?

160 1517 290 1548 Alienus
307 1527 338 1548 v.
355 1527 387 1549 c.
425 1517 518 1549 Alius
546 1516 638 1556 conj.
671 1516 720 1546 vir
747 1514 841 1547 doct.
859 1514 893 1545 in
917 1522 1025 1554 marg.
1043 1511 1097 1543 ed.
1113 1511 1291 1542 δοιὼ-18
1317 1509 1385 1540 Alii
1401 1509 1455 1540 hic
1471 1515 1506 1540 et
1521 1506 1611 1538 infra

162 1560 394 1592 exterricineus.
440 1560 527 1591 Vide
544 1559 626 1591 Not.
644 1557 704 1589 inf.

817 1630 959 1664 NOTAE

164 1701 209 1732 Et
233 1698 348 1731 differt
375 1698 417 1730 ab
445 1697 671 1739 speculatore,
695 1696 753 1737 qui
779 1699 859 1726 ante

162 1751 350 1782 exercitum
363 1747 559 1790 speculandi
572 1747 681 1787 gratia
693 1746 859 1777 mittitur:

162 1802 216 1833 hic
229 1809 368 1832 munere
385 1799 463 1830 belli
476 1798 618 1829 honesto
630 1796 792 1837 fungitur,
804 1795 860 1826 iiie

163 1852 287 1892 saepius
314 1850 439 1891 capitis
467 1858 583 1889 poenas
614 1847 689 1878 luit.
739 1845 861 1876 Arrius

163 1901 352 1934 Menander
376 1900 418 1931 de
443 1909 478 1930 re
502 1898 636 1930 militari
652 1906 677 1929 1.
710 1896 859 1936 ‘Explo-

163 1956 306 1991 ratores,
322 1951 378 1992 qui
389 1953 521 1981 secreta
532 1947 774 1979 nuntiaverunt
787 1947 861 1977 hos-

165 2002 270 2041 tibus,
287 1999 478 2041 proditores
495 2003 588 2038 sunt,
601 2002 635 2029 et
651 1996 775 2037 capitis
793 2005 862 2037 poe-

164 2062 224 2084 nas
239 2049 361 2082 luunt.’
382 2050 478 2080 Idem.

207 2102 221 2123 ¹<
244 2100 440 2142 Exporgere]
473 2098 560 2130 Vide
589 2098 599 2115 ‘
617 2096 862 2139 experrectus!

168 2155 266 2186 Idem.

207 2203 215 2224 ¹
238 2202 397 2244 Expreta]
422 2200 517 2233 Nihil
543 2198 750 2231 mutandum.
799 2197 864 2227 Ex-

163 2257 254 2295 preta
284 2252 491 2292 transposita
514 2250 616 2282 litera
636 2259 698 2290 pro
724 2251 864 2289 experta,

165 2304 198 2334 id
224 2307 288 2343 est,
309 2302 463 2342 experila.
503 2305 511 2319 ⁶
529 2299 711 2341 Experiri,’
736 2300 745 2316 ‘
761 2307 863 2339 expe-

167 2352 273 2388 ritus:
298 2350 466 2392 ‘expers.'
510 2350 598 2381 Vide
614 2359 716 2391 supra
739 2349 862 2389 ‘expe-

166 2402 273 2435 ritus.’
298 2402 395 2433 Idem.

207 2458 230 2473 ¹¹¹
270 2450 451 2491 Exrogare]
493 2449 583 2481 Vide
628 2449 638 2467 ‘
662 2448 862 2489 Derogare.¹

167 2504 266 2535 Idem.

209 2558 223 2573 ¹¹
242 2551 345 2592 Exta]
362 2550 470 2584 Quasi
486 2553 610 2581 exsecta
627 2549 669 2580 ab
685 2549 867 2588 exsecando,

168 2608 204 2635 et
230 2613 295 2634 non
317 2602 360 2633 ab
387 2601 534 2639 exeundo,
561 2604 598 2630 ut
615 2604 711 2640 putat
734 2599 867 2629 Festus.

169 2654 255 2684 Inde
268 2656 358 2683 extar
373 2652 406 2683 in
424 2650 611 2690 Glossario,
628 2650 694 2681 olla
711 2648 768 2680 ubi
784 2652 864 2680 exta

168 2704 412 2745 coquebantur.
438 2702 534 2732 Idem.

956 1699 971 1714 0
982 1691 1156 1732 Externus]
1179 1691 1234 1723 Ab
1247 1694 1348 1730 exter,
1363 1693 1501 1728 exterus,
1522 1688 1611 1720 unde

914 1748 1073 1776 externus.
1100 1742 1209 1773 Idem.

959 1800 975 1820 1)
1000 1791 1231 1831 Exterraneus]
1259 1791 1399 1822 Frustra
1411 1793 1462 1820 est
1479 1789 1612 1823 Festus.

914 1844 971 1885 qui
987 1853 1005 1873 a
1027 1847 1126 1880 terra,
1143 1846 1179 1872 et
1195 1840 1370 1881 praeposit.
1395 1848 1447 1878 ex,
1473 1842 1613 1869 exterra-

914 1904 1002 1925 nenm
1024 1893 1153 1924 dictum
1171 1896 1281 1932 putat.
1328 1891 1417 1921 Nam
1433 1895 1486 1920 est
1502 1890 1544 1920 ab
1559 1899 1613 1920 ex-

915 1949 977 1984 tra,
1006 1954 1066 1985 pro
1094 1952 1160 1984 quo
1190 1942 1282 1983 prius
1309 1941 1470 1972 dicebant
1493 1943 1613 1971 extera.

917 1995 972 2026 lta
987 1998 1198 2032 err-terramus,
1215 1992 1271 2033 qui
1294 1995 1414 2032 postea
1436 1994 1615 2022 extraneus.

918 2045 1028 2077 Idem.

960 2101 976 2122 ‘1
1003 2096 1215 2126 Exterraneus
1232 2091 1362 2133 quoque]
1379 2091 1444 2122 Hic
1460 2090 1554 2121 locus
1565 2090 1614 2121 sie

918 2147 1035 2178 melius
1052 2147 1085 2176 in
1100 2145 1298 2186 quibusdam
1316 2142 1416 2174 codd.
1431 2145 1616 2181 conceptus

919 2203 993 2228 est:
1019 2195 1256 2227 Exterricz'neus
1281 2202 1393 2234 quoque
1418 2191 1535 2222 dicitur
1563 2191 1618 2231 qui

918 2250 990 2277 unte
1006 2250 1123 2286 tempus
1137 2249 1240 2279 naeus,
1256 2245 1304 2274 vel
1316 2242 1420 2283 potius
1434 2242 1548 2281 ejectus
1559 2245 1616 2273 est.

919 2297 1032 2327 Dictus
1041 2299 1142 2326 autem
1153 2293 1377 2325 exterricz'neus
1386 2292 1464 2332 quod
1473 2300 1541 2322 eum
1551 2301 1616 2321 mu-

920 2351 968 2378 ter
981 2346 1133 2377 exterrita
1146 2345 1216 2375 alvo
1226 2343 1347 2381 dejecit.
1392 2341 1447 2373 Ab
1458 2344 1616 2373 exterren-

917 2398 968 2437 clo,
984 2395 1209 2427 exterricz'neus
1223 2394 1345 2432 dictus,
1359 2401 1457 2433 quem
1474 2391 1618 2423 exterri-

919 2451 956 2478 ta
972 2450 1081 2477 mater
1096 2444 1209 2485 ejecit.
1246 2442 1360 2473 Graeci
1372 2447 1493 2473 vocant
1506 2440 1617 2481 ἔκτρω-

917 2509 974 2536 μα,
997 2501 1033 2527 et
1061 2493 1258 2534 ἐξάμβλωμσ..
1293 2492 1338 2523 Et
1362 2490 1475 2523 differt
1501 2492 1544 2523 ab
1561 2502 1618 2532 eo,

921 2556 1020 2586 quem
1049 2544 1165 2576 Graeci
1182 2547 1306 2574 vocant
1333 2541 1531 2584 ἠλιτόμηνον,
1557 2544 1615 2584 qui

920 2600 999 2627 ante
1028 2599 1167 2625 exactos
1197 2602 1327 2624 menses
1358 2598 1457 2623 natus
1485 2598 1549 2629 est.
1576 2597 1614 2624 ut

919 2646 1008 2687 apud
1026 2645 1153 2676 Poetas
1170 2644 1393 2684 Eurystheus.
1419 2644 1514 2674 Idem.

963 2702 973 2717 Γ
999 2695 1176 2736 Extimum]
1198 2696 1207 2712 ‘
1226 2694 1397 2726 Extimum
1427 2697 1617 2735 promontoa
