1835 2906
375 180 436 208 DE
472 176 741 208 VERBORUM
779 173 1194 205 SlGNIFICATIONE
1232 177 1323 206 LlB.
1359 177 1428 207 lx.

191 310 194 311 γ
238 273 393 314 cando.

1551 166 1636 208 321

455 272 510 313 IN
554 271 808 326 praepositio
844 269 1063 324 significat
1096 269 1247 320 modo,
1286 271 1406 325 quod
1446 284 1546 323 non,
1587 276 1635 312 ut

238 342 471 382 inimicus:
506 341 636 382 modo
673 340 932 389 auctionem,
972 343 1020 380 ut
1060 339 1343 382 inclamavit:
1375 340 1509 381 modo
1544 340 1634 388 ubi,

240 423 325 462 quo
347 410 559 459 tendutur,
581 414 628 450 ut
659 408 858 449 incurrit:
889 407 1020 448 modo
1052 408 1127 448 ubi
1158 408 1278 460 qui¹2
1310 409 1382 458 sit,
1416 414 1464 449 ut
1495 409 1635 448 inam-

242 477 379 517 bulat.

184 543 464 585 luarculumf
491 545 656 599 virgula
678 547 772 586 erat
799 557 856 585 ex
884 543 1001 585 malo
1034 544 1198 598 punica
1230 544 1478 593 incurvata,
1501 555 1632 597 quam

240 612 391 664 regina
412 614 664 654 sacrificans
693 613 738 654 in
757 613 899 667 capite
921 613 1138 666 gestabat.

186 677 447 730 Iucalanto,g
467 681 712 723 invocanto.

186 747 502 799 Incalationes,
526 750 845 790 invocationes.

187 814 445 868 Incalative,
479 817 696 859 vocative.

789 925 908 938 θθθθθθ

230 980 269 1009 12
293 979 439 1012 Quidam
463 980 540 1011 libri
555 981 623 1022 quis
639 990 700 1022 pro
717 981 781 1022 qui.

913 923 1030 937 eeeeee

828 1056 973 1089 NOTAE

187 1117 440 1158 =1nclamavit,’
463 1120 561 1151 valde
591 1121 763 1153 clamavit.
809 1120 881 1153 Ali-

187 1168 321 1209 quando
351 1174 491 1209 motum,
525 1175 562 1201 ut
591 1171 784 1212 ‘iucurrit,'
821 1172 882 1203 ali-

187 1219 321 1258 quando
339 1220 483 1260 quietem
501 1225 538 1252 ut
555 1222 563 1238 ‘
579 1221 788 1254 inambulat!
802 1223 881 1254 Duc.

231 1268 244 1287 f
262 1270 457 1310 Inarculum]
490 1271 579 1302 Vide
597 1271 639 1303 A.
656 1272 747 1304 Gell.
773 1273 829 1304 lib.
848 1283 882 1304 x.

187 1329 262 1359 cap.
280 1322 332 1351 15.
361 1320 498 1352 verbum
514 1323 693 1364 sacrificans
713 1324 791 1354 1111111
814 1334 883 1355 sus-

188 1375 323 1410 pectum
341 1376 406 1402 est.
432 1373 501 1403 Ful.
522 1373 629 1404 Ursin-

230 1420 423 1462 Inurculum]
460 1423 622 1455 Ser-viana
653 1425 882 1465 Fragmenta:

186 1470 195 1487 ‘
210 1469 370 1502 Arculum
395 1477 446 1504 est
466 1474 559 1513 virga
582 1484 624 1505 ex
649 1477 735 1506 malo
753 1476 882 1507 Punica

190 1521 391 1553 incurvata:
419 1534 492 1564 qune
509 1524 547 1555 fit
567 1526 659 1566 quasi
678 1536 812 1557 corona.
838 1527 883 1557 Et

186 1570 253 1601 ima
270 1581 465 1614 summaque
482 1575 572 1605 inter
588 1585 623 1605 se
641 1576 798 1616 alligatur
814 1576 884 1606 vin-

188 1624 264 1654 culo
291 1623 387 1655 laneo
417 1625 504 1661 albo,
526 1636 622 1667 quam
649 1628 681 1657 iu
711 1627 884 1658 sacrificiis

187 1673 290 1704 certis
309 1674 426 1714 regina
442 1676 473 1705 in
490 1677 601 1716 capite
618 1677 782 1709 habebat:
809 1679 883 1708 Fla-

188 1725 312 1756 minica
332 1730 446 1757 autem
472 1727 578 1758 Dialis
601 1728 690 1758 omui
715 1728 885 1759 sacrifica·

189 1775 281 1806 tione
309 1776 356 1806 uti
381 1777 555 1808 debebat.'
599 1779 750 1810 Gellius:
787 1780 884 1811 ‘Eae-

189 1826 265 1856 dem
281 1824 386 1857 ferme
402 1827 594 1858 cerimoniae
611 1834 794 1870 sunt,quas
810 1830 885 1861 Fla-

188 1876 327 1906 minicas
344 1877 580 1909 Sacerdotulas
605 1879 717 1910 Diales
734 1889 884 1911 seorsum

189 1926 282 1956 aiunt
297 1926 527 1959 observitare:
559 1929 662 1959 veluti
685 1935 758 1960 est:
784 1930 884 1962 Quod

191 1980 359 2007 venenato
381 1978 554 2016 operitur:
587 1983 620 2009 et
645 1979 734 2019 quod
760 1979 793 2010 in
815 1980 885 2010 rica

191 2027 361 2057 surculum
393 2027 434 2058 de
463 2028 584 2059 arbore
610 2029 732 2070 siliqua
759 2029 886 2061 habet?

189 2076 230 2106 In
248 2076 380 2117 quibus,
397 2087 463 2108 non
490 2079 532 2109 de
556 2079 685 2110 Punica
709 2081 809 2119 malo,
826 2080 886 2112 sed

191 2126 234 2156 de
265 2126 387 2168 siliqua
416 2128 534 2159 arbore
565 2128 638 2160 fieri
670 2131 886 2171 praecipitur:

192 2177 342 2216 quamvis
360 2178 416 2208 alii
438 2177 529 2210 felici
545 2179 665 2210 arbore
682 2181 817 2221 legant:
843 2181 886 2212 de

194 2232 360 2258 venenato
397 2230 500 2260 etiam
529 2230 664 2261 Servius
701 2232 735 2262 in
769 2232 885 2263 iisdem

192 2276 416 2309 membranis:
453 2280 598 2311 ‘Vetere
627 2281 886 2313 cerimoniarum

187 2326 264 2365 jure
296 2334 505 2368 praeceptum
540 2335 606 2369 est,
634 2336 670 2362 ut
701 2333 889 2364 Flaminica

195 2381 363 2420 venenato
394 2385 514 2418 operta
542 2381 608 2413 sit.’
653 2382 750 2413 Idem
786 2383 888 2414 etiam

196 2427 263 2459 ait:
290 2428 299 2445 ‘
314 2428 531 2461 Flaminicam
548 2432 747 2472 praecipitur
764 2433 888 2464 habere

194 2478 357 2518 0101110111,
373 2480 489 2519 1100111,
502 2486 715 2521 venenatum,
727 2482 889 2515 fibulam.'

196 2529 358 2570 Sequitur
385 2531 473 2571 apud
500 2531 669 2562 Gellium:
704 2532 769 2563 ‘Et
798 2533 888 2573 quod

197 2579 317 2619 scalas,
331 2590 406 2622 quae
420 2581 543 2613 Graece
557 2581 704 2621 κλίμακες
715 2585 890 2624 appellan-

197 2634 267 2668 tur,
283 2639 340 2661 eas
356 2632 538 2664 ascendere
557 2633 587 2664 ei
605 2635 679 2674 plus
696 2635 801 2665 tribus
817 2646 890 2675 gra-

198 2678 294 2711 dibus
312 2681 507 2721 religiosum
524 2682 598 2713 est.'
632 2685 743 2722 Lege:
767 2689 797 2716 et
812 2688 892 2726 quod

198 2731 308 2769 scalas,
323 2732 384 2762 nisi
399 2742 464 2773 quae
487 2734 597 2765 Graece
616 2736 822 2775 appellantur,
838 2738 890 2776 ⁸50·

285 2785 399 2827 Delph.
411 2790 442 2818 et
459 2787 535 2818 Var.
551 2788 636 2818 Clas.

938 1121 1034 1153 Idem
1057 1121 1194 1152 Servius
1212 1120 1278 1152 alio
1294 1122 1391 1152 loco:
1426 1121 1436 1138 ‘
1450 1120 1552 1162 Apud
1570 1122 1635 1153 Ve-

938 1177 1027 1204 teres
1055 1171 1276 1203 Flaminicam
1299 1172 1406 1203 scalas
1430 1172 1503 1212 plus
1529 1172 1636 1204 tribus

937 1222 1097 1263 gradibus
1124 1222 1188 1252 nisi
1213 1222 1354 1253 Graecas
1380 1222 1546 1254 scandere
1570 1233 1636 1254 non

936 1272 1074 1308 licebat,
1090 1282 1132 1303 ne
1148 1272 1216 1303 ulla
1226 1282 1302 1313 pars
1321 1272 1444 1313 pedum
1461 1273 1546 1315 ejus,
1562 1283 1636 1305 cru-

938 1333 1053 1354 rumve
1071 1323 1190 1354 subter
1214 1323 1497 1363 conspiceretur:
1528 1333 1636 1366 eoque

938 1384 1002 1406 nec
1018 1374 1173 1415 pluribus
1196 1373 1368 1414 gradibus,
1384 1374 1444 1405 sed
1461 1374 1583 1415 tribus,
1599 1379 1638 1406 ut

936 1426 970 1456 in
995 1435 1137 1459 ascensu
1161 1424 1312 1466 duplices
1336 1425 1425 1457 nisus
1449 1434 1516 1457 non
1543 1430 1637 1466 pate-

938 1481 1055 1508 rentur
1092 1476 1210 1507 extolli
1247 1480 1390 1515 vestem,
1419 1480 1478 1507 aut
1516 1477 1638 1508 nudari

938 1536 1057 1558 crura:
1082 1536 1158 1557 nam
1176 1525 1252 1557 ideo
1269 1530 1303 1557 et
1320 1526 1454 1557 Graecae
1471 1527 1571 1557 500100
1588 1526 1638 1557 di·

939 1582 1074 1615 cuntur,
1096 1578 1174 1618 quia
1189 1578 1236 1609 ita
1253 1576 1475 1612 fabricantur,
1491 1582 1528 1608 ut
1546 1577 1637 1608 omni

939 1633 1093 1669 exparte
1110 1628 1312 1667 compagine
1325 1627 1529 1668 tabularum,
1546 1628 1635 1658 01011-

939 1688 983 1708 sae
1012 1678 1093 1715 siut,
1123 1687 1163 1708 ne
1197 1683 1374 1717 aspectum
1412 1676 1454 1707 ad
1485 1677 1636 1718 corporis

940 1728 1085 1768 aliquam
1121 1733 1254 1767 partem
1293 1726 1500 1758 admittant?
1558 1727 1636 1758 Hoc

939 1778 1111 1818 egregium
1138 1778 1246 1809 Servii
1275 1777 1513 1817 fragmentum,
1542 1782 1578 1808 ut
1601 1782 1637 1809 et

940 1830 1022 1860 alias
1046 1829 1120 1869 ejus
1145 1828 1366 1860 Grammatici
1390 1829 1561 1869 reliquias,
1577 1828 1636 1859 de-

940 1878 1057 1910 bemus
1073 1878 1202 1918 optimo
1219 1883 1254 1909 et
1277 1878 1507 1910 eruditissimo
1529 1879 1637 1910 amico

939 1933 1056 1960 nostro
1073 1928 1113 1958 P.
1130 1928 1280 1967 Danieli,
1296 1928 1330 1961 J.
1345 1928 1382 1959 C.
1397 1938 1439 1959 ex
1455 1930 1553 1970 cujus
1570 1928 1637 1960 loci

938 1980 1111 2012 seutentIa
1134 1980 1183 2010 ita
1205 1981 1316 2010 locum
1338 1980 1454 2020 Gellii,
1471 1981 1528 2022 qui
1552 1991 1637 2011 sem-

942 2040 1004 2071 per
1020 2031 1144 2072 alioqui
1165 2040 1337 2071 nuuquam
1361 2041 1427 2062 non
1459 2031 1537 2062 mihi
1566 2041 1637 2062 5115-

941 2087 1061 2123 pectus
1078 2081 1156 2117 fnit,
1173 2081 1361 2113 emendavi.
1383 2082 1452 2113 Jos.
1467 2081 1552 2112 Scaz.

984 2131 1178 2172 Inarculum]
1205 2131 1364 2162 Arculum
1385 2135 1482 2162 vocat
1499 2131 1637 2162 Servius

940 2192 990 2214 1v.
1007 2182 1140 2213 AEneid.
1158 2187 1166 2200 ‘
1180 2181 1380 2217 Praeterea‚’
1404 2181 1524 2222 inquit,
1539 2183 1548 2198 ‘
1564 2182 1638 2213 Fla-

940 2233 1096 2264 minicam
1121 2232 1244 2263 habere
1263 2231 1461 2272 praecipitur
1476 2231 1638 2270 arculum,

942 2283 1060 2322 1100111,
1082 2286 1296 2321 venenatum,
1315 2281 1463 2312 fibulam.
1510 2282 1564 2312 De
1584 2290 1638 2312 ve·

941 2338 1069 2364 nenato
1096 2333 1224 2364 dictum
1252 2337 1316 2363 est.
1366 2331 1528 2363 Arculum
1559 2341 1638 2362 vero

943 2386 996 2413 est
1012 2383 1107 2422 virga
1123 2391 1166 2412 ex
1183 2382 1271 2412 malo
1289 2381 1419 2412 Punica
1442 2382 1638 2414 incurvata:

943 2443 1019 2474 quae
1037 2432 1075 2463 fit
1091 2431 1184 2473 quasi
1202 2441 1336 2466 corona,
1360 2437 1395 2463 et
1411 2432 1477 2462 ima
1495 2442 1639 2463 summa·

943 2493 1009 2525 que
1034 2483 1124 2514 inter
1148 2492 1182 2513 se
1208 2484 1368 2523 alligatur
1391 2483 1523 2515 vinculo
1540 2485 1638 2515 laneo

944 2534 1033 2573 albo,
1049 2543 1145 2573 quam
1162 2533 1194 2563 in
1211 2532 1385 2564 sacrificiis
1400 2534 1505 2565 certis
1524 2535 1638 2574 regina

942 2584 976 2615 in
992 2584 1106 2624 capite
1123 2583 1279 2616 habebat.
1324 2584 1509 2616 Flaminica
1526 2590 1638 2616 autem

943 2635 1055 2666 Dialis
1078 2634 1168 2665 omni
1193 2634 1439 2667 sacrificatione
1460 2636 1509 2668 uti
1536 2636 1638 2668 debe-

945 2684 1027 2715 bat!
1053 2685 1133 2716 Dae.

987 2740 1003 2762 ἕ
1020 2734 1195 2776 Incalanto]
1211 2737 1297 2777 Calo,
1315 2747 1400 2769 voco
1416 2747 1434 2769 a
1447 2738 1544 2776 καλῶ,
1560 2738 1637 2768 inde

813 2790 923 2829 Pomp.
943 2789 1029 2821 Fest.
1520 2791 1552 2822 X
