1835 2906
172 141 256 183 234

175 246 408 293 Electabo,
442 243 612 284 eliciam
621 248 648 281 ,⁶¹

618 147 768 178 SEXTr
801 145 1005 176 POMPEII
1039 144 1177 174 FESTt

178 314 342 355 Elicesr
361 311 472 352 sulci
489 310 676 365 aquarii,
693 322 769 363 per
786 321 898 362 quos
913 319 1028 361 aqua
1048 305 1236 347 collecta
1256 305 1453 347 educitur
1470 318 1493 346 e
1513 306 1621 363 liris.

177 382 406 433 Elinguem
422 384 434 401 ⁵
461 379 555 420 sine
576 379 741 431 lingua.

177 448 326 489 Elixat
346 460 372 487 a
392 447 563 500 liquore
583 445 716 486 dicta.

178 516 361 557 Elucum
377 519 395 536 ¹¹
416 513 633 567 significat
653 511 925 564 languidum,
947 522 1000 550 ac
1022 507 1352 555 semisomnum,
1374 505 1461 555 vel,
1482 508 1532 545 ut
1552 505 1627 545 alii

233 584 402 632 volunt,
427 582 777 629 allucinatorem,
800 584 841 619 et
859 589 1073 630 nugarum
1109 578 1363 623 amatorem,
1386 574 1481 613 sive
1509 572 1631 612 halo-

235 665 348 700 nem,
370 650 414 690 id
437 654 518 698 est,
537 649 740 689 hesterno
768 647 873 687 vino
895 645 1190 697 languentem,
1214 655 1344 695 quem
1376 639 1485 680 ἕωλον
1511 639 1631 681 voci-

237 723 330 759 tant
354 716 516 758 Graeci.

836 812 975 843 NOTAE

181 889 190 899 ¹·
204 883 290 913 Nam
308 881 356 911 ita
378 884 455 910 sunt
477 879 531 909 hie
553 877 750 908 meretrices
766 885 882 907 omnes

182 931 346 962 elecebrae
378 927 604 968 argentariae.'
648 927 760 967 Vulgo
782 927 883 957 illece-

183 983 246 1013 broe
261 980 450 1020 argentariae
467 978 599 1018 legitur.
624 977 693 1007 JOS.
710 977 797 1007 Scal.

224 1029 397 1070 Elecebrae]
417 1028 572 1069 Respicit
586 1026 627 1057 ad
640 1027 749 1057 locum
763 1026 882 1058 Plauti

184 1082 352 1113 Menaech.
374 1088 417 1111 11.
443 1082 474 1110 3.
511 1078 623 1109 ‘Nam
652 1077 699 1108 ita
726 1083 802 1109 sunt
827 1077 881 1108 hic

183 1133 378 1164 meretrices
402 1140 516 1161 omnes
539 1128 706 1160 elecebrae
727 1133 885 1169 argenta·

184 1183 266 1215 riae!
290 1184 369 1214 Dae.

228 1240 242 1260 ἢ
267 1232 426 1271 Electum,
442 1231 577 1272 eliciam]
601 1232 715 1263 Plaut.
733 1229 828 1261 Asin.
842 1238 886 1260 11.

186 1287 218 1315 2.
234 1286 243 1300 ⁶
259 1283 345 1315 Quae
363 1283 457 1314 istaec
472 1284 589 1323 praeda
602 1282 680 1314 est?
698 1282 753 1312 ibo
768 1281 888 1311 advor-

187 1344 258 1365 sum
288 1339 390 1375 atque
418 1333 573 1364 electabo
601 1331 777 1372 Quidquid
809 1330 890 1362 est.'

188 1384 277 1415 Vide
294 1385 302 1401 ‘
317 1383 444 1415 adlicit'
459 1388 493 1414 et
511 1383 519 1399 ‘
534 1382 637 1414 lacit.’
662 1383 760 1412 Idem.

231 1440 242 1455 Γ
265 1434 384 1474 Elices]
409 1433 640 1465 Glossarium:
673 1437 680 1450 ⁸
697 1432 788 1471 Elix,
815 1429 888 1461 ἄνα.

187 1485 264 1522 πνοὴ
278 1484 416 1524 ὀχετοῦ.’
446 1486 454 1501 ‘
473 1484 673 1519 Elicatores,
688 1480 890 1522 ὑδροσκόποι.’

188 1537 283 1567 Male
301 1540 461 1576 putantur
485 1534 553 1566 dici
581 1533 683 1564 ἕλικες
706 1533 829 1565 Graece
856 1532 889 1563 in

188 1587 247 1618 lib.
267 1596 290 1617 r.
314 1587 360 1617 D.
377 1585 419 1615 de
445 1595 532 1626 aqua
553 1589 589 1615 et
614 1593 709 1624 aquae
736 1584 827 1624 pluv.
856 1582 891 1612 in

189 1636 375 1669 Pandectis
391 1635 609 1666 Florentinis.
655 1634 774 1674 Neque
791 1633 892 1671 enim,

190 1694 227 1719 ut
245 1693 339 1729 puto,
362 1696 508 1727 unquam
535 1686 568 1716 id
590 1685 759 1726 Ulpianus
786 1684 891 1724 scrip·

194 1743 295 1769 serat.
319 1738 390 1768 Jos.
405 1736 489 1767 Scal.

236 1786 355 1825 Elices]
402 1787 455 1817 Ab
483 1785 651 1816 eliciendo
679 1784 783 1816 elices
810 1782 894 1814 dicti

199 1839 283 1869 sulci
307 1846 368 1878 per
394 1846 476 1876 quos
505 1845 592 1876 aqua
615 1845 633 1866 e
665 1835 747 1874 liris,
772 1834 804 1864 id
831 1838 895 1872 est,

199 1890 300 1920 sulcis
315 1887 516 1926 minoribus,
533 1890 631 1916 extra
646 1889 798 1924 segetem
815 1883 893 1915 edu·

196 1940 297 1970 citur.
343 1937 473 1968 Colum.
502 1935 561 1966 lib.
578 1943 619 1966 11.
641 1943 715 1974 cap.
729 1937 760 1965 8.
806 1934 815 1950 ‘
829 1933 897 1965 Sed

193 1987 344 2029 quamvis
376 1985 579 2026 tempestive
618 1983 778 2014 sementis
814 1992 894 2014 con-

194 2037 286 2069 fecta
302 2037 382 2074 erit,
398 2035 571 2066 cavebitur
589 2038 701 2064 tamen
720 2038 757 2064 ut
775 2037 895 2073 paten-

192 2093 243 2119 tes
260 2087 352 2126 liras,
367 2086 572 2126 crebrosque
586 2085 698 2116 sulcos
726 2084 896 2127 aquarios,

195 2147 279 2179 quos
303 2136 456 2168 nonnulli
487 2135 590 2167 elices
628 2138 765 2170 vocant,
791 2133 897 2164 facia-

196 2188 291 2220 mus.’
318 2189 400 2220 Dae.

237 2245 247 2259 ⁵
272 2236 457 2278 Elinguem]
475 2237 523 2268 Ut
537 2236 546 2253 ‘
567 2235 777 2277 Elinguatio,
789 2241 899 2275 ’γλωσ-

197 2288 348 2326 σοτομία.’
372 2290 442 2319 Jos.
461 2287 546 2318 Scal.

241 2338 426 2378 Elinguem]
475 2338 528 2369 Sic
558 2337 659 2379 infra,
696 2336 901 2376 ‘elumbem‚

198 2391 315 2420 avulso
332 2388 465 2420 lumbo.'
501 2389 685 2429 Elinguare
699 2387 786 2419 dixit
799 2388 901 2419 Plau-

200 2446 255 2472 tus
281 2441 425 2479 linguam
454 2439 654 2479 praecidere,
681 2439 796 2470 Aulul.
814 2441 901 2470 11.2.

200 2491 258 2521 ‘Si
288 2490 402 2520 hercle
429 2499 490 2528 ego
518 2495 551 2520 te
575 2499 640 2520 non
665 2490 900 2529 elinguandam

201 2540 329 2572 dedero
348 2548 449 2579 usque
463 2539 504 2569 ab
522 2539 715 2570 radicibus-¹
739 2540 821 2571 Dac.

245 2592 255 2609 ῑ
280 2587 391 2627 Elixa]
415 2589 499 2620 Qua*
528 2588 560 2618 in
584 2598 670 2629 aqua
686 2594 784 2620 cocta
808 2591 897 2628 sunt,

203 2650 220 2670 a
237 2640 364 2680 liquore.
383 2647 481 2678 quem
497 2638 543 2667 lix
560 2638 733 2669 dicebant.
772 2639 811 2669 ld
826 2649 899 2670 sen-

204 2691 246 2721 tit
264 2690 360 2721 Varr.
381 2688 440 2720 lib.
468 2697 518 2720 iv.
543 2687 584 2719 de
611 2689 646 2719 L.
670 2689 708 2720 L.
742 2690 897 2721 ‘Elixum

937 878 989 906 est
1006 884 1024 905 a
1039 873 1171 914 liquore
1189 882 1286 914 aquae
1308 869 1514 903 deductum?
1536 870 1634 902 Idem.

981 930 995 945 ¹¹
1019 923 1164 964 Elucum]
1201 923 1269 954 Pro
1300 922 1372 963 ipso
1407 919 1532 952 affectu
1555 921 1637 950 Ter·

937 974 1097 1006 tullianus
1112 974 1145 1004 in
1163 973 1245 1004 libro
1273 972 1315 1003 de
1336 981 1475 1010 corona,
1491 980 1566 1002 curn
1589 971 1637 1001 ait

936 1025 1000 1056 ‘ab
1025 1025 1123 1055 eluco
1150 1021 1352 1054 defensare.'
1397 1021 1437 1052 Id
1460 1020 1548 1051 cuim
1573 1025 1639 1058 est,

938 1075 998 1106 ἀπὸ
1020 1075 1078 1111 τῆς
1103 1072 1321 1114 ἑωλοκρασίας.
1360 1072 1405 1103 Et
1429 1071 1564 1102 Gellius
1581 1069 1638 1100 lib.

937 1133 1015 1156 xvr.
1042 1134 1119 1164 cap.
1138 1127 1189 1154 12.
1213 1122 1434 1154 ‘tarditatem
1461 1120 1575 1156 animi,
1603 1123 1638 1150 et

937 1181 1123 1216 stuporem,
1158 1174 1214 1215 qui
1242 1171 1526 1203 hallucinantibus
1569 1170 1639 1210 ple-

938 1235 1079 1267 rumque
1095 1235 1155 1255 usu
1174 1223 1287 1255 venit.’
1312 1223 1382 1253 Jos.
1401 1221 1483 1252 Scal.

984 1277 1132 1316 Elucum]
1158 1274 1188 1305 A
1205 1275 1327 1305 Graeco
1343 1271 1453 1310 ἕωλος,
1471 1271 1642 1302 hesternus.

940 1329 1062 1359 Festus
1081 1326 1216 1358 videtur
1240 1325 1409 1355 deducere
1432 1321 1640 1361 transposito

943 1380 954 1409 l
970 1383 1004 1410 et
1022 1377 1138 1410 addito
1154 1388 1182 1415 c,
1199 1377 1247 1407 ita
1265 1381 1302 1406 ut
1319 1375 1346 1405 is
1364 1374 1479 1404 Elucus
1496 1372 1642 1410 dicatur,

944 1429 1001 1470 qui
1029 1429 1189 1459 hesterno
1217 1426 1307 1464 vino,
1338 1423 1502 1455 hesternis
1533 1422 1642 1462 epulis

944 1480 1098 1520 languet,
1113 1476 1200 1509 unde
1218 1481 1254 1508 et
1270 1474 1359 1506 infra
1375 1475 1431 1505 lib.
1450 1482 1533 1504 vnr.
1574 1472 1644 1503 He-

946 1530 1058 1561 lucum
1075 1528 1118 1560 ab
1133 1528 1227 1558 hiatu
1242 1531 1276 1558 et
1293 1525 1494 1557 oscitatione
1515 1523 1644 1554 dictum

947 1579 1079 1611 scribit.
1123 1578 1172 1609 At
1196 1576 1327 1608 Gellius
1355 1575 1413 1605 lib.
1441 1583 1520 1604 xvr.
1545 1582 1576 1605 c.
1594 1575 1646 1603 12.

943 1629 1117 1661 ‘Cloatius
1141 1625 1274 1665 Verus,’
1305 1625 1426 1667 inquit,
1465 1622 1645 1654 ‘alucinari

946 1680 1072 1712 factum
1102 1677 1224 1709 scribit
1254 1686 1297 1707 ex
1325 1685 1367 1707 eo
1398 1673 1487 1715 quod
1522 1672 1647 1704 dicitur

947 1730 1070 1762 Graece
1091 1726 1209 1767 ἀλύειν,
1233 1726 1323 1758 unde
1351 1725 1487 1756 elucum
1513 1733 1647 1765 quoque
1692 1758 1694 1761 7

948 1791 1022 1814 esse
1041 1785 1149 1822 putat,
1165 1791 1184 1811 a
1200 1780 1300 1810 litera
1313 1778 1345 1809 in
1362 1787 1377 1808 e
1390 1785 1565 1815 conversa,
1581 1780 1648 1805 tar-

950 1832 1092 1863 ditatem
1108 1829 1277 1872 quandam
1290 1827 1390 1859 animi
1408 1836 1447 1858 ac
1463 1831 1650 1866 stuporem,

951 1882 1008 1923 qui
1046 1879 1311 1912 allucinantibus
1359 1878 1560 1918 plerumque
1587 1884 1649 1906 usu

952 1931 1066 1964 venit.’
1113 1930 1212 1962 Unde
1227 1928 1417 1969 colligimus
1430 1928 1558 1965 elucum,
1583 1934 1650 1956 non

951 1984 1057 2015 solum
1081 1981 1290 2022 languidum,
1305 1980 1552 2012 semisomnum,
1568 1976 1650 2006 allu-

950 2034 1153 2071 cinatorem,
1179 2032 1251 2062 sive
1274 2030 1428 2060 halonem
1446 2026 1650 2067 significare,

951 2085 1009 2117 sed
1036 2085 1138 2116 etiam
1166 2082 1318 2114 morbum
1344 2081 1398 2111 vel
1425 2078 1582 2110 affectum
1600 2078 1650 2118 ip-

951 2146 1022 2167 sum
1050 2136 1094 2165 ob
1122 2129 1272 2164 hesterni
1308 2130 1377 2161 vini
1415 2128 1651 2169 repletionem,

953 2194 1051 2226 quem
1068 2182 1180 2215 Graeci
1194 2178 1403 2220 ἑωλοκρασίαν
1418 2182 1553 2210 vocant.
1597 2178 1653 2208 Sic

951 2234 1180 2266 Tertullianus
1197 2232 1284 2263 dixit
1308 2232 1316 2248 ‘
1331 2230 1371 2261 ab
1391 2230 1512 2260 heluco
1535 2227 1652 2259 defen—

952 2283 1052 2321 sare‚'
1069 2284 1131 2314 hoc
1145 2276 1259 2318 est,‘ab
1271 2280 1420 2312 hesterni
1435 2279 1501 2310 cibi
1517 2279 1568 2309 vel
1587 2278 1654 2308 vini

953 2334 1148 2376 gravedine.
1193 2333 1243 2363 De
1271 2337 1385 2371 etymo
1412 2335 1525 2361 autem
1554 2329 1654 2360 Festo

954 2387 1066 2426 potius
1078 2384 1256 2422 assentior,
1268 2383 1328 2413 nisi
1346 2382 1439 2412 malis
1450 2382 1567 2411 eiacum
1579 2389 1654 2411 esse

953 2437 1048 2478 quasi
1072 2446 1088 2467 e
1112 2435 1190 2473 luce,
1218 2433 1250 2464 id
1278 2438 1341 2468 est,
1367 2432 1438 2462 sine
1468 2431 1555 2462 luce.
1603 2429 1653 2459 De

954 2484 1166 2518 ‘alucinari.'
1212 2479 1543 2514 Vide‘alucinatio.'
1588 2479 1654 2509 Sed

956 2538 1089 2569 omnino
1108 2537 1227 2566 Elucus
1243 2539 1297 2565 est
1317 2543 1358 2564 ex
1382 2532 1505 2563 Graeco
1527 2528 1656 2567 ἠλυγός.

954 2588 1102 2620 Tardum
1132 2591 1167 2616 et
1192 2585 1350 2616 hebetem
1382 2580 1553 2620 significat
1579 2589 1654 2620 pro-

955 2639 1041 2679 prie,
1069 2636 1122 2667 vel
1155 2634 1350 2665 tarditatem
1390 2639 1428 2661 ac
1468 2635 1656 2669 stuporem,

953 2686 1074 2727 Ἠλυγὰ
1089 2686 1142 2726 ὅρη
1169 2683 1258 2725 apud
1286 2681 1419 2723 poetam
1441 2686 1589 2711 veterem
1617 2679 1655 2710 τὰ
