1835 2906
228 129 313 172 242

669 140 814 172 SEXTI
849 141 1051 172 POMPEH
1088 140 1222 173 FESTI

225 236 474 279 Everriator
483 241 500 258 ⁰
519 241 716 288 vocatur,
730 236 804 292 qui
813 242 1004 291 accepta
1012 237 1110 292 jure
1123 237 1379 279 haereditate
1385 237 1511 292 justa
1524 238 1664 280 facere

281 303 486 346 defuncto
506 306 636 348 debet
653 317 664 348 ε
685 311 808 361 quae¹
832 306 869 347 si
886 319 972 348 non
986 305 1150 356 fecerit,
1167 318 1246 347 seu
1263 306 1369 360 quid
1386 307 1428 347 in
1446 318 1499 347 ea
1519 319 1562 347 re
1578 311 1668 347 tur-

279 373 465 423 baverit,
495 387 574 415 suo
605 376 753 429 capite
781 375 902 416 luat:
934 375 980 416 id
1009 387 1168 416 nomen
1195 370 1372 415 ductum
1393 387 1422 415 a
1441 374 1666 415 verrendo.

281 439 403 481 Nam
433 447 658 483 exverrae²
691 447 793 483 sunt
819 444 1022 496 purgatio
1054 441 1258 496 quaedam
1288 441 1459 491 domus,
1491 454 1549 482 ex
1580 454 1668 495 qua

277 511 474 549 mortuus
495 508 550 549 ad
570 510 838 563 sepulturam
858 510 1056 551 ferendus
1086 513 1169 558 est,
1196 521 1295 562 quae
1316 508 1365 548 fit
1384 521 1461 562 per
1480 508 1668 548 everria-

279 578 418 615 torem
437 579 558 616 certo
581 589 730 629 genere
750 590 987 631 scoparum
1003 577 1216 628 adhibito,
1238 577 1294 617 ab
1316 581 1443 635 extra
1459 574 1666 617 verrendo

281 640 443 683 dictae.³

222 707 335 749 Eum
354 715 370 739 P
391 710 556 764 antiqui
577 711 784 754 dicebant
801 725 882 765 pro
905 725 1050 754 eorum
1072 727 1082 753 :

220 775 469 830 Europam‘³
496 779 665 819 tertiam
686 779 806 820 orbis
836 785 1005 833 partem
1038 782 1094 821 ab
1123 780 1305 834 Europa
1326 778 1543 833 Agenoris
1575 777 1665 818 filia

826 899 945 910 cccccc

949 898 1065 912 Onu&

262 984 276 1011 1
305 981 371 1013 Alii
388 983 516 1023 qui.——2
540 983 580 1015 In
606 986 683 1016 olim
702 988 834 1018 excusis
861 998 921 1028 pro
946 999 1084 1020 exverroe
1111 988 1235 1029 legitur
1262 988 1471 1019 exrema—3
1497 986 1559 1017 Ed.
1576 986 1666 1017 Scal.

217 1025 383 1056 dictarum.

878 1118 1016 1150 NOTAE

216 1185 393 1227 aliquoties
407 1186 448 1217 ad
464 1188 692 1221 ventilandum
715 1196 912 1224 uterentur:

216 1246 258 1266 an
277 1237 441 1269 Evelatum
457 1247 517 1278 per
541 1250 712 1282 syncopen
739 1253 799 1283 pro
825 1254 915 1275 even-

216 1286 352 1325 tilatum,
383 1293 418 1319 et
453 1289 576 1320 velabra
617 1301 677 1331 pro
712 1293 885 1325 ventilabra
899 1293 915 1326 ?

216 1336 300 1367 nihil
320 1337 410 1368 aliud
437 1339 546 1371 video.
606 1342 670 1372 Sed
693 1344 818 1382 optime
842 1344 914 1375 Sal-

217 1396 299 1419 mas.
325 1386 358 1418 in
384 1387 485 1418 Solin.
503 1389 680 1429 legendum
698 1392 815 1424 docuit
831 1395 913 1425 eval-

215 1437 324 1476 latum,
358 1438 569 1479 eventilatum,
597 1442 676 1471 unde
700 1442 774 1472 valli
794 1443 916 1483 quibus,

215 1488 268 1526 ᾅτ.
328 1487 359 1518 Α
404 1498 522 1519 vannus
567 1489 767 1523 diminutive
805 1495 914 1529 vallus,

215 1536 306 1567 unde
341 1538 475 1568 evallnre
523 1548 584 1579 pro
621 1549 784 1581 evannare,
824 1543 914 1574 foras

215 1587 354 1627 ejicere.
401 1588 543 1620 Frustra
577 1595 656 1622 sunt
679 1591 915 1629 Grammatici,

214 1637 270 1677 qui
286 1647 304 1668 a
316 1638 403 1668 vallo
417 1642 605 1670 castrorum
620 1640 808 1674 deducunt.
829 1643 915 1676 Inde

213 1686 420 1725 evullefucere.
458 1688 546 1719 Vide
562 1690 570 1706 ‘
584 1691 736 1723 vanescit
750 1692 758 1705 '
775 1698 810 1724 et
826 1695 835 1710 ‘
848 1695 915 1725 val-

215 1737 307 1767 voli.'
331 1737 412 1769 Dae.

257 1791 271 1806 ⁰
288 1787 489 1828 Everriator]
507 1788 561 1820 Ab
577 1794 755 1834 everrenda,
769 1804 915 1834 purgan-

215 1837 269 1873 do,
297 1838 483 1877 everriator,
501 1850 651 1881 exverroe,
667 1843 720 1873 vel
747 1847 913 1877 exverriae.

214 1887 322 1918 Erant
346 1892 457 1919 autem
486 1891 637 1921 exverrz‘oe
669 1890 778 1924 februi
798 1904 914 1934 genus

214 1947 280 1978 quo
312 1937 505 1978 purgabant
534 1937 719 1972 familiam:
739 1943 835 1982 justa
863 1944 912 1975 fa-

214 1987 343 2018 cientes
359 1987 400 2018 ad
419 1988 575 2028 digitum,
591 2000 689 2032 quem
706 1999 838 2024 mortuo
857 1997 913 2026 ab-

214 2037 387 2067 sciderant
404 2043 584 2079 antequam
607 2040 769 2082 reliquum
788 2053 911 2085 corpus

214 2087 484 2119 combureretur.
519 2088 560 2120 In
588 2090 666 2121 olim
692 2093 825 2124 excusis
852 2104 913 2134 pro

213 2147 354 2168 exverroe
379 2139 505 2178 legitur
519 2144 669 2180 επεν-ιω,
687 2142 774 2182 quod
794 2144 913 2183 probat

215 2188 386 2219 Meursius
404 2198 465 2229 pro
481 2199 629 2229 exversoe,
643 2191 663 2221 i.
679 2194 911 2233 exversiones,

215 2249 298 2279 quas
315 2239 386 2270 fieri
404 2241 504 2271 etiam
526 2242 559 2272 in
584 2242 712 2274 aedibus
731 2254 911 2286 puerpera-

215 2298 287 2319 rum
314 2291 446 2322 notavit
469 2301 510 2322 ex
535 2291 726 2333 Augustino
753 2295 795 2326 de
819 2297 912 2328 civit.

215 2339 261 2368 D.
279 2339 336 2369 lib.
353 2350 404 2372 vi.
421 2351 497 2381 cap.
512 2345 544 2373 9.
569 2343 668 2376 Idem.

257 2392 272 2412 Ρ
299 2389 394 2428 Eum]
417 2392 465 2422 Ut
491 2391 500 2407 ‘
517 2392 708 2424 dominum'
737 2405 799 2435 pro
825 2397 834 2413 ‘
853 2397 912 2428 do-

214 2438 404 2479 minorum‚'
435 2447 468 2472 et
496 2453 596 2483 supra
621 2444 630 2461 ‘
649 2445 912 2488 Cistopltorum‚'

215 2487 225 2503 ‘
244 2488 540 2527 Cistophorornm!
597 2494 717 2536 Neque
742 2500 854 2527 tamen
877 2498 911 2528 id

215 2539 460 2578 contractione,
482 2548 519 2572 ut
543 2544 659 2575 volunt
677 2546 910 2584 Grammatici,

216 2587 276 2618 sed
299 2587 431 2620 Graecae
456 2589 611 2626 flexionis
638 2596 828 2629 imitatione
843 2597 908 2630 fac-

217 2643 288 2669 tum
305 2644 370 2670 est.
394 2640 492 2673 Idem.

258 2694 273 2715 ‘1
298 2689 469 2732 Europum]
500 2693 705 2735 Legendum,
732 2703 761 2729 et
791 2710 907 2742 navem,

968 1204 1035 1233 quae
1056 1194 1148 1224 Jovis
1162 1195 1291 1224 tutelam
1311 1192 1413 1234 effigie
1438 1190 1533 1222 Tauri
1556 1188 1665 1221 habue-

968 1245 1031 1276 rit:
1055 1250 1184 1284 notum,
1216 1244 1296 1284 quid
1326 1243 1369 1273 sit
1394 1243 1492 1273 tutela
1510 1242 1543 1272 in
1569 1249 1667 1271 nave.

968 1295 1075 1327 Vetus
1093 1294 1304 1325 Glossarium
1320 1303 1329 1324 :
1350 1294 1359 1310 ‘
1376 1292 1513 1330 Tutela,
1527 1289 1665 1330 παράση-

967 1357 1025 1384 μον
1053 1346 1110 1377 τοῦ
1138 1344 1273 1376 malou!
1316 1344 1458 1374 Tutelas
1486 1342 1620 1373 navium
1648 1350 1667 1371 a

968 1395 1185 1426 Phoenicibus
1197 1393 1364 1425 παταίκους
1377 1393 1456 1431 dici,
1467 1395 1585 1422 auctor
1597 1390 1668 1421 He·

969 1445 1129 1483 rodotus;
1152 1445 1215 1475 hoc
1240 1448 1304 1480 est,
1328 1443 1520 1479 caelatur-225,
1543 1439 1593 1470 καὶ
1616 1440 1665 1470 ἐκ·

968 1495 1129 1527 τυπώσεις.
1157 1494 1224 1528 Qui
1242 1492 1414 1525 Hebraice
1431 1491 1510 1529 scit,
1527 1499 1592 1521 non
1610 1499 1666 1520 ne·

970 1547 1064 1586 gabit
1100 1555 1216 1577 verum
1254 1553 1341 1583 esse,
1376 1541 1466 1583 quod
1502 1541 1666 1579 dicimus;

970 1606 1044 1628 nam
1079 1605 1179 1627 nemo
1216 1595 1317 1636 paulo
1353 1592 1487 1624 doctior
1529 1591 1666 1622 dubitat

969 1647 1145 1678 Phoenices
1156 1645 1328 1678 Hebraice
1340 1644 1483 1676 locutos.
1499 1643 1570 1673 Jos.
1582 1642 1666 1673 Scal.

1012 1696 1185 1737 Europum]
1211 1696 1354 1726 Veteres
1376 1693 1433 1724 alii
1453 1693 1486 1723 in
1504 1697 1572 1723 tres
1589 1701 1665 1732 par-

970 1751 1035 1785 tes,
1050 1747 1083 1777 in
1105 1746 1187 1777 duas
1204 1744 1260 1776 alii
1277 1749 1383 1774 totum
1402 1741 1517 1773 orbem
1537 1740 1665 1771 divide-

970 1797 1063 1828 bant.
1096 1797 1235 1828 Sallust.
1249 1794 1411 1835 Jugurtli.
1430 1797 1438 1810 ‘
1452 1792 1492 1823 In
1503 1791 1666 1823 divisione

968 1848 1058 1878 orbis
1082 1853 1183 1879 terrae
1207 1846 1362 1887 plerique
1387 1844 1418 1874 in
1445 1846 1542 1883 parte
1562 1842 1666 1873 tertia

970 1897 1118 1928 Africam
1137 1905 1293 1938 posuere,
1310 1894 1407 1935 pauci
1432 1892 1666 1924 tantummodo

969 1946 1082 1977 Asiam
1099 1952 1135 1978 et
1151 1947 1321 1987 Europam
1335 1954 1421 1982 esse,
1436 1942 1494 1975 sed
1512 1941 1664 1974 Africam

967 1997 1000 2027 in
1020 1996 1179 2037 Europa!
1224 1996 1323 2027 Varr.
1349 1995 1391 2025 de
1415 1994 1454 2025 L.
1476 1995 1513 2026 L.
1539 1993 1596 2025 lib.
1615 2001 1665 2023 tv.

968 2052 976 2066 ‘
992 2049 1096 2080 Terra
1112 2049 1147 2080 in
1164 2048 1279 2080 Asiam
1305 2051 1340 2078 et
1363 2048 1531 2085 Europam
1547 2055 1557 2082 ;
1582 2043 1664 2075 Asia

967 2100 1055 2130 enim
1075 2100 1170 2139 jacet
1187 2099 1228 2129 ad
1245 2097 1425 2128 Meridiem
1442 2100 1477 2126 et
1491 2094 1665 2132 Austrum,

969 2146 1104 2189 Europa
1122 2148 1162 2180 ad
1191 2147 1475 2188 Septemtrionem
1502 2149 1536 2176 et
1558 2144 1663 2184 Aqui-

966 2198 1101 2230 Ionem!
1157 2198 1223 2229 Ubi
1257 2196 1440 2228 notandum
1474 2195 1664 2225 Varronem

968 2247 1122 2280 Africam
1139 2248 1172 2279 in
1190 2248 1270 2279 Asia
1287 2255 1423 2287 ponere,
1440 2248 1558 2276 contra
1573 2243 1662 2284 quod

968 2308 1071 2339 supra
1083 2299 1222 2330 Sallust.
1268 2299 1319 2329 De
1335 2298 1398 2329 hac
1423 2300 1596 2337 postrema
1613 2293 1663 2324 di-

968 2348 1095 2379 visione
1125 2347 1366 2389 intelligendus
1400 2346 1493 2377 locus
1528 2343 1663 2375 Horatii

969 2398 1036 2429 Od.
1054 2402 1107 2429 27.
1132 2398 1190 2429 lib.
1209 2407 1264 2429 ιιι.
1300 2397 1309 2413 ‘
1325 2397 1402 2427 Tua
1430 2399 1543 2426 sectus
1571 2393 1662 2424 orbis

968 2450 1115 2482 Nomina
1132 2449 1256 2481 ducet.’
1300 2448 1310 2465 ‘
1326 2445 1474 2486 Sectus,’
1496 2446 1517 2476 i.
1532 2445 1658 2476 divisus

967 2500 998 2531 in
1016 2500 1098 2531 duas
1117 2506 1244 2541 partes.
1290 2499 1435 2538 Europae
1465 2501 1577 2527 autem
1605 2505 1661 2524 no-

966 2561 1042 2582 men
1070 2561 1142 2582 esse
1169 2551 1212 2582 ab
1240 2551 1375 2590 Europa
1401 2546 1565 2587 Agenoris
1591 2546 1661 2576 filia

965 2603 1148 2642 scriptores
1165 2601 1237 2632 fere
1254 2609 1368 2631 ornnes
1387 2598 1534 2630 tradunt.
1573 2596 1659 2626 Vide

966 2657 1077 2683 tamen
1103 2652 1256 2684 Eustath.
1273 2650 1306 2681 in
1323 2649 1464 2689 Dionys,
1508 2647 1574 2677 Sed
1603 2656 1658 2677 ve-

965 2711 1035 2733 rum
1061 2707 1112 2733 est
1136 2702 1279 2742 Europae
1306 2709 1426 2731 nomen
1444 2697 1657 2729 Phoenteibna
