1835 2906
348 172 410 201 DE
446 170 715 202 VERBORUM
752 170 1169 201 SIGNIFICATIONE
1203 173 1297 203 [ΑΒ.
1334 175 1408 204 111.

1525 165 1607 206 ‘207

216 268 414 309 manibus
451 267 669 317 conficiat,
695 267 858 321 quibus
885 267 1083 320 partibus
1111 270 1306 321 corporis
1342 271 1418 323 qui
1458 278 1610 311 carent

218 336 349 375 κυλλοὶ
378 339 613 378 vocantur:
646 335 835 389 ideoque
857 334 1120 388 quadratum
1145 349 1243 377 eum
1276 336 1456 389 fingunt.

1519 338 1609 379 Alii

217 404 373 444 volunt
400 403 465 444 sic
494 403 776 457 appellatum,
798 401 913 456 quod
933 403 976 442 in
999 401 1203 456 Cyllenia
1224 404 1296 445 via
1314 408 1346 427 ¹²
1362 403 1374 426 f
1402 407 1459 447 sit
1479 408 1610 448 nutri-

218 477 302 511 tus.

362 471 454 511 Alii
476 471 593 525 quod
617 472 660 512 in
681 475 828 511 monte
850 468 1060 512 Arcadiae
1081 470 1274 524 Cyllene.

1332 472 1426 514 Alii
1443 476 1560 527 quod
1584 489 1611 517 a

218 536 398 591 Cyllene
418 538 476 578 sit
493 537 690 592 nympha
711 537 941 578 educatus.

161 605 376 660 Cymbam
392 611 407 634 g
439 605 590 647 Graeci
609 605 832 659 appellant
849 603 1008 657 κύμβην.

163 671 424 726 Cymbiumh
455 672 604 727 poculi
632 685 769 726 genus
801 686 827 714 a
856 672 1144 714 similitudine
1171 675 1314 726 navis,
1337 689 1436 729 quae
1456 676 1613 719 dicitur

217 741 387 794 cymba,
410 740 700 794 appellatum.

164 807 383 861 Cynthius
407 807 572 860 Apollo
596 820 622 848 a
644 806 815 862 Cyntho
838 807 936 850 Celi
958 814 1106 851 monte
1130 815 1327 852 vocatus.

161 873 437 929 Cyparissaei
469 875 746 929 appellantur
778 877 898 917 acies
935 877 1135 930 quaedam
1172 879 1328 931 igneae,
1360 893 1459 933 quae
1481 886 1611 922 noctu

220 956 436 997 apparere
459 943 601 984 soient
623 942 679 983 ad
701 943 1033 985 similitudinem
1055 948 1275 999 cupressi.

163 1010 436 1066 Cyparissiae
459 1010 658 1052 dicuntur
678 1011 798 1064 ignes
820 1012 1067 1067 prodigiosi
1089 1027 1116 1054 a
1133 1014 1420 1056 similitudine
1437 1029 1615 1070 cypres-

221 1092 383 1120 SOl'Uffl.

165 1143 359 1201 Cypriak
386 1145 555 1196 Venus,
579 1147 696 1200 quod
719 1148 758 1188 ci
780 1148 969 1201 primum
986 1148 1033 1189 in
1046 1147 1217 1203 Cypr0¹
1239 1150 1385 1191 insula
1405 1152 1615 1206 templum

221 1215 278 1256 sit
313 1213 624 1255 constitutum:
660 1215 733 1256 vel
769 1217 876 1269 quia
909 1217 1179 1270 parientibus
1212 1218 1464 1271 praesideat,
1497 1220 1616 1273 quod

220 1280 380 1322 Graece
403 1279 497 1321 κύειν
516 1295 666 1336 parere
690 1284 762 1325 sit.

164 1348 327 1403 Cyprio
349 1350 490 1391 bovim
512 1351 779 1402 merendam,
801 1351 966 1393 Ennius
988 1352 1189 1393 sotadico
1213 1365 1342 1394 versu
1365 1366 1464 1394 cum
1486 1354 1617 1405 dixit.

774 1459 893 1472 eeeeee

897 1460 1013 1472 oooooo

208 1523 246 1552 12
270 1521 419 1563 Conjicit
437 1524 524 1555 Dae.
545 1526 670 1567 Cyllene
685 1527 753 1558 ‘vico
771 1528 822 1559 vel
843 1529 983 1569 Cyllenio
1000 1530 1076 1560 vico.

821 1639 852 1670 N
859 1639 965 1672 0¹1¹AE

167 1717 249 1739 vni.
268 1710 399 1741 AEneid.
416 1712 544 1744 ‘Vobis
561 1713 751 1745 Mercurius
769 1720 868 1755 pater

167 1764 230 1798 est,
246 1769 345 1799 quem
363 1762 509 1792 candida
526 1763 618 1793 Maia
635 1764 794 1803 Cyllenes
810 1774 866 1804 ge-

167 1809 236 1840 lido
261 1817 462 1851 conceptum
490 1814 621 1844 vertice
647 1812 761 1845 fudit.’
804 1816 866 1845 Ta-

167 1868 244 1889 men
274 1860 301 1890 si
340 1860 573 1893 Graeculorum
612 1872 703 1894 amas
741 1864 867 1895 somnia

168 1909 245 1939 vide
272 1910 429 1942 Eustath.
456 1912 489 1942 in
516 1912 656 1945 Homer.
684 1923 717 1954 p.
742 1916 816 1945 300.
832 1920 867 1946 et

168 1961 263 1989 1951.
289 1959 388 1991 Idem.

210 2008 221 2029 s
237 2010 378 2050 Cyllenia
392 2011 459 2052 via]
482 2013 536 2044 Ad
555 2014 640 2045 hanc
656 2014 743 2046 viam
760 2016 867 2046 inves-

170 2060 341 2099 tigandam
359 2062 483 2093 nullam
501 2064 655 2096 invenire
677 2066 764 2097 viam
792 2076 866 2106 pos·

169 2119 254 2141 sum.
307 2111 435 2143 Forsan
462 2114 714 2147 rescribendum
742 2117 868 2158 Cyllene

170 2162 234 2192 vico
251 2163 304 2193 vel
324 2164 463 2204 Cyllenio
478 2166 556 2198 vico.
579 2166 689 2200 Idem.

211 2217 227 2239 g
253 2213 417 2254 Cymbam]
450 2215 587 2257 Navigii
615 2227 743 2257 genus:
770 2219 867 2260 Virg.

169 2262 336 2294 ‘Gemuit
365 2264 426 2295 sub
458 2266 608 2306 pondere
636 2267 782 2307 cymba-³
838 2271 868 2300 A

172 2312 296 2343 Graeco
311 2313 426 2353 κύμβη,
441 2316 529 2357 quod
546 2317 619 2349 νεὼς
635 2316 712 2350 εἶδος
727 2320 870 2360 exponit

173 2362 327 2402 Hesych.
352 2365 449 2397 Idem.

216 2412 231 2432 *¹
257 2413 435 2455 Cymbz'um]
460 2415 624 2449 Poculum
643 2419 731 2459 quod
751 2419 783 2450 in
800 2430 869 2451 mo-

173 2462 250 2493 dum
278 2464 408 2504 cymboe
434 2464 575 2497 factum.
620 2469 717 2509 Virg.
740 2479 773 2500 v.
796 2471 870 2502 AEn.

173 2518 180 2529 ¹
197 2513 406 2554 Cymbiaque
424 2520 567 2555 argento
594 2517 748 2557 perfecta
771 2526 872 2561 atque

174 2572 296 2602 aspera
311 2564 437 2604 signis.’
459 2565 556 2596 Idem.

216 2612 224 2632 i
249 2613 440 2656 Cyparissoe]
467 2615 693 2656 Cuparisseae,
720 2622 754 2648 et
770 2627 873 2658 cupa·

176 2662 296 2703 rissiae‚
312 2669 347 2695 et
363 2666 558 2706 cnpai-issae,
576 2666 670 2706 ignes
683 2669 737 2709 qui
756 2669 788 2699 in
805 2679 872 2700 mo-

177 2712 255 2744 durn
282 2716 434 2755 cypressi
468 2723 650 2756 apparent.
698 2718 784 2749 Nam
812 2728 873 2759 pro

921 1725 1093 1756 cupressuS,
1144 1716 1321 1757 cuparissus
1373 1717 1551 1749 dicebatur
1603 1728 1622 1748 a

923 1766 1046 1797 Graeco
1059 1765 1257 1806 κυπάρισσος.
1281 1768 1401 1809 Virgil.
1413 1770 1421 1785 ‘
1434 1769 1506 1799 Nec
1520 1769 1622 1800 Idaeis

921 1816 1126 1856 enparissis!
1173 1818 1269 1849 Idem.

964 1864 979 1885 k
1005 1866 1139 1906 Cypria]
1163 1867 1283 1907 Cypris
1308 1871 1344 1898 et
1374 1867 1501 1908 Cypria
1531 1869 1623 1900 dieta

921 1915 1035 1946 Venus
1060 1926 1080 1947 a
1105 1916 1220 1956 Cypro
1248 1917 1370 1957 insula,
1396 1927 1461 1948 non
1487 1929 1505 1949 a
1528 1919 1623 1958 κύειν,

921 1975 1114 2006 quanquam
1136 1965 1226 1997 idern
1250 1967 1371 2007 aliquis
1399 1969 1543 1999 senserit
1567 1970 1624 2009 qui

921 2018 992 2049 ait:
1032 2017 1161 2059 Κύπρις,
1177 2018 1318 2060 κύοπορίς
1339 2031 1384 2050 τις
1407 2017 1497 2059 οὖσα,
1519 2020 1559 2050 ὡς
1588 2019 1625 2049 τὸ

922 2066 1005 2098 κύειν
1021 2067 1211 2108 παρέχουσα,
1226 2070 1246 2099 i.
1264 2071 1272 2086 ‘
1285 2070 1420 2110 Cypris,
1433 2071 1528 2111 quasi
1546 2079 1624 2110 cyo-

922 2119 1026 2159 poris,
1043 2121 1139 2160 quasi
1167 2129 1290 2160 parere
1318 2119 1444 2155 faciat,'
1470 2121 1561 2161 quod
1586 2125 1622 2151 et

921 2169 1011 2209 apud
1030 2170 1186 2201 Eustath.
1203 2171 1316 2210 legere
1333 2176 1398 2201 est.
1444 2171 1541 2201 Idem.

973 2219 980 2240 ¹
999 2221 1089 2256 Quod
1104 2221 1133 2251 ei
1143 2221 1276 2261 primum
1293 2222 1326 2251 in
1345 2222 1464 2263 Cypro]
1498 2222 1624 2253 Verum

925 2275 976 2302 est
995 2271 1140 2311 primum
1157 2271 1284 2302 Veneri
1314 2272 1476 2312 tempium
1500 2274 1624 2303 consti-

925 2325 1035 2352 tutum
1049 2320 1151 2351 fuisse
1168 2321 1201 2350 in
1217 2320 1378 2360 Cythera.
1404 2321 1449 2352 Et
1463 2321 1524 2352 hoc
1541 2322 1623 2352 iliud

924 2376 989 2409 est,
1007 2371 1096 2412 quod
1115 2371 1166 2400 iiic
1182 2371 1321 2401 Festum
1335 2369 1479 2402 fefellit:
1498 2371 1624 2412 Cythe-

926 2429 997 2450 ram
1023 2420 1112 2451 enim
1134 2421 1186 2450 hic
1208 2420 1314 2460 Cypri
1339 2420 1456 2452 urbem
1481 2422 1626 2462 putavit.

927 2480 1001 2511 quae
1020 2480 1056 2501 re
1086 2480 1163 2501 vera
1183 2476 1236 2502 est
1264 2471 1493 2512 Peloponnesi
1518 2472 1626 2503 insuia

928 2521 961 2551 in
989 2520 1062 2550 sinu
1089 2520 1270 2561 Lacon1co,
1295 2521 1352 2551 ubi
1385 2522 1514 2553 Veneri
1541 2527 1624 2553 tem-

926 2570 1019 2609 plum
1037 2569 1136 2609 primi
1149 2570 1304 2601 dicarunt
1320 2570 1512 2604 Phoenices.
1535 2573 1624 2603 vide

928 2619 1077 2651 Pausan.
1092 2620 1126 2650 in
1144 2621 1331 2653 Laconicis.
1353 2621 1451 2654 Idem.

970 2675 993 2690 ¹1¹
1018 2670 1134 2711 Cyprio
1150 2670 1233 2712 bovi]
1264 2671 1441 2704 videndus
1459 2673 1585 2704 Plinius
1603 2674 1624 2705 i.

929 2728 1040 2753 xxul.
1054 2730 1085 2752 c.
1109 2723 1161 2753 20.
1181 2721 1251 2753 Fut.
1272 2722 1380 2754 Ursin.
