1835 2906
194 98 278 142 120

633 107 781 137 SEXTI
821 107 1017 137 ΡΟΜΡΕΙΙ
1055 106 1189 138 FESTI

195 203 419 245 Brutianae
453 201 640 257 parmae¹
673 202 927 244 dicebantur
963 205 1107 252 scuta,
1129 201 1293 255 quibus
1316 202 1513 243 Brutiani
1535 207 1636 244 sunt

251 271 337 311 usi.

194 338 433 379 Brutianim
475 338 747 388 dicebantur,
790 338 864 391 qui
903 337 1051 379 officia
1092 337 1269 378 servilia
1309 336 1636 390 magistratibus

249 407 539 459 praestabant:
571 420 624 447 eo
656 405 775 460 quod
810 405 855 446 hi
885 407 1070 459 primum
1103 418 1151 445 se
1181 404 1423 446 Hannibali
1445 404 1635 446 tradide-

251 478 367 525 rant;
391 478 433 515 et
453 488 550 515 cum
571 487 623 516 eo
644 477 1044 528 perseveraverunt,
1066 472 1309 526 usquedum
1330 472 1559 513 recederet
1579 472 1634 512 de

252 542 401 583 Italia.

197 611 377 651 Brutum
391 615 408 631 ¹¹
443 609 608 663 antiqui
632 622 807 662 gravem
827 609 1042 650 dicebant.

194 679 463 720 BUBINARE
477 683 493 700 ⁰
534 680 601 718 est
640 681 860 717 menstruo
894 677 1126 718 mulierum
1158 674 1367 727 sanguine
1400 674 1636 728 inquinari.

250 746 472 787 Lucilius:
506 745 638 794 Haec,
666 745 820 798 inquit,
841 750 883 786 te
905 743 1164 793 imbubinat‚
1181 748 1224 784 et
1245 748 1401 784 contra
1422 747 1466 784 te
1481 742 1640 783 imbul-

249 815 377 855 bitat.

437 812 723 855 Imbulbitare
745 817 816 852 est
837 812 999 865 puerili
1023 815 1212 852 stercore
1239 810 1471 864 inquinari.

1531 809 1639 851 Dic-

252 887 342 923 tum
363 893 420 923 ex
441 881 557 932 fimo,
579 879 700 934 quod
721 878 871 921 Graeci
893 878 1128 932 appellant
1149 876 1340 928 βόλβιτον.

847 977 988 1010 NOTAE

194 1057 336 1097 p.1409.
379 1054 571 1094 Stephanus
595 1056 767 1085 auctorem
790 1053 889 1093 hujus

193 1104 409 1146 etymologiae
423 1105 506 1136 citat
516 1104 695 1136 Seleucum
705 1104 737 1134 in
749 1103 889 1135 Glossis.

196 1158 279 1189 Duc.

235 1207 241 1228 ¹
267 1207 433 1239 Brutianoe
452 1206 588 1248 parmoe]
622 1204 710 1236 Vide
734 1205 889 1246 ‘parmu-

192 1258 255 1290 lis.'
272 1259 369 1290 Idem.

236 1315 258 1329 ¹¹¹
278 1306 443 1346 Brutiani]
466 1304 642 1338 Videndus
671 1305 762 1337 Gell.
779 1305 835 1337 lib.
852 1314 886 1336 x.

194 1371 268 1401 cap.
286 1363 317 1391 3.
345 1360 424 1392 Ant.
440 1359 527 1398 Aug.

238 1409 419 1449 Bruttiani]
457 1408 619 1440 Brettiani
653 1414 741 1439 esset
773 1408 887 1448 legen-

194 1461 284 1496 dum,
297 1460 376 1501 quia
387 1469 406 1490 a
418 1458 561 1498 Brutiis,
573 1468 657 1500 quos
672 1459 786 1490 Graeci
798 1463 889 1499 Βρετ-

192 1511 275 1543 τίους
294 1511 426 1550 dicunt,
442 1509 578 1542 ductum
596 1514 650 1541 est
663 1519 803 1541 nomen:
827 1518 890 1540 nec

193 1563 293 1594 aliter
317 1562 443 1593 liabent
458 1561 677 1601 manuscripti
695 1560 771 1592 libri
794 1560 892 1597 Livii,

195 1622 295 1662 quq)
322 1612 454 1644 Brettii.
499 1611 588 1643 Vide
605 1611 646 1643 A.
664 1611 814 1643 Gellium
835 1611 893 1643 lib.

199 1674 232 1695 x.
249 1674 325 1705 cap.
343 1667 374 1697 3.
400 1664 470 1695 Ful.
493 1662 600 1694 Ursin.

240 1714 406 1754 Brutiani]
434 1714 619 1753 Eleganter
636 1717 733 1744 vetus
757 1712 895 1744 Glossa-

196 1767 308 1797 rium:
347 1764 539 1803 ‘Brutiani‚
565 1763 593 1794 οἱ
616 1763 759 1795 δουλικὰς
792 1762 893 1803 τάξεις

196 1814 448 1857 χρεωστοῦντες.’
492 1815 569 1847 Non
593 1815 682 1846 enim
710 1820 809 1847 vocat
825 1814 893 1845 δού-

195 1874 280 1899 λους.
317 1867 383 1897 Eos
407 1864 604 1905 Fulgentius
627 1865 675 1895 ait
698 1866 800 1896 etiam
831 1867 894 1895 Ge-

195 1927 283 1950 mnes
301 1917 422 1948 dictos.
466 1915 745 1956 ‘Congerrones‚'
770 1916 894 1957 inquit,

193 1969 203 1986 ‘
215 1968 271 2009 qui
289 1968 399 1998 aliena
416 1965 457 1997 ad
474 1975 510 1997 se
527 1965 761 2005 congregant.’
794 1966 894 1997 Unde

198 2018 288 2060 apud
306 2019 474 2049 Romanos
493 2017 631 2047 Gerones
648 2017 805 2048 Brutiani
824 2016 895 2047 dic-

197 2069 234 2100 ti.
281 2067 380 2101 Quod
399 2077 513 2098 verum
531 2072 594 2098 est.
642 2067 730 2098 Nam
759 2067 898 2098 Gerones

199 2123 278 2150 sunt
309 2117 474 2159 χειρισταὶ,
503 2117 686 2157 πρακτῆρες,
712 2121 749 2147 ut
776 2122 896 2148 auctor

198 2170 363 2201 Glossarii
377 2169 488 2200 docet.
527 2167 628 2208 Apud
643 2168 801 2199 Plautum
818 2173 897 2198 sunt

201 2220 322 2258 Geruli,
339 2219 371 2250 in
387 2219 609 2250 Truculento:
629 2218 637 2234 ‘
651 2218 706 2249 Ite
721 2218 782 2248 liac
799 2218 896 2248 simul

198 2270 279 2300 muli
289 2269 388 2309 aeris,
399 2268 633 2310 damnigeruH,
644 2268 896 2309 forasgerones‚

199 2321 371 2350 Bonorum
385 2318 648 2359 liamaxagogae.’
694 2317 806 2360 Atque
820 2319 895 2350 haec

199 2375 251 2401 est
274 2370 379 2411 prima
401 2371 601 2410 conjectura
620 2373 734 2401 nostra
752 2369 794 2400 de
811 2369 896 2400 Bru·

200 2420 301 2451 tinnis
331 2419 522 2460 geronibus.
575 2419 656 2458 Sed,
683 2423 721 2450 ut
751 2419 895 2460 ingenue

198 2469 375 2505 fateamur,
389 2475 544 2510 putamus
557 2470 670 2510 potius
683 2469 805 2510 dictos,
817 2470 897 2511 quia

198 2530 330 2559 gerones
352 2521 526 2551 literarum
546 2525 581 2550 et
598 2520 727 2560 publici
741 2530 898 2552 cursores

201 2576 310 2602 erant.
336 2570 460 2602 Strabo
474 2581 482 2602 :
497 2571 559 2601 τῶν
569 2570 600 2600 δὲ
613 2573 768 2603 Πικεντῶν
780 2572 898 2612 ὑπῆρχε

201 2621 389 2661 μητρόπολις
400 2620 554 2652 Πικεντία.
566 2620 629 2651 νυνὶ
639 2621 672 2652 δὲ
684 2622 823 2661 κωμηδὸν
838 2622 897 2663 ζῶ·

202 2683 250 2703 σιν
262 2671 452 2704 ἀπωσθέντες
466 2671 522 2704 ὑπὸ
535 2672 684 2711 Ῥωμαίων
693 2674 741 2705 διὰ
752 2676 810 2711 τὴν
825 2674 899 2715 πρὸς

944 1052 1072 1087 ἀννίβαν
1086 1050 1250 1083 κοινωνίαν.
1267 1050 1334 1081 ἀντὶ
1349 1049 1381 1081 δὲ
1395 1048 1557 1091 στρατείας
1568 1048 1642 1087 ἡμε-

943 1104 1100 1144 ροδρομεῖν
1118 1102 1167 1134 καὶ
1190 1102 1461 1143 Ὑραμματοφορεῖν
1489 1099 1640 1138 ἀπεδείχ-

944 1158 1039 1193 θησαν
1055 1156 1087 1186 ἐν
1102 1155 1150 1194 τῷ
1170 1152 1245 1184 τότε
1267 1152 1414 1192 δημοσίῳ,
1438 1149 1574 1191 καθάπερ
1588 1148 1639 1180 καὶ

944 1205 1097 1246 λευκανοὶ,
1109 1205 1158 1236 καὶ
1173 1204 1307 1245 βρέττιοι
1323 1203 1403 1235 κατὰ
1414 1203 1470 1234 τὰς
1487 1201 1581 1234 αὐτὰς
1597 1200 1643 1232 αι’·

944 1258 1023 1289 τίσις.
1046 1256 1209 1288 Jos.Scal.

985 1307 1151 1347 Brutiani]
1162 1306 1249 1337 Vide
1265 1309 1273 1323 ‘
1289 1302 1478 1346 bilingues.’
1492 1301 1590 1335 Quod
1606 1310 1642 1332 se

944 1359 1104 1391 Annibali
1123 1357 1346 1397 dedidissent,
1362 1357 1425 1388 hoc
1443 1364 1551 1395 poenae
1570 1353 1609 1384 iis
1626 1362 1646 1383 a

944 1411 1103 1442 Romanis
1123 1410 1329 1450 impositum,
1358 1413 1396 1439 ut
1420 1414 1576 1438 cursores
1593 1414 1644 1436 es-

945 1466 1020 1493 sent
1036 1466 1070 1493 et
1085 1460 1265 1492 tabellarii.
1308 1458 1397 1490 Vide
1411 1458 1502 1490 Gen.
1526 1456 1585 1488 lib.
1610 1464 1647 1487 x.

945 1522 1021 1552 cap.
1037 1514 1068 1542 3.
1088 1516 1124 1542 et
1138 1510 1252 1542 Strab.
1276 1514 1428 1541 extremo
1452 1508 1510 1539 lib.
1529 1516 1562 1539 v.
1586 1505 1644 1547 qui

947 1572 1013 1595 non
1031 1561 1175 1593 Bruttiis
1202 1564 1346 1599 tantum,
1372 1559 1430 1590 sed
1455 1556 1646 1589 Picentinis

947 1613 1050 1644 etiam
1066 1616 1102 1643 et
1118 1610 1263 1642 Lucanis
1277 1609 1405 1640 factum
1417 1608 1532 1638 tradit.
1560 1605 1645 1637 Inde

948 1664 1051 1694 etiam
1079 1661 1207 1693 Bruttii
1220 1669 1352 1700 gerones
1365 1658 1456 1701 apud
1473 1656 1647 1697 Fulgenti-

949 1724 1015 1745 um.
1061 1713 1170 1744 Porro
1188 1712 1230 1743 ab
1247 1711 1373 1742 ultimis
1391 1719 1497 1751 usque
1513 1707 1647 1739 saeculis

948 1763 1135 1795 victoribus
1161 1763 1187 1793 is
1209 1771 1280 1793 mos
1298 1759 1377 1801 fuit,
1400 1765 1437 1791 ut
1454 1763 1574 1800 gentes
1589 1757 1645 1789 de-

948 1816 1068 1850 victas,
1097 1823 1179 1854 quas
1207 1812 1341 1853 penitus
1367 1810 1497 1841 nollent
1515 1809 1648 1840 exscin-

947 1864 1042 1902 dere,
1058 1863 1100 1894 ad
1118 1863 1197 1893 vilia
1223 1862 1362 1893 servitia
1386 1864 1574 1899 cogerent:
1599 1859 1648 1890 sic

948 1914 1053 1947 Josue
1070 1913 1387 1953 Gabaonitas,quos
1403 1910 1518 1941 delere
1537 1909 1568 1940 ei
1591 1918 1649 1940 ne·

950 1965 1000 1996 fas
1015 1970 1090 1996 erat
1108 1967 1249 2004 propter
1271 1966 1534 1996 sacramentum,
1550 1970 1650 2001 aqua-

951 2022 1040 2048 tores
1056 2015 1138 2048 fccit
1151 2021 1185 2046 et
1202 2014 1370 2054 lignarios.
1394 2013 1475 2044 Duc.

991 2073 1006 2088 ¹¹
1030 2064 1183 2104 Brutum]
1212 2065 1335 2096 Horat.
1360 2067 1445 2104 ‘qno
1468 2062 1568 2093 bruta
1585 2062 1649 2093 tel-

950 2117 1025 2149 lus!
1052 2118 1179 2158 Estque
1195 2125 1235 2146 ex
1251 2115 1469 2146 Etruscorum
1484 2113 1647 2145 librorum

950 2169 1160 2206 doctrina‚in
1173 2166 1292 2208 quibus
1305 2165 1407 2197 etiam
1420 2164 1537 2195 eodem
1550 2163 1650 2195 modo

948 2219 957 2235 ‘
973 2219 1073 2249 bruta
1111 2217 1254 2248 fulmina
1267 2216 1274 2228 ’
1320 2214 1535 2246 dicebantur.
1580 2214 1649 2244 Jos.

950 2269 1033 2301 Scal-

993 2324 1008 2339 0
1030 2317 1207 2358 Bubinare]
1230 2316 1362 2348 Glossae
1390 2314 1531 2346 Isidori:
1555 2314 1564 2331 ‘
1582 2314 1648 2346 Bu-

952 2369 1082 2409 vinare,
1112 2367 1274 2407 sanguine
1301 2365 1473 2407 inquinare
1500 2363 1650 2395 mulieris

951 2416 1193 2451 menstruatae)
1239 2417 1383 2447 Versum
1401 2414 1520 2446 Lucilii
1537 2413 1585 2445 sic
1602 2414 1649 2444 le-

952 2470 1056 2511 gebat
1071 2467 1270 2500 Franciscus
1285 2467 1378 2497 Duza
1392 2476 1401 2497 z
1417 2464 1522 2496 ‘Haec
1537 2468 1571 2496 te
1589 2463 1649 2494 irn-

952 2520 1107 2559 bubinat,
1123 2523 1159 2550 et
1176 2522 1294 2550 contra
1310 2522 1341 2548 te
1359 2514 1552 2547 imbulbitat
1568 2513 1649 2545 ille.’

952 2571 1019 2610 vel,
1041 2570 1108 2601 ‘Te
1136 2567 1327 2600 imbnlbitat
1346 2563 1478 2597 infans.’
1523 2563 1650 2595 Irnbul-

951 2622 1058 2652 bitare
1082 2624 1194 2651 autem
1220 2623 1271 2650 est
1297 2616 1412 2658 quovis
1433 2620 1584 2645 stercore
1600 2614 1649 2644 in-

953 2672 1105 2715 quinare,
1137 2679 1201 2702 non
1234 2672 1364 2701 tantum
1396 2664 1526 2707 puerili.
1579 2663 1648 2696 Sed
