1835 2906
690 179 800 218 QUAE
838 180 1053 211 nx'rANT.
1535 181 1592 221 25

211 271 427 312 Helenius
451 271 597 314 Acron
613 274 813 316 Verrium
837 276 943 318 dicit
963 291 1118 330 errare,
1135 280 1208 333 qui
1224 286 1347 334 putat
1366 283 1445 325 hos
1466 288 1593 328 ambo

154 337 241 379 dici
262 338 454 380 debere.f

209 406 401 449 Amoena
433 409 530 450 loca
560 408 701 451 Varro
738 410 858 452 dicta
889 413 963 462 ait,
995 426 1047 454 eo
1078 416 1199 467 quod
1230 418 1374 459 solum
1405 431 1595 461 amorem

91 494 97 501 ·
153 479 378 527 praestent,
416 481 458 518 et
495 478 551 519 ad
589 491 635 519 se
675 479 862 520 amanda
903 481 1110 524 alliciant.
1169 483 1353 526 Verrius
1390 487 1595 538 Flaccus,

154 542 270 594 quod
293 544 388 585 sine
415 558 592 587 munere
627 547 729 597 sint,
765 561 844 589 nec
876 549 1115 603 quicquam
1143 552 1210 593 his
1240 552 1432 597 officiat:
1464 558 1595 610 quasi

155 611 344 662 amunia,
358 612 440 654 hoc
462 618 542 664 est,
557 614 652 654 sine
670 614 827 664 fructu,
842 617 958 658 unde
979 618 1120 659 nullus
1142 619 1308 663 fructus
1328 623 1596 666 exsolvitur:

155 677 255 719 inde
276 681 408 721 etiam
429 681 533 722 nihil
555 686 836 735 praestantes,
857 684 1071 728 immunes
1094 695 1343 730 vocantur.g

213 745 314 787 Non
341 754 472 802 negat
493 748 675 791 Verrius
702 751 889 794 Flaccus
923 752 1026 795 Kal.
1052 754 1159 810 Apr.
1194 762 1353 810 postea
1379 761 1597 802 constitu-

154 820 262 864 tum,
282 819 330 856 ut
350 820 556 859 matronae
577 819 741 861 Veneri
762 833 934 862 sacrum
957 822 1179 866 facere-:nuh

213 881 425 925 Nonnulli
459 887 589 928 etiam
616 900 672 928 ex
697 889 943 943 participiis
975 897 1243 944 putaverunt
1272 896 1378 937 talia
1402 896 1597 950 figurari:

154 954 204 991 ut
227 949 410 993 Verrius
435 954 637 1006 Flaccus,
660 957 736 1010 qui
758 957 813 998 ab
835 971 902 1008 eo,
924 959 1044 1012 quod
1061 965 1127 1002 est
1148 962 1334 1013 audens,
1352 964 1587 1006 audenter.i

213 1017 400 1062 Camara
414 1022 628 1073 dicuntur,
642 1028 692 1065 ut
708 1024 889 1067 Verrius
904 1026 1092 1069 Flaccus
1106 1030 1302 1080 affirmat,
1320 1044 1408 1072 non
1425 1045 1601 1075 camera

155 1099 232 1138 per
254 1087 304 1127 Ε.
361 1088 450 1130 Sed
474 1091 723 1142 Lucretius,
744 1107 984 1149 cameroeqne
1005 1095 1169 1138 caminis
1188 1112 1234 1138 ex
1256 1098 1446 1150 cratibus,
1469 1101 1601 1142 etiam

157 1166 357 1201 cameram
377 1162 463 1204 dici
488 1177 621 1217 posse
641 1166 863 1208 ostendit.k

215 1229 425 1272 Incohavi
460 1233 516 1273 ab
547 1233 705 1274 incoho
736 1234 971 1277 dicendum
998 1240 1125 1291 putat
1157 1237 1305 1280 Julius
1339 1239 1601 1283 Modestus:

157 1297 263 1351 quia
286 1298 343 1339 sit
364 1301 657 1354 compositum
680 1315 706 1343 a
730 1302 841 1343 caho
862 1303 985 1345 initio
1000 1317 1158 1356 rerum,
1178 1307 1298 1360 quod
1317 1307 1500 1350 Verrius
1522 1308 1604 1363 (et)

159 1364 349 1406 Flaccus
370 1367 413 1407 in
434 1371 654 1420 postrema
675 1370 844 1423 syllaba
865 1372 1150 1425 aspirandum
1172 1376 1485 1427 probaverunt.
1516 1377 1605 1418 Co-

156 1432 258 1473 hum
281 1434 392 1475 enim
415 1436 535 1488 apud
557 1434 748 1478 Veteres
770 1438 977 1480 mundum
999 1440 1247 1493 significat.¹

214 1499 376 1543 Clunes
397 1502 580 1545 Verrius
615 1505 804 1547 Flaccus
838 1509 1083 1551 masculino
1117 1523 1273 1562 genere
1307 1511 1394 1553 dici
1428 1514 1606 1566 probat,

159 1570 366 1622 quoniam
382 1572 427 1611 in
441 1571 497 1612 IS
517 1572 691 1626 syllaba
707 1574 942 1616 terminata
955 1577 1103 1618 omnia
1121 1579 1316 1620 carentia
1329 1582 1606 1622 nominativo

158 1636 368 1689 singulari
389 1640 634 1682 masculina
652 1645 781 1685 sunt:
799 1648 847 1684 ut
869 1644 1013 1697 panis,
1032 1646 1156 1695 cinis,
1172 1647 1322 1696 crinis,
1342 1653 1386 1689 et
1400 1649 1606 1689 similia.⁰¹

217 1705 452 1759 Diligente.
500 1707 681 1750 Verrius
708 1709 910 1759 Flaccus,
930 1712 1074 1765 inquit
1094 1713 1281 1763 Plinius,
1302 1728 1453 1756 eorum
1473 1716 1609 1757 nomi-

160 1785 279 1823 num,
296 1788 397 1827 quae
416 1775 494 1816 NS
515 1775 733 1827 finiuntur,
752 1790 857 1818 casu
877 1779 1159 1831 nominativo,
1174 1781 1398 1824 ablativus
1418 1784 1463 1824 in
1484 1783 1521 1824 E
1543 1785 1607 1825 di·

160 1839 361 1892 rigendus
383 1847 488 1883 est.¹¹

218 1907 374 1950 Differt
399 1909 607 1964 fatigatus
641 1925 668 1953 a
698 1912 831 1962 fesso,
852 1916 900 1953 ut
919 1912 1099 1955 Verrius
1128 1915 1203 1967 ait,
1233 1918 1350 1971 quod
1381 1917 1608 1972 fatigatm,

162 1988 261 2016 cum
281 1978 378 2030 quis
397 1991 478 2031 per
498 1979 631 2021 alium
652 1980 850 2021 laborare
873 1982 1173 2036 compellitur:
1206 1985 1353 2026 fessus
1368 1999 1487 2033 vero,
1509 2001 1610 2029 cum

162 2044 260 2097 quis
279 2044 432 2087 labore
453 2046 614 2099 deficit,
636 2052 686 2090 ut
705 2049 882 2091 lassus.⁰

219 2111 264 2151 N
267 2124 318 2152 ec
339 2113 449 2155 hanc
468 2115 614 2156 solum
632 2115 826 2158 Romani
846 2118 1121 2160 meretricem
1142 2121 1305 2170 colunt,
1326 2122 1406 2163 sed
1425 2123 1610 2164 Faulam

163 2190 355 2232 quoque,
376 2194 508 2235 quam
531 2183 742 2226 Herculis
764 2189 956 2226 scortum
978 2187 1118 2228 fuisse
1142 2188 1325 2231 Verrius
1348 2191 1535 2231 scribier>

219 2246 402 2289 Verrius
426 2249 617 2293 Flaccus
639 2253 702 2294 sic
725 2253 952 2295 distinxit:
982 2256 1161 2298 modica
1182 2270 1281 2298 esse
1310 2258 1450 2309 labra,
1488 2259 1607 2300 labia

166 2313 414 2366 immodica,
435 2323 478 2358 et
498 2319 599 2361 inde
623 2320 842 2362 Labiones
861 2325 876 2344 ²
907 2321 1027 2363 dici.q

208 2416 226 2443 2
252 2414 319 2445 Alii
337 2415 505 2449 Labeones.

769 2473 1005 2486 eeeeeeeeeeee

208 2520 221 2538 f
242 2521 292 2551 Ex
309 2521 385 2554 eod.
403 2522 459 2554 lib.
959 2535 980 2549 ¹¹¹
1005 2530 1055 2560 Ex
1073 2530 1203 2563 Charis.
1219 2531 1279 2563 lib.
1298 2541 1322 2563 1.

208 2577 222 2597 g
247 2572 297 2602 Ex
313 2572 398 2605 Isid.
414 2573 471 2605 lib.
490 2583 564 2606 xiv.
579 2585 654 2617 cap.
670 2581 701 2610 8.
720 2584 822 2620 etym.
958 2583 971 2597 ¹¹
996 2580 1046 2609 Ex
1063 2580 1139 2611 eod·
1156 2581 1214 2612 lib·

209 2621 223 2640 '¹
246 2623 298 2652 Ex
314 2623 469 2655 Macrob.
486 2626 544 2657 lib.
562 2636 586 2658 1.
602 2627 738 2660 Saturn.
958 2634 972 2649 0
997 2630 1047 2659 Ex
1063 2630 1231 2662 Diomede
1247 2631 1304 2662 lib.
1321 2640 1343 2662 1.

209 2672 216 2692 i
241 2672 291 2702 Ex
306 2673 436 2704 Charis.
451 2674 508 2707 lib.
525 2685 565 2707 11.
960 2686 975 2705 τ)
1001 2682 1051 2711 Ex
1068 2682 1162 2713 Lact.
1178 2683 1236 2713 lib.
1255 2693 1277 2714 1.
1295 2693 1370 2724 cap.
1387 2687 1440 2715 20.

211 2721 224 2741 k
248 2722 298 2752 Ex
316 2723 390 2754 eod.
406 2724 464 2755 lib.
484 2734 507 2757 1.
961 2738 973 2757 ‘1
1001 2731 1049 2762 Ex
1069 2732 1198 2764 Charis,
1213 2733 1267 2765 lib.
1284 2742 1306 2765 1Ο

213 2769 220 2791 ³
242 2771 291 2801 Ex
308 2772 421 2805 Dioni.
438 2774 494 2805 lib.
513 2785 536 2806 1.
554 2776 720 2816 probavit„
