1835 2906
208 158 264 199 26
700 167 750 197 M.
780 165 954 197 vunan
989 165 1160 197 FLAccl

262 263 442 305 Verrius
461 263 577 304 lacte
599 275 680 315 pro
700 262 770 304 lac
787 261 930 304 dicit.r

262 330 477 372 Nonnulli
507 330 776 384 synalephas
806 342 978 383 quoque
1009 329 1126 369 circa
1157 326 1474 368 observandam
1507 327 1646 380 scrip-

205 400 369 440 tionem
391 399 749 440 existimaverant
768 411 777 435 :
809 397 924 437 sicut
940 395 1122 436 Verrius
1145 394 1330 435 Flaccus
1344 407 1368 435 :·
1383 398 1431 434 ut
1446 395 1643 435 ubicum-

204 480 290 520 que
313 467 451 520 prima
472 479 563 507 vox
586 466 634 506 M
662 465 791 505 litera
812 464 1021 513 finiretur,
1043 475 1236 516 sequens
1268 475 1294 502 a
1314 462 1460 502 vocali
1481 462 1645 514 incipe·

203 540 281 584 ret,
305 533 355 574 M
377 547 460 574 non
482 538 589 583 tota,
611 532 687 573 sed
708 545 811 585 pars
831 532 948 572 illius
969 532 1090 586 prior
1108 534 1274 572 tantum
1297 529 1573 577 scriberetur,
1596 532 1644 568 ut

205 607 435 655 appareret
457 601 645 655 exprimi
665 612 753 640 non
775 599 962 640 debere.⁵

260 667 470 709 Manibus
500 680 577 721 per
608 666 697 706 duo
727 666 751 707 I
787 665 1034 714 dicendum,
1055 666 1158 719 quia
1187 669 1289 706 sunt
1309 677 1335 705 a
1355 663 1575 712 manibus,
1597 666 1644 703 ut

205 749 234 789 p
250 740 348 776 utat
367 734 560 776 Verrius:
593 733 671 774 sed
692 737 733 773 et
753 732 974 774 manubiae
995 746 1072 786 per
1090 732 1132 772 V
1153 732 1240 772 dici
1260 730 1473 784 possunt.t

259 802 571 843 Nomenclator
598 803 691 843 sine
711 799 755 840 V
780 800 955 850 dicitur,
976 804 1024 840 ut
1049 799 1230 841 Verrius
1260 799 1335 847 ait,
1356 797 1479 838 velut
1505 798 1642 838 nomi-

198 869 267 910 nis
289 870 491 911 calator.u

258 937 394 978 Panis
416 937 608 989 genitivo
626 936 786 990 plurali
806 948 966 990 panum
987 934 1172 975 Verrius
1192 933 1337 974 dixit.v

258 1004 446 1045 Polenta
478 1004 567 1045 dici
594 1004 718 1046 debet
744 1017 822 1058 per
844 1003 898 1053 O,
919 1002 1045 1056 cujus
1067 1003 1130 1043 rei
1149 1000 1330 1042 Verrius
1360 999 1550 1040 Flaccus
1572 1012 1642 1040 ra-

202 1072 364 1112 tionem
386 1071 545 1121 reddit,
570 1072 687 1125 quod
708 1084 789 1112 usu
810 1070 1002 1112 omnium
1023 1070 1256 1123 poliatur.W

257 1138 367 1180 Cum
390 1143 534 1180 autem
554 1139 657 1193 quid
678 1139 761 1180 hoc
779 1143 847 1179 est
862 1138 1053 1179 hominis
1074 1137 1297 1191 quaeritur,
1317 1135 1477 1188 inquit,
1495 1135 1548 1175 de
1564 1134 1642 1174 ali-

200 1207 326 1260 cujus
347 1219 495 1260 quaero
517 1205 705 1246 hominis
726 1205 935 1259 qualitate
951 1203 977 1229 *ς
1007 1205 1081 1258 qui
1102 1216 1282 1245 necesse
1306 1201 1403 1243 sit*
1434 1202 1504 1242 hic
1526 1215 1640 1242 mas-

203 1274 345 1314 culine
366 1273 572 1314 dicendus
592 1278 671 1324 est,
692 1279 743 1314 ut
764 1272 944 1314 Verrius
967 1274 1053 1313 ait:
1088 1272 1295 1326 quoniam
1316 1275 1466 1311 neutra
1488 1270 1532 1310 in
1556 1269 1576 1309 Ι
1598 1274 1641 1309 et

198 1340 243 1380 in
265 1341 340 1382 VS
365 1354 454 1381 non
477 1347 676 1382 exeunt.x

254 1408 331 1448 Sal
348 1411 497 1448 neutro
514 1421 667 1460 genere
687 1407 848 1449 Verrio
869 1409 996 1449 etiam
1014 1408 1215 1462 placuit.y

254 1475 498 1529 Porphyrio
520 1489 573 1516 ex
598 1475 755 1517 Verrio
783 1480 825 1516 et
847 1476 999 1526 Festo,
1022 1478 1065 1517 in
1088 1474 1388 1529 auguralibus,
1407 1472 1562 1525 inquit,
1586 1473 1637 1513 li-

195 1543 284 1583 bris
306 1544 369 1583 ita
390 1546 470 1592 est,
495 1554 623 1584 SANE
642 1548 969 1592 SARCTEQUE.²

252 1609 397 1651 Verrii
420 1610 568 1651 Flacci
586 1611 750 1664 scripta
771 1610 826 1651 ad
844 1611 925 1652 hoc
947 1623 1081 1663 genus
1100 1609 1359 1663 quaestionis
1381 1608 1639 1662 pertinentia

194 1677 290 1719 haec
317 1677 501 1718 suerunt.
562 1678 766 1718 Senatum
787 1677 875 1718 dici
901 1682 944 1719 et
971 1691 1050 1730 pro
1071 1677 1185 1726 loco,
1207 1682 1249 1718 et
1274 1690 1354 1730 pro
1376 1676 1637 1724 hominibus,

195 1745 423 1785 civitatem
443 1749 485 1785 et
505 1758 581 1798 pro
598 1744 718 1794 loco,
742 1748 784 1786 et
805 1744 998 1798 oppido:
1032 1747 1074 1784 et
1094 1757 1171 1797 pro
1187 1744 1284 1797 jure
1305 1756 1479 1797 quoque
1500 1742 1637 1782 homi-

192 1823 310 1860 num,
332 1815 373 1851 et
395 1824 473 1864 pro
495 1811 719 1851 hominum
751 1811 1050 1851 multitudine:
1082 1812 1219 1852 tribus
1240 1823 1414 1864 quoque
1441 1814 1483 1851 et
1502 1809 1637 1849 decu·

193 1878 280 1918 rias
298 1878 401 1928 dici,
419 1883 461 1920 et
478 1892 556 1932 pro
577 1879 691 1927 loco,
711 1884 755 1919 et
776 1892 856 1932 pro
870 1879 988 1932 jure,
1010 1885 1052 1920 et
1069 1892 1149 1932 pro
1163 1879 1413 1919 hominibus
1430 1890 1440 1916 :
1465 1878 1637 1919 concio-

192 1958 293 1986 neni
315 1949 458 1986 autem
478 1946 559 1986 tria
581 1945 844 1997 significare,
864 1946 1028 1995 locum,
1050 1949 1388 1999 suggestumque
1406 1945 1520 1985 unde
1539 1958 1635 1985 ver-

191 2013 248 2052 ba
265 2013 440 2063 fierent3
469 2014 586 2054 ‘item
609 2014 850 2066 significare
867 2018 1029 2054 coetum
1049 2013 1197 2066 populi
1220 2013 1467 2054 assistentis
1486 2025 1496 2063 ;
1532 2013 1635 2052 item

193 2081 433 2121 orationem
455 2081 615 2134 ipsam,
638 2094 737 2134 quae
761 2081 817 2121 ad
839 2081 1052 2134 populum
1073 2079 1321 2120 diceretur.a

247 2148 402 2189 Verrio
425 2148 587 2188 Flacco
611 2147 780 2189 videtur
809 2148 993 2188 eandem
1022 2160 1119 2188 esse
1150 2147 1268 2201 apud
1296 2160 1378 2188 nos
1400 2146 1443 2186 V
1464 2147 1635 2187 literam

190 2230 289 2269 quae
311 2216 426 2269 apud
447 2215 631 2256 Graecos
653 2215 724 2267 Y;
752 2229 938 2269 namque
955 2216 1024 2256 his
1045 2215 1264 2269 exemplis
1286 2219 1604 2267 argumentatur
1624 2228 1632 2254 :

189 2283 307 2337 quod
328 2283 390 2323 illi
413 2284 566 2323 dicunt
594 2281 752 2334 κύμινον,
781 2295 863 2323 nos
889 2284 1121 2331 cuminum,
1151 2292 1281 2334 quam
1304 2282 1366 2321 illi
1387 2279 1628 2335 κυπάρισσον,

190 2364 270 2391 nos
293 2362 576 2402 cupressum:
607 2351 673 2391 illi
695 2350 927 2405 κυβερνήτην,
958 2363 1036 2390 nos
1060 2351 1425 2402 gubernatorem:
1457 2360 1628 2388 necnon

234 2539 245 2553 ¹·
268 2535 319 2564 Ex
336 2535 411 2566 eod.
425 2535 483 2566 lib.
981 2542 999 2555 W
1024 2536 1074 2565 Ex
1092 2534 1166 2565 eod.

233 2590 243 2603 ⁵
267 2584 317 2614 Ex
335 2585 434 2615 Velio
451 2586 566 2626 Longo
583 2586 624 2617 de
642 2586 783 2629 Orthog.
982 2591 996 2605 Χ
1022 2586 1072 2616 Ex
1091 2584 1166 2615 eod.

230 2637 239 2654 ῐ
265 2635 313 2664 Ex
331 2636 460 2667 Charis.
476 2637 532 2668 lib.
551 2645 574 2668 1.
980 2643 992 2662 Υ
1019 2637 1068 2667 Ex
1087 2635 1162 2666 eod.

234 2690 247 2703 '¹
271 2685 322 2715 Ex
340 2686 413 2714 eod.
979 2692 989 2705 '1
1016 2687 1065 2716 Ex
1083 2685 1158 2715 eod.
1177 2684 1233 2714 lib.
1251 2692 1289 2713 n.

234 2739 247 2751 Ψ
271 2734 320 2764 Ex
339 2734 413 2765 eod.
980 2742 989 2756 Ἴ
1017 2737 1065 2767 Ε).
1086 2736 1161 2767 Gcl.
1180 2734 1236 2764 lib.
1254 2740 1358 2763 λνιιι.
1377 2740 1452 2770 cap.
1470 2733 1500 2761 7.
