1835 2906
189 121 276 164 356
635 131 782 161 sexrl
818 129 1015 160 POMPEI!
1053 130 1188 159 Fsssrr

192 227 378 268 Letumc
399 213 453 268 ab
469 226 708 278 oblivione,
730 240 860 281 quam
884 226 1030 268 Graeci
1052 225 1156 276 λήθην
1178 231 1352 276 vocant,
1373 225 1550 268 dictum.

193 294 324 336 Levir
338 292 356 317 ‘¹
378 299 448 335 est
468 296 624 336 uxoris
644 308 757 336 meae
780 295 938 337 frater.7

193 362 417 402 LissELnA
440 362 754 403 deminutivum
776 371 847 403 est
864 375 891 403 a
910 363 1033 404 libra.

194 429 343 470 Libere
366 433 559 483 repertor
591 431 695 474 vini,
722 429 823 470 ideo
848 431 912 470 sio
945 431 1209 484 appellatur,
1233 431 1351 484 quod
1373 431 1472 472 vino
1502 429 1635 470 nimio

249 497 317 537 usi
341 498 488 538 omnia
505 497 640 538 libere
658 497 914 550 loquantur.

195 564 420 605 Liberales
441 565 640 605 dicuntur
658 577 746 605 non
769 564 914 605 solum
944 565 1134 618 benigni,
1162 565 1239 606 sed
1270 565 1402 606 etiam
1439 565 1636 617 ingenuae

249 632 400 673 formae
418 632 630 673 homines.

195 699 421 740 Liberalia
439 697 452 720 f
480 699 627 739 Liberi
647 697 775 747 festa,
807 711 907 751 quae
945 699 1065 752 apud
1090 699 1274 740 Graecos
1309 699 1512 739 dicuntur
1531 695 1639 736 διονύ-

255 783 336 807 σια.
397 767 613 808 Naevius:
647 765 808 807 Libera
827 767 977 820 lingua
1003 767 1261 820 loquemur5³
1300 766 1414 807 ludis
1447 764 1640 806 liberali-

251 836 349 876 bus.

197 903 403 945 Liberata
423 907 437 931 g
457 902 674 956 ponebant
697 914 776 954 pro
798 899 946 951 effata,
968 901 1013 942 id
1035 907 1116 951 est,
1135 901 1318 942 locuta.⁹

801 1010 1037 1023 eeeeeeeeeeee

237 1089 375 1120 7Vett.
392 1088 471 1118 libb.
500 1089 592 1118 uxori
614 1098 688 1118 meae
704 1088 814 1125 frater
831 1098 932 1120 meus:
957 1088 1046 1131 quod
1071 1089 1194 1130 probat
1220 1089 1303 1120 Dae.
1307 1091 1367 1119 —8
1392 1086 1538 1120 Quidam
1567 1086 1642 1118 libii

205 1136 380 1173 loquuntur.
384 1134 446 1161 ——9
470 1131 556 1162 Vide
574 1131 692 1162 Notas.

848 1196 992 1228 NOTAE

196 1262 332 1300 Pollux,
347 1265 382 1291 et
399 1260 469 1290 alii.
494 1260 593 1290 Idem.

239 1318 253 1334 ²
276 1311 403 1352 Letum]
429 1311 527 1341 Varr.
543 1310 602 1340 lib.
618 1319 669 1341 vr.
694 1310 702 1326 ‘
717 1310 825 1342 Quom
842 1309 891 1340 di·

197 1365 315 1400 cimus,
325 1362 409 1392 ollns
424 1362 493 1392 leto
508 1361 604 1391 datus
619 1365 686 1398 est,
699 1360 787 1401 quod
798 1360 893 1391 Grae—

198 1424 256 1445 cus
272 1413 354 1444 dicit
367 1410 459 1452 λήθῃ,
482 1411 515 1441 id
541 1415 603 1450 est,
619 1409 802 1441 oblivioni.’
848 1410 894 1441 Et

198 1477 238 1498 eo
256 1465 418 1496 Varronis
443 1463 604 1504 Festique
628 1472 723 1493 mens
746 1466 893 1503 spectat,

198 1517 286 1559 quod
298 1517 441 1546 Veteres
453 1513 668 1545 abstinebant
677 1513 794 1543 mortis
805 1522 896 1544 men-

198 1569 303 1607 tione,
324 1576 365 1598 ne
382 1570 586 1605 cogerentur
602 1564 783 1604 δυσφημεῖν,
810 1568 846 1594 ut
863 1565 895 1594 in

197 1629 280 1650 voce
297 1618 393 1649 abitio
410 1617 538 1647 dictum
553 1621 617 1646 est.
657 1616 700 1645 Et
717 1615 764 1645 sic
781 1614 896 1645 lethum

200 1670 293 1711 quasi
323 1667 422 1707 λήθην
451 1667 624 1707 dicebant,
663 1666 741 1707 quia
772 1665 896 1695 mortui

197 1723 206 1738 ‘
223 1722 367 1752 Securos
385 1719 501 1750 latices
527 1723 559 1749 et
584 1719 682 1757 longa
700 1717 823 1747 oblivia
841 1726 896 1756 po-

200 1769 296 1801 tant.'
342 1770 417 1800 Etsi
442 1769 635 1799 Priscianus
660 1777 677 1798 a
694 1769 752 1808 leo,
769 1768 896 1805 levide-

201 1825 266 1852 tum
282 1820 431 1851 deducit.
459 1820 555 1849 Idem.

243 1871 258 1892 d
274 1869 384 1909 Lei-ir]
410 1869 563 1900 Glossar.
579 1867 800 1908 ἀνδράδελφος.
822 1868 911 1904 Ful„-

206 1921 312 1953 Ursin.

245 1971 355 2012 Levir]
394 1969 526 2001 Graecis
556 1967 775 2009 ἀνδράδελφος.
836 1969 899 1999 Est

202 2026 316 2053 autem
333 2031 375 2052 ex
392 2021 513 2051 Graeco
530 2019 614 2060 δαήρ.
662 2021 774 2052 Quare
800 2017 920 2060 prop-vn>

204 2079 297 2104 terea
315 2072 422 2112 prima
437 2071 647 2112 producitur,
672 2076 708 2101 ut
735 2071 824 2111 apud
840 2071 899 2101 Se·
926 2096 931 2103 .

925 2129 935 2147 τ
952 2117 1125 2150 Heroum)
1146 2117 1246 2148 Idem.

932 2154 960 2194 Ψ)
996 2166 1190 2206 fLiberuliu]
1207 2165 1292 2197 Vide
1304 2164 1515 2196 ‘honorarios
1526 2162 1647 2194 ludos!

203 2132 319 2154 necam
347 2123 379 2153 in
405 2122 564 2153 Octavia.
612 2122 705 2152 Male
726 2122 814 2152 enirn
831 2121 901 2162 qui-

205 2174 279 2204 dam
297 2173 388 2203 docti
406 2173 604 2213 corripiunt.
627 2173 696 2202 Jos.
709 2172 792 2203 Scal.

248 2222 357 2262 Levir]
381 2223 544 2254 Veterum
573 2222 732 2253 librorum
756 2222 900 2262 scriptu-

206 2283 273 2304 ram
292 2273 412 2313 prob0,
428 2274 536 2312 frater
557 2283 651 2304 meus.
698 2273 798 2303 Levir
812 2273 900 2303 enirn

206 2329 256 2354 est
283 2324 346 2354 viri
370 2322 477 2355 frater
505 2334 524 2355 a
553 2325 674 2355 Graeco
690 2323 777 2364 δαὴρ,
795 2324 901 2365 qualis

207 2374 339 2405 Hector
355 2381 428 2406 erat
446 2375 601 2406 Helenae.
626 2375 706 2406 Dac.

249 2427 263 2443 θ
286 2423 393 2464 Liber]
419 2424 499 2461 Alii,
526 2424 614 2465 quod
641 2426 785 2455 animum
812 2423 902 2454 curis

208 2472 331 2503 liberet
347 2479 381 2504 et
398 2474 571 2506 tristitiam
590 2475 703 2514 pellat.
750 2475 900 2505 Seneca:

209 2524 217 2539 ‘
233 2523 334 2553 Liber
350 2532 414 2553 non
434 2524 476 2554 ob
500 2525 668 2555 licentiam
691 2524 814 2564 liuguae
832 2523 901 2554 dic-

211 2578 263 2604 tus
277 2579 326 2604 est
343 2573 497 2604 inventor
509 2576 587 2612 vini,
599 2575 655 2605 sed
670 2575 746 2615 quia
760 2575 899 2605 liberum

211 2630 348 2653 servitio
365 2632 518 2653 curarum
537 2625 679 2654 animum
696 2625 826 2662 asserit,
847 2634 902 2654 ve-

212 2679 391 2713 getumque
408 2677 441 2703 et
459 2673 654 2704 alacriorem
671 2675 701 2704 in
718 2683 831 2705 omnes
848 2683 902 2704 co-

950 1266 1048 1292 natus
1070 1259 1175 1291 facit.’
1221 1260 1357 1291 Servius
1374 1259 1522 1289 Liberum
1549 1256 1645 1298 quasi

949 1311 1109 1342 Libasium
1134 1311 1274 1351 dictum,
1303 1311 1381 1352 quia
1403 1310 1525 1341 Graece
1550 1307 1644 1343 λοίβη

950 1362 1075 1394 dicitur
1100 1372 1151 1393 res
1176 1362 1300 1392 divina.
1347 1361 1414 1392 Alii
1443 1360 1562 1397 aliter3
1586 1357 1643 1388 sed

951 1413 1048 1445 unice
1067 1414 1178 1454 placet
1191 1411 1375 1443 doctissimi
1393 1409 1554 1441 Bocharti
1570 1417 1646 1438 sen-

951 1465 1081 1496 tentia:
1099 1473 1219 1503 nempe
1235 1462 1376 1493 liberum
1390 1461 1562 1491 Bacchum
1577 1458 1646 1489 dici

952 1514 1097 1545 Hebraea
1122 1513 1246 1554 phrasi,
1265 1521 1331 1552 qua
1356 1510 1455 1541 horim
1481 1514 1647 1540 vocantur

952 1565 1136 1606 principes,
1160 1564 1193 1594 id
1212 1568 1274 1598 est,
1298 1562 1407 1593 liberi.
1451 1561 1507 1592 Sic
1526 1559 1646 1591 Eccle-

951 1616 1044 1646 siast.
1059 1623 1093 1645 x.
1111 1617 1162 1645 17.
1186 1614 1194 1629 ‘
1212 1614 1242 1643 Ο
1261 1618 1293 1643 te
1316 1613 1447 1643 beatam
1465 1611 1648 1651 regionem,

951 1666 1044 1706 cujus
1060 1674 1120 1695 rex
1139 1668 1190 1694 est
1206 1662 1293 1693 filius
1310 1662 1415 1693 horim
1443 1659 1648 1695 liberorum,'

952 1716 985 1746 id
1002 1721 1066 1754 est,
1085 1714 1257 1754 praeclaris
1274 1718 1368 1744 ortus
1387 1711 1595 1752 parentibus,
1613 1714 1649 1741 et

953 1766 996 1797 ab
1014 1767 1078 1796 illis
1096 1765 1282 1796 liberaliter
1299 1764 1487 1794 institutus.
1533 1762 1648 1802 Atque

952 1817 999 1847 ita
1028 1816 1242 1847 nominantur
1271 1813 1449 1852 Babylonii
1478 1811 1648 1853 principes

954 1867 1008 1897 Es.
1033 1873 1165 1896 xxxiv.
1184 1867 1233 1894 12.
1262 1863 1317 1894 ubi
1347 1862 1523 1894 Chaldaeus
1547 1861 1648 1891 habet

952 1918 1025 1949 bene
1041 1917 1140 1948 horim
1155 1915 1242 1946 filios
1258 1914 1441 1945 liberorum
1466 1922 1524 1943 seu
1551 1912 1649 1942 hero-

953 1978 1019 1998 um.
1065 1967 1150 1997 Inde
1168 1965 1255 1996 enim
1279 1965 1415 1995 heroum
1444 1972 1585 1994 nomen:
1612 1965 1649 1991 nt

951 2028 1018 2049 non
1041 2017 1209 2047 immerito
1228 2014 1424 2046 Nimrodum
1455 2011 1647 2043 Methodius

953 2068 1103 2108 appellet
1119 2066 1255 2105 ἀδελφὸν
1269 2067 1330 2096 τῶν
1344 2063 1457 2103 ἡρώων.
1473 2066 1482 2081 ‘
1494 2064 1647 2093 Fratrem

953 2219 1051 2249 Idem.

995 2274 1011 2296 g
1030 2266 1193 2307 Liberata]
1219 2267 1283 2298 Illa
1305 2265 1420 2304 verba,
1443 2273 1481 2295 ιι)
1499 2272 1570 2303 EST,
1588 2272 1648 2294 Lo-

954 2328 1059 2354 cUTA,
1077 2329 1117 2349 ne
1134 2319 1229 2349 Pauli
1248 2316 1382 2358 quidem
1400 2322 1488 2347 sunt.
1534 2317 1649 2348 Quare

954 2369 1191 2411 expungenda.
1237 2366 1361 2402 Eiram,
1383 2366 1539 2405 liberata,
1555 2365 1649 2396 defa-

953 2426 1045 2459 nata,
1061 2420 1160 2451 idem.
1184 2417 1385 2457 Arnobius,‘
1398 2417 1551 2457 Spatiola
1566 2420 1647 2446 tem-

956 2473 1084 2513 plorum
1102 2468 1283 2501 defanata.'
1303 2469 1372 2499 Jos.
1387 2467 1468 2498 Scal.

998 2521 1159 2560 Liberata]
1196 2520 1354 2550 Liberata
1377 2517 1515 2556 templa,
1533 2515 1564 2546 id
1583 2519 1647 2549 est,

956 2571 1069 2603 effata.
1113 2569 1199 2600 Vide
1221 2569 1252 2599 iu
1272 2577 1353 2598 voce
1376 2568 1384 2584 ‘
1399 2565 1516 2597 effari!
1560 2566 1646 2596 Dele

956 2623 1070 2662 itaque
1088 2621 1159 2651 lraec
1178 2618 1292 2657 verba,
1314 2618 1346 2647 id
1371 2620 1417 2646 est
1438 2616 1550 2650 locuta,
1573 2625 1646 2656 quae

959 2683 1000 2704 ue
1019 2671 1115 2702 Pauli
1131 2669 1264 2711 quidem
1284 2671 1370 2705 sunt,
1394 2665 1451 2696 sed
1481 2665 1648 2706 nugatorii
