1835 2906
754 145 1026 177 PRAEFA'rio,
1584 131 1610 170 7

234 249 353 292 Libri
375 247 422 287 de
442 243 654 286 verborum
673 239 966 297 signficatione
987 237 1142 290 integri
1164 235 1352 277 extitere
1383 246 1524 288 usque
1554 234 1610 275 ad

179 324 379 370 tempora
410 313 557 355 Caroli
587 310 752 362 Magni,
789 307 888 361 quis
916 305 1085 348 Paulus
1108 304 1337 344 Diaconus
1358 301 1613 354 Longobar-

180 385 276 432 dus,
302 382 431 422 homo
454 375 853 420 confidentissimus
882 378 927 414 et
948 370 1264 424 ineptissimus,
1286 382 1363 411 eos
1383 367 1614 416 mutilavit,

180 451 388 503 corrupit.
448 445 585 486 Victo
607 444 719 484 enim
747 455 798 482 ac
819 441 1052 496 profligato
1071 438 1321 485 Desiderio,
1344 437 1418 490 qui
1439 435 1617 477 ultimus

181 515 562 570 Longobardorum
597 523 677 552 rex
707 508 804 557 fuit,
833 511 986 561 captus
1004 519 1031 547 a
1052 505 1213 546 Carolo
1238 503 1403 556 Magno
1425 502 1621 555 Impera-

182 592 287 634 tore,
322 594 521 635 magnam
548 584 590 620 et
610 591 638 618 a
657 577 826 617 victore
846 579 887 615 et
907 588 934 615 a
951 573 1209 627 posteritate
1232 584 1280 612 se
1302 571 1505 611 initurum
1525 580 1620 620 gra-

181 654 287 693 tiam
319 650 502 704 putavit‚
536 647 575 688 si
605 646 750 687 Sexto
786 641 1000 694 Pompeio
1036 639 1170 680 Festo
1204 637 1369 679 faceret
1389 635 1506 690 quod
1526 635 1622 687 ipse

182 718 338 759 Verrio
359 716 550 757 fecisset.
608 711 698 753 Sed
718 711 851 751 homo
873 709 1087 749 barbarus
1107 706 1223 746 hunc
1241 705 1510 758 scriptorem,
1532 713 1622 754 quo

183 785 401 827 utiliorem
428 784 581 835 lingua
603 780 764 821 Latina
783 790 870 818 non
889 776 1032 824 habet,
1052 774 1118 814 ita
1138 772 1325 826 accepit,
1346 769 1463 812 foede
1483 768 1623 810 lania-

184 855 263 903 vit,
284 856 326 893 et
346 850 589 893 inhonestis
616 846 869 888 vulneribus
896 843 1106 891 confecit,
1137 845 1187 882 ut
1217 840 1405 882 cadaver
1433 850 1513 892 pro
1549 836 1626 877 ho-

185 921 316 969 mine,
333 923 533 960 truncum
555 928 634 970 pro
652 926 853 966 corpore,
874 911 1169 953 semianimem
1190 921 1270 962 pro
1291 907 1393 949 vivo
1411 904 1541 946 nobis
1562 916 1626 944 re-

186 988 376 1041 liquerit.
436 985 600 1036 Magno
637 986 778 1023 tamen
815 980 963 1021 favore
981 982 1024 1019 et
1043 978 1205 1031 plausu
1218 978 1428 1027 exceptus
1449 976 1514 1013 est
1530 973 1628 1012 hat-

186 1056 281 1095 bari
302 1052 564 1093 mutilatoris
585 1050 709 1098 liber,
731 1052 776 1088 et
791 1048 892 1088 loco
910 1045 1037 1086 Festi
1058 1044 1100 1084 in
1123 1042 1325 1083 omnibus
1345 1038 1628 1080 bibliothecis

190 1122 468 1162 substitutus.
508 1117 637 1159 Unde
658 1115 781 1157 brevi
803 1115 966 1155 factum
985 1115 1051 1152 est
1071 1117 1117 1150 ut
1137 1121 1267 1150 verus
1286 1106 1408 1148 Festi
1418 1106 1527 1147 liber
1541 1117 1631 1146 non

190 1188 380 1241 amplius
413 1184 678 1239 apparuerit.
752 1181 879 1223 Unus
912 1183 1078 1220 tantum
1099 1176 1242 1218 adhuc
1272 1174 1454 1216 extabat
1492 1172 1631 1214 cladis

192 1259 431 1308 superstes,
453 1253 532 1294 sed
555 1251 699 1305 qualis
720 1249 925 1291 incendio
947 1249 1138 1299 ereptus,
1157 1242 1403 1285 consumtis
1422 1240 1632 1288 vestibus,

189 1323 397 1363 ustulatis
420 1319 636 1369 membris,
657 1317 900 1358 deformata
917 1314 1048 1363 facie,
1070 1314 1138 1354 vel
1159 1310 1337 1365 qualem
1357 1309 1432 1350 ille

657 1385 870 1426 laniatum
893 1394 1074 1435 corpore
1091 1384 1186 1422 toto

420 1455 707 1509 Deiphobum
727 1453 851 1500 vidit,
870 1453 948 1492 διο.

191 1525 300 1581 Ejus
321 1525 421 1565 libri
443 1523 616 1564 advecti
637 1534 694 1562 ex
707 1520 884 1575 Illyrico
905 1518 1058 1560 habuit
1080 1516 1253 1569 aliquas
1276 1510 1476 1567 pagellas
1509 1509 1639 1549 Pom·

193 1594 353 1647 ponius
376 1593 544 1640 Laetus,
575 1597 625 1630 ut
647 1590 774 1637 Pius,
788 1592 834 1630 ut
856 1587 1108 1629 Politianus
1130 1582 1432 1636 scripserunt.a
1492 1574 1642 1627 Majo-

193 1675 281 1702 rem
302 1661 399 1702 libri
421 1663 587 1713 partem
610 1657 825 1698 Manilius
848 1654 1023 1696 Rallus.
1061 1652 1132 1692 Ab
1149 1651 1220 1691 his
1243 1646 1437 1700 Angelus
1457 1643 1640 1685 Politia-

194 1742 278 1768 nus
317 1728 473 1769 librum
517 1727 703 1778 aceepit,
740 1723 933 1775 agnovit,
965 1727 1010 1761 et
1039 1717 1292 1770 exscripsit.
1352 1712 1643 1754 Pervenerunt

195 1795 392 1847 reliquiae
415 1794 554 1834 libelli
586 1792 642 1832 ad
670 1790 836 1831 Aldum
865 1788 1135 1835 Manutium,
1157 1785 1233 1838 qui
1255 1785 1438 1824 conatus
1454 1782 1524 1820 est
1544 1789 1644 1818 cum

197 1862 331 1902 Pauli
351 1862 541 1914 epitome
565 1873 640 1900 eas
663 1858 942 1911 conjungere,
972 1858 1017 1896 et
1035 1866 1169 1895 unum
1198 1862 1360 1904 corpus
1379 1860 1437 1888 ex
1458 1844 1644 1899 duplici-

198 1930 282 1970 bus
315 1928 521 1968 membris
562 1926 794 1968 conficere.
855 1923 1000 1965 Simili
1032 1922 1202 1962 ratione
1232 1933 1287 1960 ex
1318 1921 1503 1969 utroque
1533 1913 1644 1953 libro

198 1996 423 2037 confectus
446 1995 556 2036 alter
575 1995 684 2035 liber
705 1993 890 2034 extabat
910 1990 1029 2045 apud
1058 1988 1278 2030 Achillem
1309 1983 1508 2025 Mafeum
1539 1980 1647 2020 Ber-

197 2063 368 2103 nardini
399 2062 646 2103 Cardinalis
682 2061 875 2110 fratrem,
906 2059 981 2112 qui
1015 2056 1178 2098 Aldino
1198 2051 1477 2107 locupletior.
1536 2047 1648 2088 Eum

199 2130 438 2183 exscripsit
458 2130 525 2170 vir
544 2128 865 2169 eruditissimus
880 2125 1098 2167 Antonius
1114 2121 1384 2175 Augustinus
1401 2116 1650 2170 Episcopus

200 2197 456 2245 Ilerdensis,
487 2200 531 2237 et
562 2195 645 2236 hoc
676 2195 865 2248 amplius
895 2193 1084 2233 lectores
1115 2187 1354 2235 admonuit,
1387 2195 1486 2237 quae
1513 2179 1651 2229 Festi,

203 2278 304 2317 quae
327 2264 461 2305 Pauli
491 2268 650 2304 essent.
711 2262 873 2303 Omnia
903 2272 1082 2314 quoque
1114 2257 1358 2308 fragmenta
1389 2263 1489 2304 quae
1515 2248 1653 2288 habu-

204 2337 297 2373 erat
318 2345 375 2372 ex
396 2331 667 2372 bibliotheca
686 2328 964 2384 Amplissimi
984 2327 1065 2369 viri
1086 2322 1284 2367 Farnesii
1307 2316 1558 2361 Cardinalis
1579 2314 1655 2355 de-

208 2399 339 2439 scribi
360 2399 541 2448 curavit,
562 2402 607 2439 et
626 2397 947 2438 commentariis
977 2391 1226 2436 illustravit.
1286 2388 1396 2429 Post
1415 2398 1516 2426 eum
1537 2381 1655 2423 criti-

211 2479 361 2506 corum
386 2466 599 2519 Princeps
617 2465 645 2506 J
650 2465 842 2519 osephus
860 2463 1055 2515 Scaliger
1076 2460 1175 2501 huic
1197 2455 1367 2498 auctori
1383 2449 1654 2494 emendando

213 2532 593 2586 diligentissimam
614 2545 789 2586 operam
813 2530 1036 2585 praestitit,
1054 2526 1190 2568 multa
1210 2523 1392 2565 vulnera
1411 2517 1599 2565 sanavit,
1612 2519 1656 2555 et

446 2688 457 2702 ³
482 2683 533 2713 Ex
549 2681 678 2713 Anton.
705 2679 847 2720 August.
867 2678 917 2709 Ex
941 2674 1104 2707 Politian.
1120 2672 1221 2703 Cent.
1239 2679 1262 2701 1.
1281 2677 1357 2709 cap.
1372 2669 1426 2698 73.
