1835 2906
410 147 470 176 DE
502 146 773 177 VERBORUM
806 146 1215 180 SIGNIFICATIONE
1250 151 1341 183 [ΑΒ.
1375 153 1481 183 xlv.

1596 148 1680 189 575

290 255 392 284 num
419 242 506 284 offa
542 243 723 296 porcina
753 255 850 284 cum
882 242 1025 284 cauda
1052 244 1097 284 in
1135 246 1258 287 cenis
1281 248 1406 301 puris
1427 248 1513 290 offa
1532 253 1680 304 penita

291 314 499 353 vocatur:
531 315 573 353 et
606 312 816 366 peniculi,
850 312 976 366 queis
996 312 1287 356 calciamenta
1307 319 1540 368 tergentur,
1561 320 1679 372 quod

292 391 317 419 e
339 378 462 419 codis
482 380 690 420 extremis
710 379 933 421 faciebant
953 381 1136 435 antiqui,
1159 382 1234 434 qui
1255 386 1466 436 tergerent
1486 399 1565 427 ea:
1588 387 1680 428 dic-

288 451 381 487 tum
403 451 471 488 est
490 447 672 489 forsitan
694 461 721 489 a
742 447 988 501 pendendo.

1048 448 1239 490 Naevius
1255 450 1300 490 in
1315 452 1603 496 Tunicularia
1621 469 1630 496 :
1648 460 1681 485 ¹4

286 514 562 556 Theodotum
579 515 834 568 compellas,
870 516 946 568 qui
976 528 1073 557 aras
1103 518 1414 571 compitalibus
1436 521 1607 563 Sedens
1630 524 1676 564 in

287 582 414 624 caella
436 583 775 624 circumtectuas
797 584 1009 635 tegetibus
1030 583 1167 626 Lares
1190 585 1388 628 ludentes
1409 588 1510 641 peni
1530 590 1679 642 pinxit

285 649 452 699 bubulo
471 663 481 691 :
514 649 732 703 significat
751 650 959 703 peniculo
981 651 1146 703 grandi,
1167 652 1211 693 id
1233 658 1320 704 est,
1343 654 1469 696 coda.

230 716 397 758 Penem
420 717 602 758 caudam
624 718 856 768 vocabant,
877 719 993 759 unde
1014 723 1057 760 et
1076 720 1205 761 offam
1230 723 1456 775 porcinam
1497 723 1624 777 [PAU
1637 736 1679 766 1,.

286 797 386 825 cum
406 784 561 835 cauda,
583 784 716 826 offam
736 785 933 839 penitam
966 786 1195 830 dicebant:
1227 789 1329 831 hinc
1366 794 1409 832 et
1442 792 1677 845 peniculos

285 851 489 904 dicimus,
511 853 674 907 quibus
695 854 990 896 calciamenta
1009 859 1247 909 terguntur,
1267 858 1341 911 qui
1363 858 1416 899 de
1439 859 1678 901 caudarum

285 920 559 961 extremitate
580 920 705 963 fiunt.
757 921 888 963 Penis
909 922 1098 977 denique
1120 937 1147 965 a
1167 925 1397 978 pendendo
1417 931 1575 968 vocata
1594 931 1676 969 est.

228 987 459 1029 Penetrale
480 988 766 1030 sacrificiume
789 989 963 1040 dicitur,
984 991 1103 1045 quod
1124 992 1327 1034 interiore
1348 998 1473 1047 parte
1512 994 1677 1047 [ῈΕΞΤ6

285 1055 464 1096 sacrarii
481 1055 734 1098 conficitur:
765 1057 882 1099 unde
902 1063 944 1101 et
962 1060 1199 1113 penetralia
1221 1062 1439 1116 cujusque
1465 1061 1677 1112 dicuntur,

283 1127 326 1164 et
346 1136 479 1176 penes
496 1136 594 1174 nos,
617 1124 734 1179 quod
756 1124 798 1165 in
821 1129 1042 1179 potestate
1057 1132 1210 1169 nostra
1228 1133 1312 1170 est.

225 1189 481 1232 Penetralia
501 1195 603 1233 sunt
621 1192 853 1245 penatium
875 1193 1068 1235 Deorum
1089 1195 1295 1236 sacraria.

219 1256 472 1309 Penetrare,
491 1259 666 1312 penitus
685 1260 863 1301 intrare.

1498 1196 1677 1249 [PAUL.

224 1323 452 1366 Peniculif
477 1326 674 1380 spongiae
703 1327 846 1381 longae
876 1332 1050 1383 propter
1080 1329 1406 1372 similitudinem
1439 1330 1676 1373 caudarum

279 1394 535 1447 appellatae.
595 1394 737 1436 Penes
756 1396 868 1437 enim
890 1398 1160 1438 vocabantur
1176 1398 1346 1440 caudae.

223 1459 504 1502 Penitam¹⁵g
544 1461 676 1504 offam
709 1462 897 1506 Naevius
934 1465 1138 1519 appellat
1179 1464 1470 1520 obsegmen¹⁶
1512 1466 1677 1522 [FEST.

827 1605 947 1618 ooooo

949 1606 1069 1619 eeeeee

264 1694 304 1724 14
330 1691 383 1723 ld.
401 1692 484 1725 ibid.
502 1692 802 1726 (tunicularia—15
819 1694 902 1726 Vet.
917 1694 994 1727 cod.
1012 1695 1276 1728 Poenitam.—16
1300 1694 1363 1727 Ed.
1377 1695 1467 1727 Scal.
1480 1695 1652 1735 absegmen.

876 1817 1022 1851 NOTAE

217 1907 369 1936 cumtecta
389 1904 540 1945 tegetibus
561 1905 660 1937 Lares
682 1906 821 1937 ludentes
845 1905 919 1946 peni

215 1955 325 1995 pinxit
341 1955 462 1988 bubulo.
496 1956 542 1987 Et
558 1956 705 1997 pessime
721 1956 842 1987 Festus
859 1965 916 1996 pe-

216 2015 293 2037 nem
323 2006 499 2047 bubulum,
527 2007 689 2048 grandem
722 2006 915 2048 peniculum

215 2055 474 2097 interpretatur,
487 2057 584 2098 penis
607 2057 751 2089 bubulus
766 2061 821 2088 est
835 2066 916 2088 cau-

216 2105 258 2137 da
284 2105 423 2147 bubula,
449 2117 514 2148 qua
540 2111 576 2138 et
601 2107 643 2138 ad
668 2107 916 2148 peniculorum,

216 2160 252 2187 et
282 2156 325 2187 ad
356 2157 606 2189 Muscariorum
640 2167 737 2189 usum
772 2157 917 2188 Veteres

216 2205 413 2238 utebantur.
458 2207 511 2238 Ad
551 2207 782 2248 peniculorum
820 2217 918 2238 usum

216 2265 319 2296 supra
355 2257 519 2288 Naevius:
574 2257 617 2288 ad
657 2257 918 2294 Muoeariorum,

218 2307 341 2338 AElian.
366 2308 400 2338 ἐκ
411 2307 529 2338 τούτων
543 2307 576 2339 δὲ
590 2310 653 2339 τῶν
674 2310 767 2346 βοῶν,
789 2308 840 2339 καὶ
862 2308 919 2340 τὰς

215 2356 387 2396 μυιοσόβας
412 2359 583 2390 ποιοῦνται.
627 2359 703 2389 ‘Ex
729 2359 794 2390 illis
810 2358 917 2391 bobus

215 2409 384 2440 muscaria
398 2408 555 2441 faciunt!
579 2408 661 2440 Dae.

258 2459 394 2500 Penem]
416 2459 572 2491 Glossar.
605 2460 615 2476 ‘
627 2459 731 2491 Coena
745 2469 844 2501 pura,
859 2471 917 2491 πα-

215 2510 361 2549 ρασκευὴ,
390 2509 639 2551 προσάββατον]
672 2510 855 2551 Augustin.
881 2512 916 2543 in

214 2560 336 2594 Joann.
360 2561 647 2599 ‘Acceleratam‚’
673 2562 793 2603 inquit,
819 2563 916 2595 ‘vult

215 2610 361 2653 intelligi
392 2614 602 2655 sepulturam
626 2623 670 2645 ne
695 2614 915 2656 advesperas-

216 2667 323 2703 ceret,
354 2664 488 2705 quando
515 2664 587 2705 jam
628 2668 771 2705 propter
815 2674 916 2704 para·

216 2721 355 2754 sceuen,
381 2723 481 2755 quam
504 2723 637 2746 coenam
661 2723 781 2755 puram
804 2714 916 2747 Judaei

973 1906 1097 1937 Latine
1135 1905 1292 1937 usitatius
1329 1904 1419 1946 apud
1448 1914 1509 1936 nos
1539 1909 1674 1940 vocant„

972 1955 1085 1988 fat-ere
1100 1956 1168 1988 tale
1186 1956 1315 1998 aliquid
1338 1966 1405 1987 non
1422 1956 1574 1987 licebat?
1599 1957 1674 1988 Ful.

978 2007 1088 2039 Ursin.

1012 2062 1026 2078 e
1037 2057 1205 2089 Penetrale
1216 2056 1419 2098 sacrificium]
1436 2056 1568 2088 Larium
1581 2057 1676 2088 Deo-

971 2118 1044 2140 rum
1071 2108 1286 2147 sacrificium,
1313 2113 1352 2139 nt
1377 2108 1511 2149 opinor,
1538 2117 1616 2138 nam
1638 2111 1674 2138 et

972 2159 1037 2201 ipsi
1051 2160 1224 2200 penetrales
1241 2158 1340 2190 dicti.
1363 2159 1447 2190 Dac.

1016 2209 1029 2229 f
1048 2210 1208 2250 Peniculi]
1233 2209 1345 2240 Gloss.
1370 2208 1379 2224 ‘
1399 2208 1593 2247 Peniculus,
1613 2217 1672 2248 pe-

972 2260 1120 2301 nicillus,
1135 2258 1298 2298 andyyosl
1348 2257 1430 2289 Aliae
1448 2257 1561 2288 Gloss.
1586 2257 1595 2274 ‘
1614 2265 1672 2297 pe-

972 2311 1120 2342 niculum
1137 2310 1320 2349 σπογγεῖον,
1334 2306 1551 2348 σπογγάριον.’
1574 2307 1673 2338 Idem.

1015 2366 1031 2389 g
1054 2359 1216 2399 Penitam]
1251 2359 1339 2390 Vide
1374 2358 1383 2375 ‘
1407 2357 1560 2390 Penem!
1593 2358 1673 2389 Ant.

972 2412 1060 2451 Aug.

1015 2462 1178 2503 Penitam]
1203 2461 1374 2493 Arnobius
1398 2460 1485 2492 libro
1502 2469 1552 2492 vt.
1577 2459 1588 2477 ‘
1604 2468 1671 2490 nae-

971 2513 1058 2553 nias,
1074 2512 1224 2554 offasque
1241 2512 1376 2553 penitas
1391 2511 1411 2544 :'
1434 2511 1492 2543 ubi
1509 2511 1597 2551 lego,
1614 2514 1671 2541 tae-

970 2564 1051 2596 nias.
1097 2564 1192 2595 Sicut
1208 2563 1241 2593 in
1257 2562 1395 2594 eodem:
1416 2562 1425 2580 ‘
1439 2562 1519 2604 quid
1536 2561 1670 2592 tuceta?

971 2613 1050 2655 quid
1068 2614 1210 2645 naeniae?
1226 2612 1304 2654 quid
1322 2611 1397 2643 offae
1409 2611 1432 2643 ?'
1467 2611 1564 2642 Idem
1579 2619 1671 2641 men-

969 2664 1070 2695 dum:
1093 2663 1273 2704 legendum
1301 2662 1389 2693 enim
1415 2662 1529 2693 taenioe.
1577 2658 1667 2691 Quid

971 2718 1085 2747 essent
1101 2714 1217 2755 taenioe,
1239 2713 1296 2745 vel
1318 2711 1473 2752 tantiam,
1495 2709 1573 2742 vide
1592 2717 1666 2750 quae
