1835 2906
187 120 272 162 238

642 131 791 162 SEXTI
828 132 1030 163 POMPEII
1067 132 1202 163 FES'PI

189 226 431 281 EpularesS
461 225 807 279 appellabantur,
847 227 923 280 qui
962 226 1006 266 in
1047 225 1311 280 quibusdam
1351 227 1467 270 ludis
1502 235 1630 272 nocte

246 294 552 347 epulabantur.

190 361 458 410 EQUESTRE
482 374 558 412 aes,
579 362 695 415 quod
717 362 852 415 equiti
874 362 1071 403 dabatur.

190 429 398 483 Equiriat
426 429 530 480 ludi,
552 443 667 483 quos
698 429 917 470 Romulus
953 429 1085 470 Marti
1107 429 1292 471 instituit
1312 444 1392 484 per
1422 444 1631 485 equorum

247 510 432 546 cursum,
454 497 528 550 qui
549 498 594 537 in
617 510 773 550 campo
796 497 959 538 Martio
981 498 1308 538 exercebantur.

190 564 437 617 Equirine,u
459 564 773 618 jusjurandum
791 578 869 618 per
890 564 1136 615 Quirinum.

186 631 319 685 Equo
341 631 439 672 vehi
460 631 622 672 flamini
646 632 798 673 Dialix
827 645 914 674 non
934 634 1108 683 licebat,
1140 646 1194 674 ne
1225 633 1263 674 si
1299 634 1472 687 longius
1492 634 1633 687 digre-

247 698 433 748 deretur,
455 712 581 740 sacra
596 700 924 752 negligerentur.

190 766 400 820 Equitare
414 771 432 796 Υ
462 767 632 821 antiqui
654 767 858 809 dicebant
878 781 994 821 equo
1014 768 1194 821 publico
1213 773 1242 792 ¹¹
1274 782 1449 811 merere.

190 834 342 887 Equus
361 834 494 875 Marti
510 840 523 855 ²
554 835 878 885 immolabatur,
897 835 1015 888 quod
1040 848 1118 888 per
1135 835 1231 888 ejus
1253 835 1436 888 effigiem
1450 837 1647 891 Trojani

247 902 367 955 capti
395 903 507 943 sint:
536 903 606 943 vel
637 902 754 955 quod
782 916 834 943 eo
861 915 1012 956 genere
1040 902 1243 944 animalis
1273 903 1398 945 Mars
1426 904 1633 946 delectari

246 975 483 1022 putaretur.

191 1037 400 1079 ERCTUM
441 1038 662 1091 citumque
681 1043 696 1060 ³
727 1038 776 1079 fit
803 1038 916 1080 inter
939 1043 1178 1087 consortes,
1212 1045 1260 1080 ut
1287 1040 1329 1080 in
1349 1039 1472 1080 libris
1491 1039 1634 1093 legum

250 1105 548 1147 Romanarum
566 1109 598 1128 ¹²
628 1107 798 1159 legitur.
850 1107 1026 1148 Eretum
1050 1120 1076 1148 a
1097 1106 1339 1148 coercendo
1364 1107 1542 1153 dictum,
1557 1119 1635 1147 un-

791 1195 1028 1206 eeeeeeeeee

232 1259 269 1287 11
297 1256 361 1288 Ed.
385 1257 474 1289 Scal.
493 1267 602 1298 equum
622 1258 876 1298 publicum—12
900 1259 1047 1292 Quidam
1071 1259 1148 1291 libri
1165 1269 1272 1300 regum
1289 1260 1508 1292 Romanorum.

839 1356 978 1389 NOTAE

191 1419 288 1449 oves’
311 1420 467 1451 Varroni.
491 1422 559 1452 Jos.
577 1421 664 1453 Scul.

236 1470 384 1511 Epulum]
398 1472 640 1503 Sicutdeliciam
655 1472 813 1512 singulari
825 1481 884 1502 nu-

191 1532 295 1553 mero.
327 1523 426 1554 Unde
445 1525 476 1555 in
494 1526 605 1566 lapide
618 1526 779 1566 antiquo:
799 1527 807 1543 ‘
822 1525 891 1557 Pro

192 1573 299 1604 salute
310 1573 470 1605 Veneriae
482 1575 559 1606 filiae
576 1575 794 1615 dolcissimae,
810 1575 892 1607 deli-

191 1622 252 1652 ciae
267 1622 362 1653 suae-¹
382 1624 463 1655 Dae.

235 1678 244 1691 ⁵
282 1674 449 1714 Epulares]
483 1675 593 1706 Varro
612 1686 619 1706 ε
652 1681 660 1693 ‘
678 1676 768 1707 Dum
799 1677 890 1717 Epu-

192 1724 278 1753 lares
297 1729 395 1755 nocte
411 1725 656 1764 epularentur.'
674 1726 773 1756 Idem.

234 1775 243 1792 ²
268 1773 416 1814 Equiria]
434 1775 487 1805 Ab
504 1786 664 1816 equorum
683 1785 782 1807 cursu
800 1776 895 1808 dicta

193 1823 345 1863 Equiria‚
369 1825 424 1855 die
451 1829 504 1856 27.
532 1826 706 1857 Februarii
724 1826 891 1857 celebrari

192 1874 302 1904 solita.
341 1874 442 1905 Ovid.
462 1884 500 1906 11.
517 1876 611 1906 Fast.
656 1877 763 1908 Erant
779 1882 813 1908 et
827 1878 889 1908 alia

194 1924 332 1964 Equiria
358 1935 432 1966 quae
460 1926 515 1957 die
543 1929 593 1957 14.
613 1927 731 1957 Martii
750 1936 888 1967 perage-

196 1974 319 2004 bantur
336 1975 367 2005 in
394 1985 514 2016 campo
544 1977 683 2015 Martio,
711 1977 777 2016 vel,
802 1977 828 2007 si
862 1978 887 2007 is

195 2032 281 2063 aqua
322 2029 510 2060 teneretur,
550 2026 584 2056 in
619 2031 733 2056 monte
772 2027 891 2058 Coelio.

193 2073 280 2104 Vide
297 2074 308 2090 ‘
320 2075 491 2106 Martialis
504 2075 664 2116 campus!
688 2077 786 2107 Idem.

237 2129 251 2144 ¹¹
275 2124 443 2165 Equirine]
469 2126 538 2156 Per
555 2125 746 2164 Quirinum,
763 2131 799 2157 ut
823 2126 832 2143 ‘
850 2126 892 2156 Ε-

196 2173 332 2214 castor}
351 2184 412 2215 per
428 2176 618 2211 Castorem,
641 2176 650 2192 ‘
670 2175 813 2206 Eccere'
834 2186 893 2216 per

197 2223 368 2255 Cererem.
413 2225 500 2256 Vide
525 2226 741 2257 ‘Mecastorss
766 2227 862 2259 Idem.

231 2279 245 2294 x
258 2275 344 2314 Equo
354 2275 554 2316 rehiflamiui
567 2276 672 2317 Diali]
684 2276 790 2308 Vide‘
803 2277 891 2309 Ede-

197 2322 255 2353 ra.’
279 2324 377 2356 Idem.

240 2379 253 2400 y
278 2375 443 2417 Equitare]
476 2377 622 2418 Proprie
651 2377 693 2409 de
720 2378 892 2420 equitibus

197 2422 399 2455 militaribus
412 2426 669 2468 dicebatur,qui
685 2437 770 2469 equo
783 2429 892 2469 publi-

198 2481 238 2503 co
252 2473 460 2506 militabant:
477 2477 565 2508 unde
583 2478 673 2510 Ptin.
689 2479 892 2511 lib.xxx1n.

198 2531 274 2562 cap.
290 2525 317 2553 1.
343 2523 351 2538 ‘
365 2524 524 2565 Equitum
545 2537 666 2559 nomen
687 2529 894 2561 subsistebat

199 2573 231 2602 in
250 2574 368 2604 turmis
381 2584 541 2615 equorum
556 2578 790 2617 publicorum.'
807 2580 858 2611 m.

199 2672 226 2703 S
241 2628 253 2643 ²
277 2623 382 2664 Equus
396 2625 512 2665 Marti]
528 2627 679 2660 October
692 2640 809 2670 equus.
825 2632 894 2663 Jos.

225 2674 282 2704 cal.

981 1425 996 1440 ²
1013 1421 1141 1452 Eretum
1163 1421 1333 1462 citumque]
1356 1421 1456 1453 Tolle
1480 1422 1636 1462 copulam

937 1479 1020 1505 QUE.
1064 1471 1073 1487 ‘
1089 1472 1228 1502 Eretum
1245 1473 1350 1503 citum
1362 1472 1370 1484 '
1387 1477 1440 1503 est
1456 1471 1636 1503 liaereditas

941 1521 1060 1553 divisa.
1087 1522 1220 1553 Glossae
1239 1533 1246 1553 :
1265 1523 1274 1539 ‘
1289 1522 1438 1553 Herctus
1455 1522 1639 1560 eitus,61at-

941 1582 1025 1611 ρεσις
1036 1569 1099 1602 τῶν
1116 1572 1338 1612 ὑπαρχόντων.’
1375 1574 1530 1604 Donatus
1547 1573 1636 1613 apud

941 1621 1119 1653 Servium:
1145 1624 1154 1639 ‘
1170 1624 1311 1654 Eretum
1337 1632 1402 1653 non
1430 1622 1548 1659 citum,
1577 1623 1639 1654 boc

943 1676 1007 1708 est,
1027 1672 1264 1711 patrimonium
1282 1681 1347 1703 non
1365 1672 1520 1703 divisum.
1556 1672 1639 1703 Erc-

944 1727 1014 1753 tum
1032 1722 1186 1753 ciendum
1202 1733 1210 1754 :
1233 1722 1414 1753 haereditas
1434 1722 1641 1753 dividunda:

944 1773 1174 1804 Glossarium:
1208 1774 1217 1790 ‘
1233 1773 1382 1812 Ciendae,
1413 1771 1642 1813 διαιρουμένης.’

944 1823 1059 1854 Idem:
1085 1824 1093 1839 ‘
1109 1824 1342 1865 Erciscundae,
1366 1823 1557 1865 διαιρέσεως,’
1574 1823 1640 1854 for-

946 1880 1034 1906 tasse
1051 1874 1227 1915 διαιρετέας.
1244 1876 1314 1906 Jos.
1330 1875 1413 1907 Scul-

977 1926 1108 1956 Erctum
1116 1925 1286 1966 citumque]
1299 1926 1393 1956 Tolle
1407 1925 1560 1965 copulam
1571 1934 1640 1965 que,

944 1979 979 2006 et
1002 1976 1077 2016 lege
1092 1987 1099 2006 :
1126 1977 1256 2006 Eretum
1285 1976 1391 2007 citum.
1440 1976 1568 2006 Eretum
1596 1974 1639 2005 ab

946 2028 1083 2062 ercendo,
1112 2027 1176 2058 lioe
1200 2030 1262 2064 est,
1279 2025 1481 2064 coercendo,
1496 2024 1537 2055 ab
1560 2033 1641 2061 ereo,

945 2077 1035 2116 ercis,
1052 2076 1140 2107 unde
1163 2077 1287 2114 erc-isco,
1300 2074 1455 2113 coerceo,
1471 2073 1572 2104 certis
1590 2083 1641 2103 re-

947 2127 1033 2166 gulis
1050 2136 1143 2166 rego,
1157 2126 1298 2166 partior.
1345 2125 1451 2155 Citam
1463 2133 1481 2154 a
1492 2123 1538 2153 cio
1554 2122 1641 2153 divi-

946 2177 1001 2209 do.
1045 2177 1100 2207 Ita
1126 2182 1162 2207 nt
1192 2179 1306 2207 erctum
1332 2177 1428 2206 citum
1444 2175 1485 2205 sit
1513 2173 1640 2205 coerci-

947 2231 1029 2263 tum,
1042 2227 1196 2258 divisum.
1243 2227 1331 2257 Nam
1349 2226 1492 2266 primum
1506 2223 1641 2255 coerce-

946 2277 1047 2308 batur
1065 2277 1316 2318 patrimonium,
1334 2280 1453 2316 postea
1468 2273 1639 2305 divideba-

947 2332 1013 2359 tur.
1073 2328 1198 2358 Verum
1234 2327 1385 2357 Donatus
1422 2328 1540 2356 erctum
1575 2333 1640 2354 non

947 2378 1131 2410 coercitum
1152 2378 1223 2409 sive
1241 2382 1387 2418 septum,
1403 2376 1463 2407 sed
1482 2375 1640 2416 patrimo-

947 2428 1051 2467 nium,
1099 2428 1331 2459 liaereditatem
1383 2428 1638 2466 interpretatur.

948 2479 1022 2509 Erit
1040 2478 1141 2519 igitur
1156 2482 1273 2509 erctum
1290 2487 1350 2518 pro
1374 2477 1520 2510 heretum,
1549 2474 1639 2514 qnod

948 2538 1010 2568 pro
1027 2529 1176 2567 horctum,
1190 2528 1222 2559 id
1241 2532 1307 2566 est,
1320 2527 1438 2560 bonum,
1454 2529 1539 2556 teste
1557 2524 1639 2555 Fes-

948 2583 993 2609 to.
1039 2579 1152 2610 Quare
1169 2579 1319 2615 horctum,
1335 2577 1482 2614 heretum,
1508 2573 1559 2604 vel
1576 2583 1639 2604 erc-

948 2633 1012 2659 tum
1024 2630 1119 2659 citum
1132 2634 1185 2660 est
1205 2627 1384 2659 haereditas
1408 2625 1524 2662 divisa,
1549 2624 1638 2664 quod

948 2681 1036 2711 inter
1059 2679 1252 2711 colia-redes
1268 2677 1318 2717 fit,
1331 2677 1386 2717 qui
1406 2675 1540 2716 proprie
1569 2684 1638 2705 con-
