1835 2906
378 160 440 189 DE
475 158 746 190 VERBORUM
781 156 1184 190 SIGNIFICATIONE
1219 161 1315 191 LlB.
1348 161 1417 192 xl.

1536 152 1619 193 403

232 255 350 308 quod
371 268 447 297 eos
469 255 680 296 Pontifex
702 256 922 296 maximus
940 257 1275 297 consecrasset.⁸

176 324 423 364 Maximum
446 324 687 365 Praetorem
705 322 718 346 f
756 324 844 364 dici
883 326 1042 377 putant
1080 324 1154 364 alii
1195 338 1309 375 eum,
1347 325 1423 378 qui
1454 324 1620 378 [Fsss'r.

231 391 413 431 maximi
435 392 605 444 imperii
629 393 686 433 sit
706 406 715 433 ε
747 391 838 441 alii,
860 391 935 445 qui
951 397 968 423 9
998 392 1144 432 aetatis
1165 393 1398 434 maximae:
1426 406 1505 446 pro
1527 395 1620 434 col-

230 458 344 511 legio
365 458 544 512 quidem
575 464 818 512 augurumg
849 458 1072 501 decretum
1106 463 1200 511 est;
1232 460 1350 512 quod
1382 460 1428 500 in
1464 460 1619 502 salutis

231 526 417 578 augurio
434 524 450 547 ‘¹
473 526 692 566 Praetores
723 526 928 580 majores,
946 531 991 566 et
1010 527 1196 567 minores
1218 527 1512 581 appellentur,
1533 541 1621 569 non

229 593 283 634 ad
306 597 499 643 aetatem,
530 593 610 634 sed
631 594 685 634 ad
711 593 796 634 vim
816 594 988 647 imperii
1007 594 1239 647 pertinere.

177 660 405 702 Maximus
425 659 585 710 Curio,i
617 661 747 714 cujus
779 662 1039 702 auctoritate
1062 661 1211 712 curiae,
1242 674 1412 703 omnes·
1443 662 1622 715 [PAUL.

231 742 313 782 que
342 728 541 769 curiones
561 732 773 781 reguntur.

178 795 406 837 Maximus
429 794 671 836 Pontifexk
693 795 868 846 dicitur,
892 796 1012 849 quod
1033 797 1251 838 maximus
1271 809 1425 847 rerum,
1441 810 1542 850 quae
1566 797 1621 838 ad

798 928 857 939 ece

981 927 1018 939 er

216 1016 236 1043 8
261 1012 406 1045 Quidam
434 1012 518 1044 liber
544 1017 641 1045 vetus
660 1015 834 1052 confecisset
855 1024 917 1056 pro
938 1017 1219 1046 consecrasset.—9
1243 1013 1306 1045 Ed.
1321 1013 1408 1046 Scal.
1431 1013 1515 1054 quia.

827 1122 967 1155 NOTAE

174 1209 266 1238 nales
281 1209 417 1240 maximi
443 1210 684 1242 nominantur!
729 1212 773 1242 Et
795 1211 871 1242 Ser-

174 1258 247 1289 vius
264 1259 320 1291 lib.
349 1269 374 1290 1.
403 1261 536 1292 AEneid.
568 1263 578 1279 ⁴
593 1261 647 1292 Ita
663 1260 800 1296 autem,’
823 1261 871 1292 in-

172 1309 257 1350 quit,
274 1309 444 1341 ‘Annales
459 1311 746 1342 conficiebantur:
774 1310 868 1341 tabu-

173 1359 240 1390 lam
277 1359 471 1391 dealbatam
500 1361 680 1402 quotannis
711 1359 872 1392 Pontifex

173 1410 338 1441 maximus
354 1410 484 1446 habuit,
510 1412 544 1442 in
568 1421 648 1452 qua,
663 1411 872 1452 praescriptis

174 1461 348 1492 consulum
358 1462 547 1493 nominibus
558 1466 594 1493 et
605 1462 744 1493 aliorum
754 1461 876 1501 magis-

173 1516 336 1553 tratuum,
350 1513 451 1553 digna
462 1517 649 1544 memoratu
662 1516 779 1543 notare
795 1521 873 1543 con-

173 1568 333 1594 sueverat
348 1563 438 1594 domi
455 1563 664 1604 militiaeque,
685 1568 778 1594 terra
804 1571 872 1592 ma-

173 1613 269 1652 rique
294 1618 390 1653 gesta
413 1623 476 1654 per
500 1614 648 1654 singulos
673 1614 755 1653 dies,
777 1613 871 1653 cujus

173 1662 358 1702 diligentiae
387 1673 515 1694 annuos
550 1662 809 1694 commentarios
839 1662 872 1693 in

173 1715 349 1754 octoginta
373 1714 476 1745 libros
502 1718 633 1745 veteres
661 1714 870 1744 retulerunt:

173 1773 301 1804 eosque
316 1774 333 1794 a
357 1764 580 1796 Pontificibus
594 1764 747 1795 maximis
764 1774 783 1794 a
798 1764 870 1804 qui-

174 1814 236 1844 bus
250 1814 377 1845 fiebant
393 1815 530 1845 annales
540 1816 701 1846 maximos
717 1815 870 1855 appella-

173 1864 274 1896 runt.’
335 1865 375 1896 In
415 1865 525 1896 verbis
556 1865 646 1895 Festi
677 1874 737 1905 pro
765 1874 868 1895 conse-

169 1918 287 1946 crasset
302 1915 388 1946 liber
402 1915 536 1957 quidam
545 1916 663 1946 melius
678 1916 868 1953 confecisset.

170 1967 280 1998 Idem.

214 2016 228 2035 f
249 2017 426 2048 Maximum
452 2017 632 2058 proetorem]
668 2017 726 2048 Sic
751 2018 783 2048 in
799 2027 870 2049 car-

172 2067 262 2098 mine
279 2068 401 2098 Marcii
414 2069 498 2099 vatis
513 2078 520 2098 :
539 2074 548 2086 ‘
563 2068 624 2099 His
639 2068 726 2099 ludis
739 2067 870 2099 faciun-

172 2117 223 2147 dis
239 2117 357 2156 praesit
372 2117 399 2147 is
421 2123 560 2158 praetor‚
578 2118 635 2158 qui
658 2118 717 2158 jus
733 2118 868 2159 populo,

171 2167 328 2208 plebique
345 2167 441 2198 dabit
457 2168 646 2199 summum.’
678 2169 794 2199 Livius
812 2169 868 2200 lib.

174 2226 261 2248 xxv.
286 2218 442 2249 Macrob.
456 2219 513 2249 lib.
541 2228 565 2249 1.
583 2219 721 2249 Satur-n.
740 2219 791 2248 De
808 2219 868 2249 Sa-

172 2268 252 2298 lutis
275 2269 414 2308 augurio
432 2270 551 2300 Cicero
567 2270 624 2300 lib.
643 2279 666 2300 1.
690 2270 732 2300 de
750 2270 867 2301 Divin.

172 2318 315 2348 Tacitus
331 2319 391 2351 lib.
409 2328 474 2351 xn.
505 2321 608 2351 Dion.
631 2321 689 2352 lib.
719 2329 868 2352 xxxvn.

173 2368 250 2399 Ant.
266 2368 352 2407 Aug.

216 2418 395 2448 Maximum
421 2418 610 2458 Praetorem]
643 2419 718 2450 Hoc
737 2426 801 2454 est,
819 2430 870 2450 ur-

173 2467 310 2506 banum,
335 2467 389 2507 qui
406 2468 502 2505 mqjor
517 2468 618 2498 etiam
644 2473 679 2498 et
703 2469 868 2500 honoratus

172 2517 363 2548 dicebatur.
398 2517 551 2557 Quiajus
568 2518 692 2557 populo
708 2518 868 2559 plebique

174 2565 276 2597 dabat
306 2576 481 2607 summum,
508 2572 544 2598 ut
570 2572 621 2599 est
649 2569 681 2598 in
720 2570 867 2600 carmine

175 2617 298 2648 Marcii
321 2618 407 2648 vatis
435 2618 523 2658 apud
546 2618 678 2649 Livium
704 2618 762 2649 lib.
779 2628 867 2651 xxv.

174 2676 251 2707 cap.
265 2670 314 2699 12.
337 2677 403 2700 non
419 2673 531 2701 autem
548 2668 637 2710 quod
659 2670 780 2701 ceteris
796 2675 869 2701 erat

926 1215 1029 1241 aetate
1048 1211 1251 1250 provectior.
1276 1211 1364 1243 Vide
1380 1212 1389 1229 ‘
1406 1212 1513 1253 major
1535 1212 1622 1244 Con-

927 1259 1003 1291 sul.'
1029 1261 1111 1291 Dae.

969 1315 984 1336 g
1008 1310 1072 1340 Pro
1093 1312 1223 1351 collegio
1233 1311 1399 1352 augurum]
1424 1311 1624 1352 Collegium,

927 1360 1073 1391 societas
1101 1370 1230 1396 eorum,
1261 1361 1317 1402 qui
1345 1360 1488 1392 eandem
1513 1366 1621 1392 artem

924 1415 1088 1442 tractant.
1131 1411 1186 1443 Sic
1217 1412 1397 1452 collegium
1435 1411 1622 1452 fabrorum,

922 1461 1101 1501 collegium
1119 1461 1336 1501 Pontificum,
1349 1465 1413 1493 διο.
1436 1462 1538 1494 Idem.

967 1511 982 1531 ¹¹
1006 1513 1045 1543 In
1069 1513 1181 1543 salutis
1201 1513 1348 1552 augurio]
1371 1513 1499 1544 Salutis
1519 1525 1622 1555 augu-

924 1561 1010 1592 rium
1028 1568 1090 1601 ρει·
1105 1564 1156 1592 44.
1180 1571 1283 1592 annos
1308 1563 1535 1594 intermissum
1558 1565 1624 1595 Αιι-

925 1616 1041 1652 gustus
1059 1612 1222 1643 restituit.
1245 1613 1330 1644 Erat
1345 1613 1462 1644 modus
1480 1614 1624 1654 augurii,

925 1667 976 1701 ut,
991 1663 1018 1693 si
1036 1663 1125 1694 Deus
1142 1663 1371 1704 permitteret,
1395 1666 1539 1696 salutem
1563 1676 1622 1706 po-

926 1714 1005 1753 pulo
1022 1718 1214 1754 poscerent,
1232 1714 1325 1754 quasi
1337 1723 1377 1744 ne
1394 1715 1536 1745 salutem
1550 1716 1623 1756 qui—

924 1762 1001 1793 dem
1019 1773 1038 1793 a
1055 1763 1131 1793 Diis
1148 1769 1268 1803 petere
1292 1762 1344 1794 fas
1363 1768 1465 1798 esset,
1482 1764 1514 1795 ni
1531 1766 1621 1805 prius

922 1813 984 1844 hoc
1001 1813 1110 1853 ipsum
1130 1814 1184 1845 Dii
1203 1815 1463 1846 concessissent.
1498 1816 1625 1847 Obser-

922 1864 1048 1895 vabant
1061 1869 1174 1895 autem
1191 1864 1280 1894 diem
1303 1874 1404 1894 unum
1426 1866 1623 1906 quotannis,

923 1923 988 1955 quo
1014 1914 1122 1945 nullus
1149 1914 1190 1945 ad
1208 1914 1334 1944 bellum
1349 1913 1625 1954 proficisceretur

924 1966 1109 2004 exercitus,
1148 1974 1245 1995 nemo
1281 1974 1316 1996 se
1344 1964 1385 1996 ad
1414 1965 1537 1996 bellum
1566 1977 1622 1998 ac-

924 2015 1089 2054 cingeret,
1121 2024 1219 2046 nemo
1250 2020 1429 2056 pugnaret,
1456 2026 1559 2056 quare
1587 2018 1620 2047 in

925 2068 1086 2109 periculis
1104 2068 1317 2108 maximeque
1333 2068 1487 2098 civilibus
1513 2069 1623 2100 neuti-

922 2127 1019 2159 quam
1062 2118 1179 2149 fiebat.
1238 2117 1326 2148 Vide
1372 2118 1517 2148 Dionem
1564 2119 1620 2149 lib.

923 2177 1067 2199 xxxvu.
1093 2169 1190 2199 Idem.

968 2218 975 2238 ἢ
997 2219 1159 2249 Maximus
1177 2217 1288 2257 Curio]
1321 2218 1388 2249 Qui
1414 2217 1547 2258 reliquis
1563 2228 1620 2249 cu-

924 2269 1274 2309 rionibus,sexaginta
1286 2268 1375 2298 enim
1392 2272 1426 2298 et
1442 2268 1509 2298 duo
1525 2274 1620 2299 erant

923 2322 955 2352 in
973 2322 1125 2362 qualibet
1141 2320 1247 2360 curia,
1266 2324 1423 2360 praeerat.
1455 2320 1499 2350 Le
1517 2322 1620 2360 grand

926 2372 1022 2411 Cure,
1038 2372 1082 2401 Le
1095 2372 1222 2410 general
1233 2372 1286 2400 des
1305 2369 1414 2400 Cures.
1440 2369 1548 2400 Idem.

966 2422 980 2443 ¹⁶
998 2423 1160 2453 Maximus
1174 2421 1341 2461 Pontifex]
1361 2420 1530 2459 Cuperem
1543 2422 1620 2452 Fes-

926 2473 951 2502 ti
969 2473 1074 2502 verba
1096 2472 1235 2502 videre:
1272 2480 1382 2511 neque
1407 2472 1495 2501 enim
1517 2470 1619 2502 facile

924 2523 1030 2552 Paulo
1047 2522 1149 2552 credo
1167 2521 1331 2551 asserenti
1353 2520 1550 2552 Pontificem
1569 2521 1617 2551 fu-

923 2573 988 2603 isse
1011 2572 1180 2602 vindicem
1206 2571 1427 2601 contumaciae
1446 2572 1619 2611 magistra-

925 2627 1031 2661 tuum,
1049 2627 1083 2652 et
1103 2622 1322 2661 privatorum.
1368 2620 1454 2651 Vide
1479 2617 1611 2660 Dionys.

924 2672 980 2704 lib.
1000 2682 1047 2703 rv.
1072 2672 1146 2703 An!-
1166 2671 1250 2710 Aug.
