1835 2906
216 157 273 198 54

658 165 805 196 SEXTI
840 164 1039 195 POMPEH
1075 163 1210 194 FESTI

274 262 436 311 retulit,
458 260 563 301 muli
596 260 789 301 Mariani
824 263 981 313 postea
1001 259 1350 313 appellabantur.
1410 259 1569 312 Itaque
1592 272 1651 299 ae⁶

274 342 441 370 rumnae
458 329 629 368 labores
650 333 885 367 onerososx
916 326 1178 379 significant,
1202 326 1294 365 sive
1325 338 1352 366 a
1384 325 1544 367 Graeco
1567 339 1652 366 ser-

273 409 402 438 mone
427 395 716 443 deducuntur,
746 406 847 434 nam
868 391 976 447 αἴρειν
998 393 1175 441 Graece,
1210 392 1372 433 Latine
1405 393 1556 433 tollere
1588 392 1653 432 di-

277 465 404 504 citur.

221 531 492 575 AEruscaoey
513 541 600 569 aera
617 527 819 580 undique,
843 527 887 568 id
909 532 992 576 est,
1013 527 1244 581 pecuniaS‚
1267 526 1485 578 colligere.

221 596 459 638 AEstimata
477 599 637 647 poena²
668 594 723 634 ab
745 593 938 647 antiquis
969 595 1024 634 ab
1059 606 1144 634 aere
1170 593 1287 634 dicta
1320 598 1415 633 est:
1447 593 1522 646 qui
1555 604 1654 632 eam

278 663 607 703 aestimaverunt
628 672 735 702 aere:
766 673 892 701 ovem
915 661 1122 711 decussi,a
1151 662 1310 702 bovem
1341 660 1550 709 centussi‚
1570 659 1654 699 hoc

281 735 364 778 est,
384 730 533 770 decem
554 733 597 770 et
618 734 783 770 centum
806 729 994 770 assibus.

224 796 492 846 AEstimias,¹>
514 796 844 837 aestimationes.

224 865 452 906 AEstuaria
474 870 573 906 sunt
594 864 753 912 omnia,
776 876 864 916 qua
884 875 1001 903 mare
1022 863 1218 903 vicissim
1240 866 1329 902 tum
1350 860 1531 909 accedit,
1565 865 1655 900 tum

280 931 458 971 recedit.

225 998 481 1051 Agasonesc
503 1010 640 1051 equos
658 1001 852 1050 agentes,
874 996 918 1037 id
941 1000 1021 1046 est,
1043 994 1292 1036 minantes.‘¹

872 1116 1016 1148 NOTAE

227 1205 270 1234 la·
303 1203 351 1234 Ut
364 1202 405 1234 ab
420 1202 552 1242 ἐλαμένη
564 1203 616 1234 vel
628 1202 768 1241 ἠλαμένη
781 1202 916 1242 lamina,

227 1255 348 1285 lamna.
405 1255 456 1284 De
473 1254 570 1284 mulis
587 1253 747 1284 Marianis
765 1253 841 1283 vide
858 1262 916 1283 suo

226 1305 312 1334 loco.
337 1304 419 1334 Duc.

270 1359 285 1374 Χ
302 1354 410 1394 Itaque
419 1363 565 1384 oerumnoe
578 1354 693 1384 labores
703 1354 857 1394 onerosos]
870 1353 918 1384 Ut

227 1409 345 1445 partus
373 1404 506 1434 dolores
544 1404 653 1434 Plaut.
688 1402 811 1443 Amph.
840 1412 864 1433 1.
888 1406 919 1434 2.

229 1454 356 1484 ‘Pater
383 1453 513 1484 curavit
541 1463 604 1483 uno
627 1458 665 1483 ut
692 1452 776 1483 foetu
802 1451 921 1491 fieret;

228 1505 305 1535 Uno
341 1509 377 1534 ut
412 1503 526 1534 labore
562 1503 717 1534 absolvat
755 1513 920 1534 aerumnas

229 1553 338 1584 duas.’
363 1554 460 1583 Idem.

272 1603 816 1644 F.AErttsct1re]AEruscatores,qnos
826 1603 919 1635 Grae-

230 1654 260 1685 ci
291 1654 438 1694 ἀγύρτας,
468 1659 503 1684 et
532 1651 749 1693 μητραγύρτας
791 1659 922 1693 vocant,

230 1705 328 1735 etiam
347 1704 572 1735 AEsculatores
588 1703 799 1734 dicebantur.
824 1703 921 1734 Glos-

231 1755 368 1794 sarium,
381 1756 390 1770 ‘
401 1754 603 1794 AEsculator,
616 1752 840 1792 χαλκολόγος.’
854 1755 921 1784 Jos.

231 1804 313 1835 Scal.

274 1853 457 1893 AEruscare]
484 1855 713 1893 Χαλκολογεΐν,
739 1854 771 1884 id
793 1859 856 1890 est,
873 1866 919 1885 νο·

231 1903 369 1942 μίσματα
384 1903 561 1942 συλλέγειν,
573 1904 723 1944 Hesycli.
741 1904 761 1934 i.
776 1914 925 1935 nummos

233 1955 404 1994 colligere.
429 1955 565 1985 Nummi
579 1955 666 1985 enim
679 1954 804 1985 minimi
825 1955 924 1994 pretii

232 2015 296 2035 (ενα
346 2004 557 2035 dicebantur.
617 2004 753 2035 Graecis
797 2003 922 2044 χαλκοῖ.

232 2055 466 2086 AEruscatores
481 2054 582 2085 etiam
595 2055 811 2084 aesculatores
829 2054 924 2085 dicti.

234 2105 341 2135 Gloss.
364 2103 808 2142 ’ἈΕςςιιΙῑιῐοτ,χαλκολόγος.’
832 2104 925 2135 Grae-

235 2154 264 2185 ci
280 2152 413 2194 ἆγύρτας
425 2159 459 2185 et
471 2152 686 2194 μητραγύρτας
698 2158 829 2184 vocant.
845 2154 924 2184 Dac-

277 2210 289 2225 z
305 2206 476 2236 AEstz'mata
495 2203 598 2245 poena]
625 2204 712 2235 Haec
738 2205 842 2235 multa
860 2210 924 2244 est,

236 2260 273 2286 ut
294 2255 423 2286 Gellius
448 2259 541 2285 notat
568 2255 626 2286 lib.
653 2263 704 2285 Χι.
732 2264 807 2295 cap.
836 2257 865 2285 1.
887 2260 923 2286 et

236 2307 356 2337 Festus
374 2306 475 2337 verbo
488 2309 496 2323 ‘
514 2305 684 2345 Multam‚'
705 2311 741 2337 et
762 2308 771 2325 ‘
784 2306 927 2346 ovibus,’

237 2361 270 2386 et
287 2355 501 2395 ‘peculatus.’
523 2356 602 2387 Ant.
617 2355 702 2395 Aug.

280 2406 449 2436 AEslz‘mata
462 2408 566 2447 poena]
595 2407 697 2437 Certa
708 2407 835 2438 mulcta
852 2407 927 2438 aeris

237 2457 421 2487 secundum
461 2457 720 2488 aestimationem
768 2457 841 2497 ejus
878 2458 927 2489 rei

236 2511 379 2546 propter
397 2515 494 2545 quam
511 2506 638 2537 indicta
654 2512 716 2538 est.
740 2508 820 2539 Dae.

280 2558 294 2574 ὃ
309 2555 456 2595 Decussi]
473 2555 636 2587 Decussis
652 2566 804 2587 nummus
823 2566 927 2588 ειη-θῦε

239 2605 357 2636 decem
375 2606 508 2644 assium,
524 2607 644 2637 minori
665 2617 724 2637 seu
746 2608 847 2647 priori
869 2608 926 2638 de-

239 2655 331 2686 nario
358 2656 506 2687 Romano
529 2665 589 2696 par
605 2657 725 2697 pretio,
745 2657 928 2689 Turonieo—

972 1212 1044 1233 rum
1068 1201 1312 1233 denariolorum
1335 1200 1560 1243 quadraginta
1580 1199 1663 1230 duo·

974 1261 1058 1287 rumi
1090 1253 1189 1283 trium
1213 1252 1449 1282 Francicorum
1480 1250 1662 1281 solidorum

972 1312 1046 1332 cum
1071 1302 1220 1332 dimidio.
1266 1302 1355 1340 Ergo
1379 1300 1545 1331 centussis
1569 1309 1662 1330 num-

973 1361 1044 1381 nius
1068 1361 1177 1382 aereus
1199 1356 1334 1382 centum
1364 1351 1498 1388 assium,
1525 1349 1665 1380 Franci-

974 1412 1088 1433 corum
1121 1402 1300 1433 solidorum
1339 1402 1477 1441 trIginta
1507 1400 1665 1441 quinque.

976 1454 1074 1484 Idem.

1015 1503 1030 1524 b
1046 1502 1224 1542 AEstimz‘as]
1242 1503 1314 1533 Lex
1326 1511 1390 1533 ΧΗ.
1404 1501 1509 1532 tabul.
1527 1499 1665 1530 ‘Tribus

975 1552 1130 1583 nundinis
1147 1553 1313 1583 continuis
1334 1552 1366 1582 in
1393 1551 1562 1581 comitium
1590 1558 1665 1590 pro-

976 1602 1093 1640 citato,
1105 1602 1248 1642 aerisque
1262 1601 1435 1632 aestimiam
1454 1598 1666 1640 praedicato!

976 1653 1045 1683 Pro
1060 1653 1193 1683 oestimia
1209 1658 1327 1693 postea
1349 1652 1466 1682 dixere
1489 1650 1666 1681 aestz'mium.

976 1702 1086 1734 Idem.

1030 1757 1042 1772 ⁰
1068 1751 1243 1790 Agasones]
1285 1750 1440 1782 Minandi
1471 1749 1574 1780 verbo
1605 1757 1668 1788 pro

978 1803 1108 1843 agendo
1137 1803 1188 1832 vel
1214 1801 1368 1832 dut-eudo
1396 1801 1502 1831 utitur
1528 1799 1668 1832 Paulus,

979 1863 1054 1883 nam
1065 1853 1155 1884 Festi
1169 1862 1263 1883 usum
1276 1853 1485 1891 ignoramus:
1508 1850 1554 1881 sic
1569 1849 1670 1890 paulo

981 1907 1058 1942 post
1072 1903 1080 1919 ‘
1097 1901 1222 1941 Agere,
1238 1907 1316 1931 ante
1333 1911 1368 1931 se
1387 1902 1528 1940 pellere,
1553 1900 1584 1931 id
1605 1904 1670 1938 est,

979 1953 1104 1982 minare
1120 1951 1140 1982 :'
1171 1957 1205 1981 et
1230 1951 1331 1981 verbo
1358 1951 1479 1989 inigere
1505 1951 1614 1980 utitur
1636 1950 1670 1978 in

980 2002 1097 2033 eadem
1122 2001 1366 2041 significatione
1384 2007 1478 2031 vetus
1503 2001 1673 2039 interpres

980 2061 1151 2082 sacrorum
1184 2052 1365 2082 librorum:
1404 2056 1438 2081 et
1473 2059 1538 2081 una
1569 2050 1671 2081 litera

979 2108 1118 2136 mutata
1141 2102 1221 2132 Itali
1251 2110 1364 2132 omnes
1393 2110 1514 2131 menore
1543 2099 1671 2130 dicunt.

976 2153 1055 2184 Ant.
1070 2156 1155 2192 Aug.

1018 2202 1191 2242 Agasones]
1210 2200 1416 2232 Glossarium
1431 2212 1437 2231 :
1463 2201 1582 2239 δοῦλος,
1597 2211 1670 2237 κτη-

980 2253 1099 2285 νεσσία.
1118 2255 1221 2294 Lege,
1233 2253 1340 2284 δοῦλος
1354 2252 1402 2283 ἐπὶ
1418 2251 1671 2289 κτήνεσσιν..]οε.

982 2305 1065 2336 Scae.

1022 2354 1196 2394 Agasones]
1226 2355 1395 2394 Equorum
1423 2352 1473 2383 vel
1504 2352 1672 2382 asinorum

982 2405 1141 2436 ductores
1157 2404 1343 2435 Tarentina
1358 2404 1483 2440 lingua.
1510 2403 1596 2432 Nam
1610 2402 1673 2432 Ta-

983 2455 1191 2485 rentinorum
1222 2453 1393 2493 proprium
1427 2457 1477 2482 est
1507 2451 1673 2491 simplicia

982 2504 1085 2535 verba
1114 2513 1173 2543 per
1197 2511 1388 2542 paragogen
1412 2498 1611 2541 producere,
1635 2506 1673 2531 ut

982 2554 1024 2585 ab
1043 2554 1120 2593 ἄγω,
1144 2553 1243 2593 duco,
1259 2551 1378 2591 ὀγάζω,
1401 2549 1533 2590 ἀγάζων,
1557 2560 1672 2589 agam.

983 2607 1040 2637 Sic
1068 2606 1109 2636 ab
1135 2604 1226 2635 κναίω
1251 2606 1377 2643 scalpo,
1408 2601 1516 2641 κνάζω,
1542 2600 1671 2640 κνάζων,

981 2656 1069 2687 unde
1091 2665 1178 2687 vuaso
1205 2663 1282 2686 acus
1308 2662 1372 2694 qua
1389 2652 1546 2683 mulieres
1570 2656 1673 2692 caput
