1835 2906
301 373 433 447 M.
507 354 963 448 VERRII
1053 370 1494 450 FLACCI

575 544 779 605 QUAE
847 545 1233 603 EXTANT.

560 841 643 887 M.
700 839 945 888 VERRII
1002 838 1248 887 FLACCI

417 976 645 1019 RERUM
692 975 999 1018 MEMORIA
1039 974 1394 1018 DIGNARUM

798 1118 917 1161 LIB.
967 1119 1004 1160 Ι.

176 1228 425 1287 νΕκΒιυε
443 1245 529 1286 hoc
550 1245 661 1286 libro
675 1245 814 1294 refert,
833 1259 908 1286 cur
929 1244 1096 1286 dicatur
1116 1257 1268 1285 versus
1290 1244 1364 1285 ille
1381 1256 1439 1284 ex
1459 1244 1619 1286 Hesio·

175 1316 249 1364 do,
285 1314 455 1354 Malum
489 1313 725 1353 consilium
768 1312 1003 1353 consultori
1038 1312 1277 1365 pessimum
1317 1316 1401 1351 est.
1462 1311 1619 1352 Statua

176 1381 336 1422 Romae
359 1381 403 1420 in
425 1380 601 1420 comitio
632 1381 782 1432 posita
804 1380 986 1420 Horatii
1008 1378 1192 1419 Coclitis
1213 1378 1440 1418 fortissimi
1460 1378 1542 1418 viri
1564 1378 1618 1418 de

178 1448 295 1488 coelo
314 1450 430 1487 tacta
450 1450 531 1486 est.
591 1445 661 1486 Ob
682 1446 726 1486 id
753 1446 894 1498 fulgur
914 1445 1099 1498 piaculis
1123 1445 1332 1485 luendum
1356 1443 1618 1496 haruspices

173 1528 230 1554 ex
253 1513 425 1553 Etruria
446 1513 595 1562 acciti,
616 1513 796 1554 inimico
819 1518 950 1566 atque
980 1511 1130 1553 hostili
1151 1512 1194 1552 in
1215 1511 1428 1564 populum
1450 1509 1618 1550 Roma-

172 1594 276 1621 num
306 1580 469 1629 animo,
506 1580 785 1620 instituerant
815 1593 912 1620 eam
947 1593 1036 1620 rem
1067 1578 1300 1619 contrariis
1337 1577 1615 1629 religionibus

171 1657 422 1699 procurare.
480 1644 628 1698 Atque
661 1645 781 1686 illam
814 1649 1005 1686 statuam
1037 1649 1268 1686 suaserunt
1300 1644 1344 1683 in
1371 1644 1617 1684 inferiorem

171 1715 319 1754 locum
360 1726 589 1766 perperam
629 1713 870 1765 transponi,
908 1726 1035 1765 quem
1077 1712 1155 1752 Sol
1197 1711 1409 1764 oppositu
1447 1710 1614 1751 circum

172 1779 367 1831 undique
390 1779 570 1819 aliarum
586 1779 747 1818 aedium
766 1791 988 1831 nunquam
1008 1777 1261 1818 illustraret.
1292 1775 1424 1825 Quod
1443 1789 1541 1816 cum
1555 1778 1617 1816 ita

173 1847 264 1886 fieri
284 1845 622 1898 persuasissent,
645 1845 785 1884 delati
801 1844 855 1884 ad
877 1845 1108 1897 populum,
1142 1843 1390 1896 proditique
1418 1848 1540 1895 sunt3
1573 1850 1618 1884 et

173 1926 273 1953 cum
305 1912 360 1952 de
388 1910 570 1964 perfidia
590 1911 783 1951 confessi
814 1917 974 1959 essent,
1001 1909 1145 1949 necati
1175 1913 1298 1949 sunt:
1333 1909 1615 1962 constititque

171 1992 269 2019 cam
308 1982 515 2026 statuam,
553 1976 737 2030 perinde
771 1980 817 2017 ut
852 1988 967 2016 verae
1001 1974 1199 2015 rationes
1237 1978 1343 2027 post
1378 1980 1615 2027 compertae

171 2045 419 2093 monebant,
436 2043 482 2082 in
502 2043 647 2083 locum
666 2043 832 2083 editum
848 2041 1196 2089 subducendam,
1212 2045 1345 2093 atque
1364 2040 1430 2080 ita
1449 2041 1493 2080 in
1514 2054 1615 2082 area

173 2110 368 2151 Vulcani
389 2109 630 2149 sublimiori
659 2109 757 2149 loco
789 2107 1078 2148 statuendam.
1139 2107 1211 2148 Ex
1242 2119 1332 2159 qua
1359 2119 1405 2146 re
1441 2107 1549 2147 bene
1571 2113 1615 2148 et

174 2189 384 2229 prospere
404 2176 515 2228 reip.
537 2176 684 2216 cessit.
742 2175 871 2215 Tunc
894 2175 1040 2227 igitur,
1061 2173 1179 2228 quod
1216 2173 1261 2213 in
1293 2173 1504 2213 Etruscos
1537 2174 1614 2215 ha—

175 2244 371 2296 ruspices
405 2242 519 2283 male
555 2242 833 2283 consulentes
868 2242 1217 2282 animadversum
1259 2240 1614 2293 vindicatumque

172 2310 332 2358 fuerat,
365 2321 517 2349 versus
538 2308 608 2349 hic
632 2310 826 2350 senarius
855 2309 964 2349 scite
995 2308 1137 2350 factus
1159 2310 1446 2359 cantatusque
1469 2320 1566 2347 esse
1587 2321 1614 2348 a

175 2376 320 2428 pueris
340 2376 444 2416 urbe
461 2380 555 2415 tota
575 2375 739 2416 fertur.³

589 2535 599 2549 ³
627 2531 677 2560 Ex
695 2530 771 2561 Gel.
791 2529 846 2561 lib.
862 2538 911 2561 ιν.
929 2537 1002 2570 cap.
1020 2532 1049 2559 5.
