1835 2906
221 114 304 156 278

661 129 809 161 SEXTI
845 132 1044 163 POMPEII
1081 135 1215 166 FESTI

223 221 545 275 Frugamentag
563 236 589 265 a
610 224 806 279 frugibus
828 227 1067 281 appellata.

221 288 484 331 Fruniseorh
516 297 562 332 et
584 292 790 335 frunitum
818 295 929 337 dixit
947 296 1075 345 Cam,
1096 309 1277 351 nosque,
1305 312 1403 340 cum
1433 300 1572 342 adhuc
1594 301 1657 342 di-

276 359 416 398 cimus
436 359 696 413 infrunitum,
719 366 883 404 certum
905 369 972 404 est
993 365 1200 419 antiquos
1221 365 1388 408 dixisse
1407 367 1627 409 frunitum.

220 423 474 477 Frutina1,⁵1
505 429 718 483 templum
738 429 930 471 Veneris
951 430 1084 472 fruti.⁶

822 550 936 562 eeeeee

939 550 1054 563 eeeeee

258 626 277 653 5
301 623 356 655 Al.
380 624 539 656 Frucinal.
566 624 645 657 vid.
662 625 787 658 ine—6
811 627 954 660 Quidam
970 629 1160 668 librifrutae
1178 630 1344 671 velfrugi,

867 737 1010 769 NOTAE

257 815 272 838 g
296 810 524 850 Frugamenta]
558 810 611 841 An
636 811 814 851 legendnm
834 812 908 850 fru-

212 863 335 890 menta?
352 870 393 890 an
407 860 614 892 existimavit
624 861 909 899 Festnsfiwnenta

213 911 305 942 dicta
336 911 430 952 quasi
447 911 663 950 frugamenta,
687 921 707 942 a
732 911 907 952 frugibus?

212 961 359 993 Dubito.
398 962 516 1001 Frugis
532 962 738 1000 etfrumenta
755 973 774 993 a
795 963 906 994 fruen-

211 1012 266 1044 do.
290 1014 417 1054 Fruges
435 1018 525 1054 sunt,
542 1024 615 1055 qnae
638 1015 758 1055 siliqua
775 1024 832 1045 seu
847 1013 907 1045 fol-

210 1063 310 1095 liculo
327 1066 558 1103 continentur,
575 1070 612 1096 ut
628 1065 718 1103 faba,
743 1065 907 1105 lupinum,

211 1115 389 1156 etreliqua
414 1116 603 1156 legumina3
626 1116 808 1152 frumenta,
831 1127 906 1158 quae

209 1165 337 1197 liabent
379 1166 527 1197 aristam.
576 1166 753 1198 Interdum
792 1172 904 1199 tamen

199 1215 313 1254 frugis
328 1226 448 1247 nomen
466 1218 623 1257 generale
640 1222 704 1248 est.
738 1219 783 1249 Et
798 1218 904 1251 Julia-

208 1275 270 1297 nus
307 1267 572 1298 Jnrisconsultus
609 1268 651 1300 D.
682 1268 724 1299 de
757 1269 903 1302 Verbor.

210 1316 325 1357 signif.
341 1319 362 1348 l.
382 1326 523 1349 Lxxvn.
539 1318 647 1349 tradit
670 1320 679 1335 ⁴
698 1318 830 1359 frugem
845 1330 904 1360 ap-

208 1367 328 1407 pellari
351 1378 481 1399 omnem
509 1368 669 1408 reditum,
695 1378 760 1399 non
784 1370 903 1410 solum,

208 1418 263 1457 qni
298 1428 340 1448 ex
372 1419 550 1450 frumentis
581 1424 640 1450 aut
671 1419 906 1461 leguminibus,

207 1475 324 1498 verum
339 1469 452 1508 etiam,
468 1470 524 1510 qui
552 1479 594 1500 ex
611 1470 699 1509 vino,
722 1471 774 1501 vel
791 1480 833 1501 ex
849 1472 904 1502 sil-

208 1517 258 1548 vis
288 1519 425 1558 caeduis,
442 1521 494 1550 vel
512 1525 613 1551 cretae
626 1520 761 1562 fodinis,
784 1522 903 1563 lapici-

206 1570 292 1601 dinis
310 1571 522 1611 percipitur.'
549 1572 646 1603 Idem.

247 1620 261 1641 ¹1
291 1622 472 1662 Fruniscor]
510 1624 610 1656 Quod
638 1624 687 1655 ait
712 1624 812 1664 vulgo
837 1624 904 1656 dici

204 1671 418 1713 infrunitum,
435 1683 511 1704 usus
522 1679 571 1704 est
588 1675 719 1705 Seneca
730 1674 773 1705 de
785 1674 904 1705 Benef.

203 1722 262 1755 lib.
280 1733 335 1756 111.
358 1726 366 1741 ‘
380 1724 572 1764 Infrunita‚'
598 1725 720 1766 inquit,
737 1728 746 1743 ‘
761 1730 796 1756 et
820 1727 904 1757 anti-

205 1776 323 1815 quaria
340 1781 401 1811 ost,
420 1786 495 1817 quae
509 1777 641 1808 nesciat
655 1777 902 1809 matrimonium

205 1827 317 1857 vocari
334 1837 434 1857 urium
452 1827 666 1858 adulterum.'
712 1827 902 1860 Infrunitus

204 1885 285 1916 ergo
309 1878 409 1917 plane
438 1882 500 1917 est,
526 1877 613 1918 quod
632 1878 764 1909 Graecis
781 1877 902 1918 ἀπειρό·

202 1932 309 1959 καλος.
358 1927 409 1958 Ad
428 1938 525 1968 quem
543 1938 676 1959 sensnm
696 1929 829 1960 videtur
846 1939 900 1961 ac-

202 1979 335 2019 cepisse
360 1980 525 2019 interpres
551 1984 648 2010 vetus
672 1980 811 2010 Latinus
829 1979 900 2011 bil)-

201 2030 322 2060 liorum
353 2040 535 2061 sacrorum.
584 2031 671 2061 Nam
701 2030 735 2060 in
760 2030 815 2061 lib.
840 2032 899 2062 Sa-

201 2079 343 2120 pientiae
360 2081 443 2113 Jesu
460 2080 518 2111 filii
542 2081 658 2112 Siracli
685 2081 732 2112 ita
747 2081 871 2121 legitur
889 2093 896 2112 :

199 2129 348 2161 ‘Animo
372 2131 580 2162 inreverenti
606 2137 641 2161 et
666 2130 831 2162 infrunito
855 2141 896 2163 ne

201 2179 316 2211 tradas
330 2191 395 2220 me,
407 2180 574 2212 Domine.’
598 2181 658 2211 Est
676 2186 789 2212 autem
806 2181 899 2213 locus

200 2241 274 2271 cap.
302 2234 353 2262 23.
401 2232 452 2262 Ex
477 2231 596 2272 quibus
623 2231 734 2261 verbis
755 2237 898 2271 apparet

198 2282 351 2313 mutilum
361 2292 432 2313 esse
443 2282 595 2313 codicem
606 2282 817 2321 Graecum‚in
830 2291 897 2322 quo

201 2336 331 2363 tantum
371 2333 495 2372 legitur
515 2344 521 2362 z
560 2332 679 2363 κοιλίας
715 2332 808 2371 ὄρεξις
846 2332 897 2362 καὶ

199 2384 424 2421 συνουσιασμὸς
439 2384 481 2422 μὴ
498 2381 768 2419 καταλαβέτωσάν
782 2395 830 2421 με.
846 2382 896 2413 καὶ

202 2433 292 2473 ψυχῇ
309 2433 423 2464 ἀναιδεῖ
436 2435 478 2473 μὴ
500 2434 633 2475 παραδός
652 2447 701 2473 με.
746 2434 792 2465 Ut
810 2433 895 2468 Iter,

198 2483 314 2523 itiner,
329 2486 448 2524 Jecur,
463 2486 615 2520 Jecinor,
638 2486 694 2524 Se,
719 2485 790 2515 sine
807 2495 815 2521 ;
848 2483 895 2514 sic

198 2533 317 2573 Fruor,
344 2534 484 2570 fruinor,
511 2536 680 2571 Fruiscor‚
702 2534 895 2573 fruiniscor,

197 2588 233 2614 et
250 2582 427 2615 fruniscor.
454 2587 523 2617 Jos.
542 2588 626 2617 Scal-

240 2634 410 2665 Frzmiscor
426 2640 455 2666 et
471 2636 646 2677 frunitmn]
680 2638 810 2668 Gellius
834 2636 893 2668 lib.

199 2694 291 2717 xvir.
310 2695 384 2726 cap.
401 2689 431 2717 2.
457 2686 497 2717 ad
517 2687 598 2718 illud
615 2689 657 2720 Q.
676 2689 807 2720 Claudii
826 2688 893 2730 pri-

961 823 1016 845 mo
1047 814 1183 845 annali:
1210 815 1358 846 ‘Domus
1387 825 1462 846 suas
1490 826 1654 858 quemque

961 863 1011 894 ire
1023 864 1124 904 jubet
1137 870 1172 896 et
1183 874 1242 895 sna
1255 865 1367 896 omnia
1377 864 1544 897 frunisci.’
1566 869 1574 885 ‘
1589 868 1655 898 Ra-

962 914 1029 944 rius
1054 914 1214 955 quidem‚’
1237 915 1355 956 inquit,
1378 914 1467 946 ‘fuit
1494 916 1526 946 in
1553 922 1655 949 aetate

961 965 1010 996 M.
1027 966 1141 1003 Tullii,
1162 976 1201 997 ac
1225 966 1385 1006 deinceps
1410 965 1501 997 infra
1526 967 1657 998 rarissi-

961 1025 1070 1047 mum:
1098 1016 1357 1057 dubitatumque
1384 1023 1436 1048 est
1459 1018 1502 1049 ab
1520 1018 1655 1059 imperi-

961 1067 1003 1097 tis
1032 1067 1257 1107 antiquitatis,
1288 1077 1328 1098 an
1367 1068 1524 1099 Latinum
1553 1067 1655 1100 foret.

961 1117 1039 1148 Non
1064 1116 1162 1148 modo
1187 1122 1298 1148 autem
1323 1117 1493 1158 Latinum,
1519 1118 1578 1149 sed
1600 1118 1655 1158 ju-

961 1167 1105 1198 cundius
1132 1167 1356 1208 amoeniusque
1380 1168 1483 1199 etiam
1513 1167 1653 1201 verbum

960 1217 1126 1250 fruniscor
1141 1217 1267 1249 factum
1283 1223 1348 1257 est,
1365 1228 1464 1259 quam
1481 1217 1584 1250 fruor.
1610 1219 1653 1252 Q.

960 1269 1122 1299 Metellus
1138 1268 1354 1308 Numidicus,
1370 1268 1427 1309 qui
1443 1272 1536 1299 caste
1554 1277 1653 1309 pure-

960 1330 1025 1361 que
1050 1320 1163 1360 lingua
1191 1329 1268 1351 usus
1296 1319 1421 1351 Latina
1449 1319 1593 1356 videtur,
1620 1319 1654 1350 in

961 1370 1104 1410 epistola
1120 1379 1219 1411 quam
1246 1370 1323 1400 exul
1348 1369 1390 1400 ad
1410 1369 1577 1401 Domitios
1593 1369 1653 1400 mi-

959 1420 1016 1455 sit,
1032 1420 1077 1451 ita
1094 1420 1250 1460 scripsit:
1275 1420 1349 1460 Ego
1365 1429 1474 1461 neque
1497 1429 1584 1461 aqua
1598 1429 1655 1451 ne·

959 1480 1024 1512 que
1040 1470 1109 1510 igni
1125 1478 1237 1509 careo,
1260 1475 1295 1501 et
1310 1479 1438 1500 summa
1454 1469 1561 1510 gloria
1584 1469 1655 1501 fru-

958 1521 1081 1552 niscor.
1142 1520 1282 1552 Naevius
1311 1520 1344 1550 in
1375 1519 1546 1559 Atellana,
1578 1527 1653 1560 quae

958 1571 1084 1602 Partus
1101 1571 1266 1611 inscripta
1292 1575 1355 1605 est,
1382 1570 1446 1602 hoc
1473 1570 1577 1600 verbo
1603 1569 1650 1600 ita

958 1622 1067 1654 utitur
1081 1621 1200 1654 :Quod
1214 1630 1420 1661 magnopere
1431 1620 1653 1662 quaesierunt,

957 1672 991 1703 id
1019 1672 1160 1703 frunisci
1192 1682 1259 1703 non
1290 1675 1429 1712 queunt.
1488 1671 1554 1703 Qui
1585 1680 1652 1702 non

958 1723 1065 1763 parsit
1093 1722 1180 1763 apud
1207 1731 1256 1762 se,
1272 1720 1419 1752 frunitus
1442 1720 1518 1752 est.'
1563 1721 1651 1753 Haec

957 1773 1101 1804 Gellius,
1146 1773 1194 1804 Ut
1228 1771 1333 1812 fruor,
1361 1771 1516 1811 fruiscor,
1553 1771 1602 1803 sie
1633 1781 1653 1803 a

955 1822 1098 1861 fruinor,
1121 1823 1311 1862 fruinisc0r‚
1333 1827 1368 1854 et
1394 1832 1455 1863 per
1478 1831 1652 1862 syncopen

952 1875 1130 1907 fruniscor.
1176 1876 1205 1906 A
1230 1874 1394 1905 fruniscor
1422 1873 1589 1913 frunitus3
1616 1877 1652 1904 et

953 1926 1136 1958 infrunitus
1161 1928 1296 1967 proprie
1321 1925 1432 1956 dictus
1459 1925 1570 1965 homo,
1593 1924 1650 1966 qui

954 1977 1055 2008 rebus
1072 1976 1211 2007 frunisci
1229 1976 1388 2015 nesciret,
1401 1975 1452 2005 vel
1467 1975 1565 2006 homo
1577 1975 1650 2005 nul-

953 2027 1016 2057 lius
1035 2026 1156 2066 frugis,
1173 2026 1231 2057 sed
1250 2030 1369 2065 postea
1389 2025 1488 2055 homo
1506 2023 1649 2063 agrestis

952 2078 1096 2108 insulsus
1112 2076 1324 2117 ἀπειρόκαλος.
1370 2074 1444 2106 Nisi
1466 2074 1559 2104 malis
1573 2074 1647 2112 fru-

951 2130 1053 2159 m'scor
1069 2128 1232 2167 genuinam
1258 2127 1336 2157 olim
1359 2124 1514 2155 habuisse
1538 2125 1646 2155 notio-

954 2189 1052 2218 nem;
1072 2188 1171 2209 unam
1188 2176 1322 2208 fruendi
1339 2185 1358 2206 a
1374 2174 1477 2213 fruor,
1503 2176 1647 2206 alteram

953 2229 1106 2269 sapiendi
1121 2239 1138 2258 a
1154 2226 1279 2268 φρονέω.
1325 2225 1425 2257 Unde
1441 2224 1648 2256 ‘infrunitus

952 2279 1075 2320 ἅφρων.’
1119 2279 1336 2319 Sipontinns:
1370 2276 1552 2307 ‘Frunitus
1565 2276 1650 2307 dici-

953 2336 1007 2362 tur
1024 2329 1183 2370 prudens,
1206 2328 1268 2359 hoc
1284 2333 1349 2366 est,
1372 2326 1410 2362 is,
1434 2336 1500 2367 quo
1517 2325 1646 2367 perfrui

951 2382 1054 2419 licet;
1082 2380 1171 2410 sicut
1200 2389 1219 2409 a
1242 2377 1413 2408 contrario
1450 2375 1645 2416 infrunitus,

951 2431 1130 2471 insipiens,
1150 2439 1189 2460 ac
1214 2427 1370 2463 stolidus,
1397 2426 1453 2467 qui
1476 2426 1555 2456 nulli
1573 2427 1645 2457 usui

950 2486 1014 2513 est.
1053 2480 1121 2511 Sed
1138 2489 1197 2510 nos
1213 2478 1376 2509 frunitnm
1393 2481 1427 2507 et
1446 2474 1644 2507 infrunitum

949 2542 968 2563 a
999 2532 1126 2563 Graeco
1157 2529 1271 2570 potius
1301 2527 1447 2558 deducta
1476 2526 1645 2556 existima-

949 2592 1047 2620 mus3
1072 2590 1147 2611 nam
1177 2579 1291 2610 Graeci
1326 2575 1471 2615 φρονίμου
1497 2575 1643 2615 pruden-

950 2638 1032 2670 tem,
1049 2631 1166 2671 ἄφρονα
1181 2629 1371 2659 dementem
1388 2624 1528 2657 dicunt.’
1552 2626 1633 2658 Duc.

992 2683 999 2703 ἰ
1024 2680 1187 2721 Frueimd]
1210 2679 1245 2710 Si
1260 2679 1379 2710 liceret
1396 2677 1428 2708 iu
1446 2676 1552 2717 prima
1569 2677 1641 2708 lite-
