1835 2906
209 103 294 145 394

667 117 815 148 SEXTI
854 119 1054 150 POMPEII
1089 119 1225 151 FESTI

267 212 466 266 ejusdem
507 213 640 261 servi,
682 218 757 254 aut
797 214 929 255 alium
972 216 1212 256 membrum
1254 219 1407 257 tenens
1450 216 1654 258 dicebat:

267 279 403 319 Hunc
422 279 647 321 hominum
667 281 854 322 liberum
876 295 974 323 esse
996 282 1114 333 volo,
1143 287 1184 324 et
1201 285 1429 326 emittebat
1477 284 1658 337 [PAUL.

267 359 367 387 eum
401 359 424 387 θ
454 360 599 388 mallu-

211 411 485 455 Mam1mittz'2
516 415 726 458 dicebatur
755 432 889 458 servus
920 432 1127 458 sacrorum
1171 433 1327 469 caussa,
1361 434 1449 460 cum
1489 420 1655 473 [FEST.

268 480 471 523 Dominus
493 490 624 525 tenens
644 486 776 527 modo
798 490 950 540 caput,
968 485 1083 525 modo
1104 486 1326 527 membrum
1347 486 1464 527 aliud
1483 487 1654 542 ejusdem

264 550 384 601 servi,
405 551 466 592 ita
487 552 633 602 edicit,
651 554 762 594 hunc
780 553 977 594 hominem
1000 553 1170 594 liberum
1190 568 1267 595 esse
1295 553 1392 594 Volo
1411 570 1422 593 :
1443 569 1490 594 αε
1511 568 1589 607 pro
1603 568 1655 595 eo

265 630 312 658 X.
329 631 375 658 x.
397 620 653 674 auri,probi,
671 620 843 677 profani
857 622 935 662 mei
954 621 1077 675 solvo,
1101 629 1144 663 ut
1161 623 1411 677 priusquam
1426 621 1655 675 digrediar,

265 684 461 738 efficiatur
486 689 589 743 juris
610 689 690 729 sui.

264 767 361 795 nem
384 755 565 797 liberum
586 755 825 798 1nittebat.1³

811 911 930 922 ‘‘‘‘‘‘

752 690 866 730 Tum
897 691 966 731 his
996 705 1151 731 servum
1181 690 1311 732 verbis
1339 704 1358 731 e
1388 704 1510 730 manu
1530 688 1656 729 leomi-

934 912 1052 923 ‘‘‘‘‘‘

251 1000 289 1028 13
308 996 371 1028 Ed.
386 998 475 1029 Scal.
493 997 690 1030 ‘emittebat
705 1009 780 1031 eum
797 1010 814 1031 e
831 1010 930 1032 manu
947 1002 1011 1040 ejus
1028 1005 1133 1032 tenens
1148 998 1244 1030 modo
1258 1002 1374 1039 caput,
1387 999 1473 1029 modo
1491 999 1657 1030 membrum

206 1042 290 1072 uliud
311 1040 444 1079 ejusdem
464 1043 560 1080 servi,
585 1042 632 1073 ita
648 1043 774 1075 edicite
789 1045 879 1075 hunc
894 1045 1044 1075 hominem
1062 1044 1190 1075 liberum
1206 1052 1270 1073 esse
1293 1042 1379 1073 volo:
1401 1052 1437 1072 ac
1453 1051 1511 1081 pro
1529 1051 1568 1072 eo
1584 1043 1656 1072 auri

205 1094 239 1115 x.
256 1094 288 1114 x.
311 1084 393 1123 puri,
410 1084 508 1124 probi,
527 1085 651 1125 profani
675 1087 733 1118 mei
758 1088 839 1118 solvo
854 1091 888 1118 ut
914 1088 1103 1129 priusquam
1122 1086 1303 1126 digrediar,
1329 1085 1479 1125 efficiatur
1492 1084 1578 1122 juris
1607 1086 1657 1115 sui

206 1127 285 1157 duni
303 1126 353 1157 liis
379 1136 508 1157 serrum.

207 1173 245 1201 14
270 1170 348 1202 Vet.
374 1170 431 1201 lib.
449 1170 591 1202 Punicae.

561 1128 669 1159 Verbis
695 1140 710 1161 e
735 1140 825 1161 mana
847 1131 1006 1161 hominem
1036 1131 1178 1162 liberum
1205 1127 1375 1160 mittebat?
1408 1127 1494 1159 vide
1515 1127 1656 1158 infra.—

864 1295 1002 1327 NOTAE

206 1378 249 1408 tis
268 1378 339 1409 vice
356 1378 542 1421 fungentur
559 1382 670 1413 verbis
699 1383 806 1419 Festi,
829 1393 903 1425 quae

206 1430 336 1470 reliqua
375 1437 465 1470 sunt,
504 1433 624 1473 quibus
661 1433 740 1465 addi
779 1439 903 1474 potest,

205 1482 292 1521 quod
317 1492 358 1513 ex
382 1483 462 1514 Caio
491 1484 547 1515 tib.
564 1495 587 1516 ῐ.
624 1486 780 1517 Institut.
797 1486 904 1518 refert

205 1531 346 1563 Boetius
364 1533 422 1565 lib.
446 1543 504 1565 111.
525 1535 646 1576 Topic.
692 1536 779 1568 Vide
795 1538 803 1553 ‘
822 1538 902 1568 Am-

205 1581 349 1621 bactus‚'
363 1590 397 1614 et
413 1585 421 1599 ‘
436 1584 526 1615 Am.'
550 1587 628 1617 Ant.
642 1587 726 1626 Aug.

246 1639 256 1652 ⁷-
282 1634 482 1675 M'anumitti]
508 1636 574 1676 Ita,
591 1638 623 1668 ni
637 1637 748 1674 fallor,
765 1639 903 1679 implen·

204 1684 256 1715 dae
275 1692 352 1717 sunt
365 1686 458 1717 labes
472 1688 560 1718 inm:
587 1689 825 1729 Munumittens,
842 1701 902 1720 mo-

203 1737 240 1765 (Ιο
253 1741 355 1777 caput,
372 1739 458 1768 modo
474 1738 640 1770 membrum
656 1741 740 1771 aliud
756 1742 836 1771 sert-i
859 1745 902 1771 te·

204 1790 266 1825 net,
297 1790 325 1818 et
352 1789 449 1819 dicie:
476 1789 570 1819 Hunc
599 1790 750 1821 hominem
772 1792 903 1822 liberum

203 1847 266 1867 esse
282 1839 367 1868 volo:
392 1849 427 1869 ac
442 1849 497 1878 pro
514 1849 546 1869 co
559 1841 628 1870 nuri
644 1852 666 1871 a·
671 1863 781 1872 .....
798 1842 901 1881 solvit,

202 1890 250 1925 ul,
265 1888 443 1928 priusquam
460 1888 648 1928 digreditur,
659 1891 903 1932 qfficiuturjuris

202 1938 263 1977 sui,
294 1939 363 1968 dum
392 1938 440 1969 his
473 1940 573 1970 verbis
596 1941 748 1972 hominem
775 1942 902 1972 liberum

202 1988 313 2018 mittit.
362 1988 439 2019 Non
465 1989 615 2026 dubium,
634 1991 712 2032 quin
731 1993 902 2033 intelligat

203 2037 372 2069 dominum
387 2040 518 2070 solvere.
537 2042 728 2073 vicesimam
742 2052 801 2083 pro
820 2044 901 2074 libe-

203 2095 278 2120 rato
292 2099 408 2121 servo:
434 2091 475 2121 de
493 2101 559 2132 qua
576 2093 641 2123 lata
660 2099 709 2124 cst
725 2095 779 2124 lex
804 2095 900 2124 Man-

202 2141 259 2181 lia,
276 2147 311 2171 ut
327 2141 374 2172 ait
391 2141 505 2172 Livius
518 2142 604 2173 libro
618 2144 774 2183 septimo.
799 2145 900 2184 Epic-

204 2196 295 2222 tetus
319 2191 408 2232 apud
435 2192 616 2223 Arrianuni
646 2193 729 2224 libro
761 2203 801 2224 ιι.
827 2194 903 2225 ὅταν

203 2239 255 2271 οὖν
269 2241 387 2283 στρέψῃ
402 2253 448 2273 τις
473 2242 521 2272 ἐπὶ
545 2244 726 2283 στρατηγοῦ
740 2243 795 2273 τὸν
810 2245 903 2274 αὑτοῦ

202 2293 325 2332 δοῦλον,
364 2292 451 2323 οὐδὲν
489 2293 653 2334 ἐποίησας
687 2294 824 2332 ἐποίησε.
851 2295 900 2335 τίς

203 2341 331 2383 ἔστρεψε
342 2344 399 2373 τὸν
414 2344 507 2375 αὑτοῦ
522 2345 634 2375 δοῦλον
649 2345 697 2376 ἐπὶ
712 2347 902 2385 στρατηγοῦ.

203 2392 285 2424 ἄλλο
301 2395 409 2435 οὐδέν;
434 2396 490 2428 ναί.
503 2397 553 2428 καὶ
567 2398 711 2435 εἰκοστὴν
723 2399 820 2429 αὑτοῦ
835 2400 902 2429 δοῦ-

203 2456 250 2475 ναι
276 2444 406 2483 ὀφείλει.
429 2447 461 2477 τί
488 2446 563 2488 οὖν;
586 2450 602 2479 ὁ
617 2451 717 2479 ταῦτα
739 2450 843 2479 παθὼν
866 2448 902 2478 οὐ

203 2494 336 2534 ’γέγονεν
366 2498 540 2539 ἐλεύθερος;
576 2500 661 2532 {tem
693 2502 777 2531 libro
804 2510 858 2531 ιιι.
884 2501 900 2530 ὁ

204 2547 314 2577 δοῦλος
330 2547 415 2578 εὐθὺς
428 2550 553 2588 εὔχεται
567 2551 714 2591 ἀφεθῆναι
730 2551 898 2591 ἐλεύθερος.

205 2597 253 2628 διὰ
267 2596 314 2636 τί;
339 2599 456 2630 δοκεῖτε
472 2601 519 2631 ὅτι
539 2604 603 2634 τοῖς
626 2602 818 2634 εἶκοστώναις
834 2603 897 2632 ἐπι-

206 2650 293 2686 θυμεῖ
316 2650 417 2681 δοῦναι
440 2650 593 2691 ἀργύριον.
631 2655 794 2687 Quaenam
812 2662 894 2685 sum·

959 1395 1012 1415 ma
1042 1384 1095 1415 iiic
1125 1381 1317 1414 definienda
1349 1381 1403 1420 sit,
1438 1388 1503 1410 non
1537 1377 1658 1416 video;

959 1444 1067 1476 neque
1094 1442 1197 1476 quare
1225 1433 1296 1463 aui-i
1322 1431 1445 1472 potius,
1471 1439 1570 1472 qnam
1588 1428 1656 1460 for·

959 1491 1113 1517 tnnarum
1140 1484 1304 1515 vicesima.
1342 1481 1408 1513 Sed
1434 1486 1469 1512 et
1493 1481 1524 1510 in
1542 1489 1656 1510 manu·

958 1535 1182 1574 missionibus,
1213 1543 1287 1575 quae
1319 1531 1449 1563 fiebant
1484 1539 1655 1561 sacrorum

959 1597 1072 1622 causa,
1090 1584 1304 1626 pendebatur
1330 1582 1401 1613 auri
1431 1581 1546 1612 nescio
1563 1579 1657 1621 quid.

958 1637 1046 1668 vide
1061 1637 1094 1666 in
1106 1638 1115 1652 ‘
1131 1634 1212 1666 Puri
1224 1633 1245 1664 2'
1271 1633 1369 1671 aden,
1386 1636 1422 1662 ut
1440 1631 1529 1661 nulla
1545 1639 1658 1660 manu·

959 1689 1073 1719 missio
1088 1696 1154 1718 non
1172 1689 1262 1716 esset
1283 1682 1472 1724 vectigalis,
1491 1680 1658 1722 quomodo

958 1740 1107 1781 loquitur
1123 1735 1363 1768 Tertullianus.
1385 1735 1453 1764 Jos.
1470 1733 1554 1764 Scul.

1001 1790 1077 1821 Man
1084 1787 1188 1820 amitti
1199 1784 1373 1825 dicebatur]
1385 1785 1471 1816 Hauc
1480 1784 1595 1814 luxata
1607 1782 1657 1813 fu-

957 1846 1074 1879 erant3
1099 1845 1132 1870 et
1151 1838 1242 1878 prior
1259 1846 1335 1877 pars
1349 1835 1444 1875 hujus
1458 1834 1582 1874 capitis
1601 1833 1658 1863 ad-

957 1894 1104 1923 haesei-at
1119 1895 1197 1931 post
1213 1891 1331 1920 mutum
1348 1887 1396 1917 liis
1416 1885 1562 1925 vestigiis
1575 1908 1582 1916 .
1603 1907 1610 1915 .
1625 1907 1633 1916 .
1650 1905 1658 1914 .

957 1944 1015 1974 Ser
1019 1964 1128 1973 .....
1145 1949 1327 1971 sacrorum.
1346 1961 1352 1968 .
1371 1961 1378 1968 .
1397 1961 1404 1968 .
1418 1961 1424 1968 .
1439 1960 1446 1967 .
1466 1960 1474 1968 .
1493 1936 1525 1967 id
1545 1939 1656 1966 autem

959 1994 1036 2024 iude
1067 1992 1194 2023 factum
1222 1995 1286 2025 est,
1319 1987 1406 2028 quod
1436 1991 1512 2027 post
1541 1989 1657 2016 mutum

958 2044 1120 2075 continuo
1136 2043 1224 2072 hunc
1242 2037 1503 2070 manumittendi
1529 2045 1655 2066 morem

959 2096 1079 2125 Festus
1094 2093 1294 2133 explicaret.
1326 2090 1454 2120 Notum
1472 2092 1523 2118 est
1542 2092 1654 2117 autem

958 2146 1127 2177 dominum
1142 2142 1278 2173 solvisse
1294 2140 1483 2171 vicesimam
1501 2148 1560 2179 pro
1573 2138 1655 2169 libe-

958 2202 1030 2227 rato
1047 2204 1156 2233 servo,
1175 2193 1215 2223 de
1234 2202 1296 2232 qua
1314 2191 1383 2222 lata
1407 2195 1458 2221 est
1483 2191 1537 2220 lex
1556 2189 1656 2219 Man-

956 2247 1023 2277 lia:
1050 2245 1106 2275 lib.
1125 2252 1190 2274 vu.
1209 2252 1285 2282 cap.
1304 2244 1355 2271 16.
1395 2241 1546 2280 Epictet.
1565 2238 1654 2279 apud

956 2295 1168 2328 Arrian.1ib.
1194 2303 1234 2324 11.
1259 2297 1293 2322 et
1321 2291 1380 2322 lib.
1407 2300 1461 2321 111.
1490 2290 1522 2320 in
1539 2299 1655 2320 manu-

956 2345 1168 2378 missionibus
1182 2343 1296 2377 essam,
1311 2351 1386 2382 ‹111ae
1405 2340 1530 2371 fiebant
1543 2349 1655 2370 sacro·

957 2407 1029 2428 rum
1055 2405 1155 2426 causa
1183 2392 1301 2424 eadem
1329 2392 1474 2432 pecunia
1502 2390 1654 2421 solveba-

956 2454 1022 2484 tur,
1050 2447 1135 2477 adeo
1164 2451 1200 2475 ut
1231 2443 1323 2474 nulia
1351 2441 1562 2472 manumissio
1587 2449 1652 2471 non

955 2503 1047 2530 esset
1083 2496 1267 2535 vectigalis,
1304 2492 1471 2534 quomodo
1505 2491 1653 2532 loquitur

954 2548 1196 2586 Tertullianus,
1210 2552 1247 2576 nt
1262 2543 1387 2584 optime
1403 2541 1534 2572 notavit
1547 2540 1651 2572 Scali-

954 2610 1025 2641 ger.
1050 2597 1140 2629 Vide
1156 2595 1244 2628 infra
1259 2596 1292 2626 in
1307 2599 1314 2611 ‘
1334 2584 1438 2625 Puri:
1463 2592 1541 2623 Dae.
