1835 2906
311 121 374 150 DE
410 119 684 151 VERBORUM
718 117 1138 150 SIGNIFICA'PIONE
1175 119 1270 150 mu.
1304 120 1426 152 x111.
1544 112 1627 154 515

216 214 374 263 dendo,
410 214 529 269 quod
567 215 712 256 caedat
747 214 925 268 grandis
957 214 1114 268 globos
1147 220 1294 267 terrae,
1328 231 1428 259 cum
1464 217 1623 260 Cicero

221 282 527 324 venustissime
548 283 670 324 dicat
692 283 748 324 ab
772 282 1040 324 occaecando
1060 282 1204 336 fruges
1228 289 1367 326 satas.

166 350 351 401 Occare,
389 354 432 392 et
465 356 644 392 Occator
680 352 735 393 ab
770 351 1013 393 occidendo
1050 351 1231 401 dictum,
1264 354 1385 406 quod
1447 355 1629 408 [PAUL.

219 417 405 471 grandes
427 421 554 460 ter‘rae
576 418 722 461 caedat
742 420 914 473 globos.

166 485 358 527 Occasio
381 487 686 540 opportunitas
706 488 920 542 temporis
941 500 1049 529 casu
1073 487 1264 542 quodam
1292 503 1393 543 pro·
1453 490 1625 544 [FES'r.

223 553 441 595 venientis
465 558 546 595 est.

168 621 375 672 Occasio,
399 622 703 676 opportunitas
724 622 937 676 temporis
962 635 1071 664 casu
1093 625 1379 678 proveniens.
1449 627 1631 680 [PAUL.

169 688 410 740 Occasus?
431 690 634 731 interitus
652 691 722 732 vel
743 691 881 742 Solis,
905 705 1005 733 cum
1028 691 1193 733 decidit
1214 706 1241 734 a
1264 694 1435 747 superis
1466 695 1634 748 [FEsr.

224 757 338 798 infra
374 761 538 798 terras:
577 771 665 811 quo
702 759 927 800 vocabulo
967 759 1135 799 Ennius
1172 773 1251 813 pro
1288 762 1528 803 occasione
1563 768 1632 803 est

221 838 328 866 usus
351 825 394 866 in
417 825 531 867 libro
555 826 774 869 secundo:
809 827 900 868 Hic
931 839 1122 868 occasus
1146 828 1279 871 datus
1303 834 1386 880 est,
1409 844 1461 872 ac
1485 831 1634 872 Hora-

225 893 311 934 tius
333 893 528 935 inclutus
550 895 702 936 saltus«
760 895 871 936 Item
894 896 938 936 in
959 895 1071 936 libro
1104 896 1256 950 quinto
1274 910 1285 937 :
1317 899 1472 952 Injicit
1493 900 1634 940 irrita-

225 964 309 1012 tus,
331 965 461 1011 tenet,
483 975 673 1004 occasus
688 963 820 1017 juvat
842 977 928 1006 res.
988 963 1101 1006 Item
1124 964 1167 1004 in
1189 964 1303 1008 libro
1324 971 1508 1010 octavo:
1541 967 1635 1008 Aut

227 1041 416 1070 occasus
438 1030 516 1070 ubi
536 1034 766 1084 tempusve
788 1031 950 1073 audere
973 1032 1199 1085 repressit.

170 1096 388 1147 Occasus,
410 1097 608 1141 interitus
630 1100 701 1141 vel
724 1100 842 1142 Solis
864 1101 909 1141 in
931 1099 1113 1141 Oceano
1134 1100 1310 1141 mersio.
1454 1103 1634 1155 [PAUL.

171 1165 413 1206 Oce-entare
446 1166 649 1208 dicebant
669 1180 749 1221 pro
772 1167 1024 1209 convicium
1046 1166 1210 1218 facere,
1242 1180 1340 1210 cum
1364 1168 1409 1209 id
1431 1169 1566 1219 clare,
1589 1175 1635 1211 et

227 1246 329 1274 cum
351 1233 545 1287 quodam
569 1247 724 1276 canore
746 1235 888 1287 fieret3
916 1240 965 1276 ut
987 1235 1147 1289 procul
1170 1236 1372 1277 exaudiri
1394 1238 1638 1292 potuisset:

226 1301 344 1354 quod
367 1306 490 1356 turpe
508 1302 776 1356 habebatur3
804 1304 908 1358 quia
929 1316 1017 1345 non
1039 1304 1133 1344 sine
1154 1317 1293 1346 causa
1315 1304 1408 1346 fieri
1431 1309 1610 1359 putatur
1624 1307 1636 1327 ³

227 1368 330 1410 inde
349 1370 614 1412 cantilenam
637 1371 742 1423 dici,
774 1373 879 1427 quia
910 1371 1062 1414 illam⁶
1094 1385 1181 1414 non
1203 1376 1359 1414 cantus
1375 1373 1631 1428 jucundita-

231 1441 320 1477 tem
342 1441 467 1490 puto.

172 1504 511 1551 occentassintc
544 1507 716 1561 antiqui
739 1507 961 1558 dicebant,
993 1507 1109 1562 quod
1134 1521 1248 1550 nunc
1272 1510 1422 1552 convi-
1463 1508 1632 1563 [Fsssrr.

778 1616 1019 1629 eeeeeeeeeeee

212 1684 231 1713 4
270 1680 357 1712 Vide
390 1683 577 1715 Notas.-5
604 1684 668 1715 Vir
704 1685 798 1717 doct.
831 1685 864 1716 iu
896 1694 1004 1725 marg.
1032 1684 1086 1716 ed.
1116 1685 1205 1716 Scal.
1238 1685 1379 1726 conjicit
1409 1686 1632 1726 putabatur.-

171 1726 191 1753 6
215 1723 225 1739 ‘
243 1724 372 1761 Verba,
387 1727 440 1765 qui
466 1726 555 1757 illum
582 1727 744 1759 videntur
772 1728 936 1760 mutanda
960 1728 992 1759 in
1019 1729 1186 1770 querellam
1205 1733 1240 1760 ut
1259 1729 1389 1771 antiqui
1414 1729 1634 1762 scribebant?

175 1767 270 1799 Fulv.
290 1767 396 1799 Ursin.
444 1769 531 1800 Vide
554 1768 653 1802 iufra.

829 1858 973 1890 NOTAE

172 1928 320 1971 caedere,
335 1933 532 1966 βωλοκοπεῖν
556 1932 671 1964 Graeci
690 1938 878 1975 exponunt.

172 1980 283 2010 Locus
306 1981 480 2013 Ciceronis
506 1989 558 2014 est
585 1983 618 2014 in
640 1983 726 2015 libro
751 1984 793 2015 de
817 1984 876 2015 Se-

173 2035 323 2062 nectute.
371 2033 416 2064 Et
443 2033 488 2064 ibi
505 2033 635 2065 fallitur
653 2035 797 2074 Cicer03
820 2044 877 2065 ne-

933 1932 1089 1964 Horulz'us
1120 1932 1248 1964 inclutu'
1279 1934 1374 1964 saltu.
1433 1932 1496 1964 Vel
1523 1933 1634 1965 forte:

934 1984 999 2014 Hic
1025 1983 1144 2014 occasu'
1161 1982 1246 2014 dutu'
1271 1988 1327 2019 est,
1350 1987 1383 2014 at
1412 1983 1566 2015 Horatius
1588 1986 1635 2015 in-

932 2034 1032 2064 clutus
1047 2037 1130 2066 astu.
1178 2035 1230 2065 De
1248 2034 1393 2065 Horatio
1410 2035 1466 2076 qui
1482 2040 1556 2066 astu
1570 2036 1635 2065 (ju.

173 2090 237 2121 que
265 2081 352 2112 enim
376 2093 479 2114 occure
506 2089 559 2115 est
582 2085 624 2116 ab
649 2087 793 2125 occando,
818 2085 877 2116 sed
934 2084 1049 2114 riatios
1066 2085 1251 2124 superavit.
1275 2084 1357 2116 Duc.

173 2131 215 2162 ab
242 2133 429 2174 occaedendo,
452 2135 518 2175 vel,
537 2139 574 2166 ut
590 2135 726 2177 quidam
745 2137 877 2175 volunt,

172 2180 215 2210 ab
229 2180 381 2212 Hebraeo
394 2183 512 2223 dolcak,
525 2185 765 2217 comminuere.
791 2186 878 2217 Vide

174 2231 310 2261 omnino
329 2232 472 2264 Saimas.
490 2234 523 2264 in
539 2235 641 2265 Solin.
666 2236 749 2267 Duc.

216 2281 230 2301 b
258 2282 410 2322 Occasus]
430 2284 662 2317 Glossarium:
687 2288 696 2303 ‘
711 2287 878 2328 Occasus,

174 2332 374 2371 σύμπτωσις.’
421 2335 583 2366 Putarem
606 2337 750 2368 Ennium
771 2338 877 2378 scrip-

175 2385 278 2415 sisse:
311 2385 353 2415 Ut
378 2386 469 2416 clatus
492 2390 539 2418 est
564 2398 699 2428 occasus,
724 2389 879 2420 Horatius

174 2434 304 2465 :inclulu’
335 2437 429 2466 saltu.
491 2437 721 2468 Describebat
750 2439 877 2473 Ennius

175 2485 410 2523 Horatiorum,
440 2490 476 2517 et
506 2487 735 2519 Curiatiorum
769 2493 877 2520 certa=

176 2545 266 2567 men.
289 2537 361 2567 Jos.
379 2536 461 2568 Scal.

221 2587 373 2627 Occasus]
396 2587 527 2628 Supple
551 2598 594 2619 ex
612 2588 791 2629 Epitome:
818 2590 878 2620 Oc-

175 2646 265 2667 casus
279 2637 441 2677 iuteritus,
455 2639 502 2669 vel
515 2639 590 2669 solis
606 2640 717 2670 mersio
733 2650 815 2677 cum,
827 2643 879 2681 Esc.

178 2687 294 2720 Verba
309 2689 427 2721 Ennii:
454 2689 518 2723 Hic
534 2690 653 2721 occusu’
667 2690 752 2722 datu’
771 2695 829 2731 est,
846 2696 879 2723 at

976 2140 989 2155 ⁰
1015 2135 1247 2176 occentassint]
1275 2135 1459 2176 Reperitur
1483 2136 1545 2167 hoc
1564 2144 1635 2167 ver-

933 2185 1012 2216 bum
1037 2186 1070 2216 in
1095 2186 1276 2217 duodecim
1299 2187 1435 2227 tabulis,
1453 2192 1490 2218 ut
1508 2186 1635 2218 resere-

933 2236 993 2267 bat
1020 2236 1140 2267 Cicero
1169 2236 1228 2267 lib.
1244 2245 1293 2267 1v.
1319 2236 1360 2267 de
1388 2237 1522 2277 Repub.
1548 2243 1636 2268 teste

934 2286 1023 2326 Aug.
1051 2286 1109 2317 lib.
1127 2296 1168 2317 11.
1197 2296 1273 2328 cap.
1298 2290 1329 2318 9.
1357 2287 1398 2318 de
1426 2288 1528 2318 Civit.
1555 2289 1634 2319 Dei.

936 2338 1065 2368 Ultima
1090 2337 1194 2368 verba
1218 2337 1380 2369 mendosa
1405 2344 1503 2375 suut3
1528 2339 1560 2369 in
1580 2349 1636 2370 ven

934 2388 999 2418 teri
1017 2387 1115 2423 libro,
1133 2397 1199 2418 una
1222 2387 1323 2418 litera
1340 2393 1471 2419 tantum
1490 2389 1636 2421 diversa.

936 2438 1061 2468 Camlus
1076 2438 1164 2468 enim
1182 2438 1249 2468 illic
1268 2448 1327 2477 pro
1344 2442 1453 2469 cantus
1469 2439 1635 2479 scriptum

933 2493 994 2520 est.
1043 2489 1197 2520 Gabrieli
1215 2488 1360 2524 Faenio,
1376 2490 1506 2529 optimo
1523 2500 1636 2521 emen-

934 2539 1046 2570 datori
1062 2539 1210 2570 omnium
1226 2539 1400 2575 librorum,
1415 2539 1550 2572 videtui·
1563 2551 1636 2572 esse

933 2590 1162 2625 scribendum,
1186 2591 1257 2621 inde
1276 2591 1461 2622 cantilenam
1477 2593 1540 2623 dici
1563 2602 1635 2632 que-

932 2642 1040 2672 rellam
1070 2651 1129 2672 non
1158 2644 1269 2672 cantus
1295 2641 1527 2680 jucunditatem
1547 2646 1634 2683 puto,

935 2692 1017 2724 Aut.
1036 2692 1123 2733 Aug.
