1835 2906
346 162 409 192 DE
443 160 717 192 VERBORUM
752 159 1165 193 SIGNIFICATIONE
1200 163 1296 193 LIB.
1330 163 1449 196 X111.

231 259 366 302 etiam
387 258 723 314 participialiter

232 328 368 369 Medo

1538 156 1622 198 547

979 257 1233 299 testimonio
1253 262 1320 300 est
1338 259 1563 302 Pacuvius
1581 262 1625 303 in

740 329 870 379 atque
893 338 1043 366 eccum
1066 326 1110 365 in
1132 327 1231 380 ipso
1254 332 1452 382 tempore
1476 334 1626 370 osten-

231 399 322 436 tum
362 408 539 436 senem:
591 400 636 435 et
669 392 816 435 Attius
852 394 899 435 in
928 393 1198 436 Bacchiszrn
1228 408 1425 448 praesens
1458 400 1626 450 praesto

230 460 419 503 irridetis
440 467 472 493 ¹⁷
505 462 649 504 nobis.

243 530 357 571 tulit.

1027 462 1141 515 stipe
1169 462 1283 503 ultro
1305 468 1522 505 ostentum
1549 464 1628 505 ob-

190 596 440 648 Ostentum,
462 611 552 651 quo
586 611 705 639 nunc
739 598 896 639 utimur
922 597 1138 640 interdum
1166 597 1357 653 prodigii
1378 599 1491 647 vice,
1523 598 1630 652 quin

233 665 575 719 participialiter
595 679 771 720 quoque
800 666 889 708 dici
915 667 1096 709 solitum
1113 667 1186 718 sit,
1209 679 1295 708 non
1315 666 1499 707 dubium
1519 665 1631 705 facit

235 733 369 775 etiam
405 732 456 774 C.
488 733 719 775 Gracchus
756 734 811 775 de
845 736 1014 788 legibus
1050 748 1078 776 a
1109 749 1156 777 se
1183 733 1489 789 promulgatis,
1531 744 1631 773 cum

236 802 312 853 ait,
342 802 460 855 quod
482 815 613 844 unum
633 802 761 844 nobis
781 802 825 843 in
846 807 1082 853 ostentum,
1108 803 1221 857 ipsis
1255 803 1298 843 in
1331 814 1458 843 usum
1478 813 1635 854 aspor-

238 868 402 910 tatur.¹8

180 936 389 978 Ostiam¹¹
415 938 566 979 urbem
588 938 645 980 ad
664 938 833 980 exitum
851 938 1029 979 Tiberis
1062 937 1109 978 in
1142 950 1261 980 mare
1280 937 1452 979 fluentis
1480 934 1636 976 Ancus

240 1003 432 1046 Martius
458 1018 541 1046 rex
574 1005 842 1055 condidisse,
874 1010 919 1046 et
946 1005 1175 1046 foeminino
1210 1005 1463 1059 appellasse
1504 1014 1639 1044 voca-

240 1072 346 1112 bulo
367 1071 519 1122 fertur,
541 1072 660 1126 quod
683 1073 778 1114 sive
799 1072 855 1113 ad
884 1073 1051 1123 urbem,
1083 1072 1176 1115 sive
1199 1072 1253 1114 ad
1284 1071 1517 1121 coloniam,
1537 1082 1638 1124 quae

243 1142 401 1191 postea
420 1139 599 1181 condita
617 1144 701 1190 est,
724 1141 921 1182 refertur.

186 1204 319 1246 Ostia
340 1207 445 1247 urbs
467 1207 521 1247 ad
544 1208 713 1248 exitum
730 1213 764 1240 ¹9
796 1207 973 1248 Tiberis
995 1207 1240 1261 appellata.

1460 1205 1642 1259 [PAUL.

181 1271 368 1314 Ovalis⁰
406 1286 574 1316 corona
608 1280 677 1315 est
711 1279 893 1330 myrtea,
925 1288 1062 1328 quam
1093 1274 1330 1325 habebant,
1352 1272 1431 1327 qui
1463 1276 1643 1315 ovantes

796 1417 934 1429 “OM

936 1417 1035 1429 ΙΝΙΟ

230 1518 270 1546 17
295 1515 358 1546 Vir
375 1515 467 1547 doct.
483 1514 515 1546 in
531 1525 638 1555 marg.
664 1515 821 1556 ejusdem
851 1515 905 1546 ed.
931 1515 1071 1556 conjicit
1093 1515 1310 1547 irrides.—18
1333 1514 1416 1546 Vet.
1432 1513 1492 1545 lib.
1515 1515 1645 1554 adopta-

190 1561 342 1590 tum—19
365 1559 374 1576 ‘
395 1558 513 1591 Scribe
539 1570 582 1591 ex
607 1560 725 1600 Festo,
751 1558 793 1590 ad
818 1559 949 1590 exitum
965 1558 1109 1599 Tiberis,
1126 1569 1200 1600 pro,
1219 1557 1258 1589 ab
1271 1558 1360 1590 exitu
1379 1557 1525 1589 Tiberis!
1549 1558 1645 1590 Fulv,

197 1601 311 1634 Ursin.

849 1710 996 1743 NOTAE

190 1794 284 1836 pium
298 1798 451 1827 ostentus
468 1805 533 1827 non
547 1800 701 1828 ostensus
712 1795 894 1829 dicebant:

193 1846 267 1886 ipse
283 1845 376 1886 alibi,
399 1846 642 1888 Praetentaque
667 1848 827 1889 Syrtibus
845 1859 896 1880 ar-

192 1905 235 1927 va
251 1906 260 1927 2
284 1896 423 1927 Terent.
437 1897 471 1927 in
486 1898 673 1930 Eunucho:
697 1897 752 1929 An
766 1907 830 1939 ego
842 1908 898 1931 oc—

193 1945 364 1978 casionem
389 1947 470 1978 mihi
497 1952 701 1980 ostentatam
728 1954 797 1980 tam
826 1949 900 1980 bre-

196 2006 286 2029 vem.
329 1997 494 2029 Similiter
509 2003 545 2030 et
568 1998 651 2029 illud
676 2000 707 2030 in
725 1999 900 2031 Phormio-

194 2056 260 2078 ne:
286 2047 409 2089 Neque
426 2058 480 2079 me
503 2058 592 2080 nunc
613 2050 746 2081 domum
770 2050 898 2090 recipe-

195 2106 280 2138 rem,
297 2097 331 2128 ni
346 2097 429 2128 mihi
446 2102 537 2129 esset
557 2108 635 2138 spes
651 2104 827 2130 ostentata
842 2100 901 2131 liu-

189 2147 291 2187 jusce
321 2147 512 2179 habendae?
557 2148 635 2180 Non
674 2150 815 2181 dubium
850 2154 903 2181 est

197 2198 278 2238 quin
294 2197 431 2229 Servius
446 2198 479 2229 in
497 2203 644 2240 utroque
670 2200 746 2231 loco
760 2200 902 2231 Terent.

198 2247 326 2287 legerit
340 2252 505 2280 ostentam.
529 2250 616 2282 Dae.

241 2303 265 2318 ¹¹¹
286 2298 398 2329 Attius
407 2300 440 2329 in
454 2300 603 2340 Bacchis]
628 2301 711 2341 Ejus
725 2311 905 2343 propemo-

200 2347 281 2378 dum
298 2347 476 2388 deplorata
492 2355 568 2380 suut
587 2351 699 2382 verba.
747 2353 851 2392 Lege,
869 2357 907 2384 ut

199 2397 328 2438 optime
346 2398 496 2438 Scaliger
508 2399 542 2429 in
559 2400 805 2441 conjectaneis,
825 2403 905 2433 Pen-

201 2447 291 2478 theus
306 2447 432 2478 Praesto
458 2449 592 2480 cerritus
618 2450 705 2481 nobis
724 2461 756 2481 se
779 2455 906 2491 stupens

199 2498 285 2528 ultro
301 2500 455 2529 ostentum
469 2498 592 2530 obtulit.
637 2501 736 2533 Quod
759 2511 800 2532 ex
817 2502 905 2532 Bac-

201 2546 275 2578 chis
291 2547 463 2588 Euripidis
490 2550 596 2580 vertit
613 2549 750 2581 Attius:
776 2551 907 2583 Πενθεὺς

203 2596 278 2637 πρὸς
294 2597 394 2629 οἴκους
408 2598 457 2629 ὅδε
471 2599 520 2630 διὰ
534 2601 669 2636 σπουδῆς
683 2602 772 2642 περᾷ.
790 2601 889 2634 Idem.

248 2652 263 2667 ¹¹
288 2649 426 2689 Ostiam]
451 2650 541 2682 Flor.
569 2650 629 2682 lib.
650 2660 675 2682 1.
703 2661 779 2692 cap.
802 2654 834 2683 4.
861 2651 904 2682 de

209 2696 306 2731 Anco
335 2699 489 2733 Martio:
513 2700 737 2743 ‘Ostiamque
767 2701 799 2732 in
831 2700 905 2742 ipso

950 1798 1053 1830 maris
1070 1797 1284 1839 fluminisque
1310 1794 1458 1828 confinio
1484 1792 1651 1826 coloniam

952 1849 1086 1890 posuit.'
1131 1849 1191 1880 Ait
1209 1849 1331 1879 Festus
1354 1846 1467 1878 ostiam
1483 1844 1654 1886 adjective

953 1899 1033 1940 dici,
1056 1899 1298 1932 subintellecta
1314 1897 1400 1929 urbe
1416 1897 1488 1928 sive
1512 1893 1656 1928 colonia.

954 1951 1052 1981 Idem.

997 2006 1011 2020 ⁰
1043 1999 1168 2040 Ovalis]
1200 1998 1350 2030 vidend.
1379 1996 1471 2028 Plin.
1497 1994 1557 2026 lib.
1591 2003 1654 2025 xv.

955 2060 1030 2091 cap.
1056 2053 1110 2081 29.
1136 2050 1228 2081 Gell.
1252 2049 1311 2080 lib.
1335 2057 1368 2080 v.
1393 2056 1470 2087 cap.
1498 2047 1530 2076 6.
1567 2043 1656 2074 Vide

955 2101 1058 2132 etiam
1076 2100 1225 2141 Myrtea.
1249 2099 1328 2131 Ant.
1341 2098 1430 2135 Aug.

1001 2151 1112 2182 Ovalis
1135 2148 1262 2188 corona]
1293 2149 1345 2179 Ex
1374 2149 1484 2187 myrto
1513 2142 1658 2175 Veneris

957 2200 1091 2239 fronde,
1107 2200 1197 2241 quod
1222 2208 1286 2230 non
1311 2197 1472 2237 Martius,
1489 2194 1550 2226 sed
1565 2193 1659 2236 quasi

957 2251 1125 2282 Venerius
1157 2249 1292 2291 quidam
1321 2247 1530 2287 Triumphus
1568 2249 1661 2276 esset

959 2301 1085 2341 ovatio,
1111 2309 1186 2341 quae
1212 2298 1474 2332 decernebatur,
1499 2305 1575 2326 cum
1602 2299 1661 2325 aut

961 2350 1051 2382 bella
1073 2360 1141 2381 non
1168 2353 1264 2380 recte
1282 2348 1423 2387 indicta,
1450 2355 1561 2387 neque
1583 2354 1662 2376 cum

954 2401 1051 2442 justo
1082 2400 1179 2431 hoste
1209 2403 1304 2440 gesta
1328 2398 1476 2436 fuerant,
1500 2400 1558 2426 aut
1585 2404 1661 2426 cum

959 2451 1106 2481 hostium
1134 2459 1257 2481 nomen
1279 2448 1404 2480 humile
1431 2452 1490 2478 aut
1507 2455 1573 2477 non
1590 2444 1661 2476 ido-

960 2503 1122 2539 neum‚ut
1135 2509 1307 2530 servorum
1322 2498 1590 2539 piratarumque,
1603 2498 1663 2525 aut

960 2550 1137 2581 deditione
1155 2554 1296 2590 repente
1316 2548 1408 2580 facta
1424 2548 1494 2579 sine
1508 2546 1662 2588 pulvere,

965 2604 1000 2631 ut
1029 2599 1094 2630 dici
1119 2600 1217 2639 solet,
1243 2600 1491 2640 incruentaque
1520 2594 1663 2627 victoria

964 2650 1115 2682 obvenit.
1139 2650 1222 2681 Dae.
