1835 2906
384 158 447 188 DE
480 157 748 188 VERBORUM
784 156 1191 187 SIGNlFlCATIONE
1226 158 1318 187 Llss.
1352 159 1381 187 1.

1548 149 1603 190 623

226 251 346 306 quod
367 252 570 293 tellurem
594 265 718 293 suam
741 251 888 300 aleret,
910 250 1005 291 sive
1029 249 1147 302 quod
1177 248 1360 289 aleretur
1382 249 1503 290 telis:
1534 252 1606 291 vel

225 318 340 371 quod
360 331 383 359 a
405 318 534 359 Tatio
562 319 823 359 Sabinorum
848 330 944 369 rege
966 316 1219 369 postulatus
1243 316 1300 357 sit
1319 317 1362 356 in
1384 316 1604 369 colloquio

222 385 365 438 paciS,
403 391 446 426 et
481 387 656 426 alternis
697 385 866 425 vicibus
906 383 1105 431 audierit,
1145 383 1406 435 locutusque
1447 382 1603 423 suerit:

223 453 334 493 sicut
364 453 475 492 enim
507 452 556 493 fit
585 452 841 493 diminutive
872 465 897 492 a
921 463 1068 491 macro
1098 451 1397 501 macellus,Hy
1428 463 1454 491 a
1480 450 1604 491 vafro

222 519 424 569 vasellus,
454 521 518 560 ita
537 521 592 560 ab
615 520 780 560 alterno
802 520 992 560 altellus.

167 585 322 636 Alter,Z
353 592 396 627 et
412 600 490 640 pro
509 599 595 626 non
616 587 731 627 bono
752 587 960 639 ponitur3
990 590 1040 627 ut
1057 587 1100 627 in
1131 585 1328 638 auguriis
1350 585 1489 626 altera
1508 598 1606 625 cum

224 655 471 707 appellatur
491 655 600 703 avis,
623 667 722 707 quae
744 655 896 707 utique
919 667 1134 707 prospera
1160 667 1242 693 non
1274 657 1366 694 est:
1399 652 1464 693 sic
1501 652 1606 692 alter

219 733 529 773 nonnunquam
551 732 630 773 pro
651 720 834 761 adverso
855 721 1016 761 dicitur
1037 724 1080 761 et
1102 720 1231 761 malo.

164 785 340 828 Alteras
354 792 370 809 ³
399 788 620 840 ponebant
640 801 720 840 pro
736 788 927 842 eoquod
949 792 1017 829 est
1038 788 1292 830 adverbium
1314 786 1443 828 alias.

165 853 444 904 Altercatio,b
465 854 671 908 jurgatio.

165 920 443 971 Alternatio,c
472 934 549 975 per
570 922 691 962 vices
713 923 954 964 successio.

167 986 491 1041 Alterplicem,d
513 988 750 1042 duplicem.

167 1052 386 1104 Alterta,¹2
401 1061 414 1076 ‘³
437 1056 652 1096 alterutra.

768 1163 885 1175 eeeeee

890 1164 1005 1175 tttttt

210 1241 245 1269 11
272 1238 358 1270 Aliae
376 1239 452 1270 edd.
466 1251 483 1270 α
500 1240 608 1270 Marco
626 1240 890 1273 Marcellus—12
916 1241 968 1272 Al.
985 1243 1126 1273 altertra.

809 1339 949 1370 NOTAE

164 1399 232 1431 Sed
251 1404 382 1431 veteres
399 1400 633 1441 Grammatici‚
647 1404 702 1443 qui
719 1408 786 1434 tam
801 1413 858 1433 an-

163 1451 218 1481 xie
243 1455 356 1491 etyma
373 1451 552 1483 verborum
577 1453 753 1488 rimantur,
777 1453 858 1493 qnid

162 1500 266 1541 aliud,
291 1511 390 1542 quam
414 1511 488 1533 cum
513 1503 643 1534 ratione
667 1504 860 1535 insaniunt?

162 1550 230 1581 Jos.
248 1551 333 1582 Scal.

206 1602 353 1641 Altellus]
378 1602 485 1633 Merae
514 1612 611 1644 nugae
638 1613 857 1644 quaecumque

161 1650 216 1682 hic
244 1652 364 1683 Festus
391 1653 509 1684 tradit.
555 1653 616 1684 Ait
639 1654 791 1693 Scaliger
816 1653 857 1684 ab

162 1701 270 1731 alendo
290 1703 385 1742 altus,
408 1703 534 1743 altulus,
556 1704 690 1734 cultellus.
734 1704 778 1733 Et
809 1703 858 1732 ita

162 1751 333 1781 vocabant
348 1761 405 1781 eos
422 1753 477 1791 qui
493 1753 638 1792 expositi
652 1757 749 1782 erant
765 1757 858 1791 post-

162 1809 262 1840 quam
287 1801 416 1831 inventi
433 1802 473 1831 ab
490 1801 562 1830 aliis
586 1810 684 1841 quam
710 1801 857 1840 parenti-

162 1849 224 1879 bus
239 1849 428 1880 alebantur.
452 1851 497 1880 Et
509 1851 555 1881 sic
572 1856 666 1881 recte
681 1851 856 1891 Romulus,

163 1900 219 1940 qui
236 1900 408 1939 expositus
429 1899 471 1930 ab
496 1909 570 1938 avo,
594 1906 628 1930 et
651 1910 668 1930 a
696 1901 855 1932 Faustulo

162 1954 296 1988 pastore
314 1954 471 1988 repertus
485 1955 520 1979 et
531 1949 706 1990 educatuS,
724 1950 855 1980 altellus

163 1997 273 2028 dictus
290 2003 354 2029 est.
398 1998 464 2028 Sed
490 1998 624 2029 omnino
648 1999 779 2030 altellus
804 2004 856 2030 est

163 2048 204 2079 ab
221 2050 311 2088 alter,
332 2050 493 2089 anemius,
507 2050 642 2089 altellus,
664 2050 698 2080 id
721 2054 785 2085 est,
803 2060 857 2090 ge·

162 2099 281 2137 minus,
297 2099 385 2139 quod
403 2105 546 2139 uterque
557 2101 637 2130 alter
654 2110 728 2132 esse
745 2101 857 2132 videa-

163 2152 230 2179 tur.
261 2148 348 2179 Vide
373 2153 381 2166 ‘
400 2148 526 2180 frater.'
546 2150 627 2181 Dav.

203 2204 217 2224 y
240 2200 267 2229 A
286 2209 386 2229 macro
401 2199 560 2238 macellus]
585 2199 668 2230 Aliae
687 2199 783 2231 editt.
797 2201 852 2231 ha-

162 2248 246 2279 bent
271 2258 290 2279 a
310 2249 420 2279 Marco
437 2250 616 2281 Marcellus.
661 2250 728 2281 Sed
745 2252 854 2282 altera

163 2298 265 2329 lectio
289 2304 382 2330 recta
405 2305 479 2330 est:
504 2309 579 2330 nam
604 2300 855 2332 Latinissimum

163 2350 315 2385 macellus,
339 2350 359 2380 i.
375 2351 475 2390 paulo
490 2351 644 2382 macrior.
673 2351 780 2382 Lucil.
796 2352 855 2382 lib.

164 2408 212 2430 νι.
236 2404 243 2416 ‘
261 2400 294 2430 Si
316 2402 417 2434 nosti,
433 2411 495 2432 non
518 2411 657 2441 magnus
677 2402 773 2433 homo
789 2408 853 2441 est,

164 2453 299 2488 nasutu,
315 2450 499 2481 macellus!
523 2451 620 2482 Idem.

207 2505 219 2519 Ζ
240 2500 346 2540 Alter]
370 2500 411 2530 In
438 2502 585 2540 auguriis
607 2506 688 2541 puto
710 2501 853 2532 alterum

165 2549 370 2590 significasse
395 2560 460 2581 non
488 2551 623 2591 bonum,
646 2562 720 2583 cum
746 2553 853 2583 altera

164 2600 235 2631 avis
261 2600 352 2632 felici
378 2602 481 2641 priori
506 2602 655 2642 auspicio
672 2603 788 2632 vitium
804 2601 852 2632 fa-

167 2655 273 2688 ceret,
300 2660 373 2681 cum
402 2650 525 2681 fulmen
557 2651 738 2682 secundum
765 2652 854 2691 prius

168 2699 360 2741 perimeret,
374 2700 464 2742 quod
481 2701 657 2733 dicebatur
674 2706 855 2742 propterea

912 1403 1107 1442 peremptale.
1151 1402 1307 1443 Augures
1331 1412 1410 1433 vero
1431 1402 1462 1433 in
1481 1403 1608 1443 templo

913 1453 1073 1484 sedentes
1110 1453 1152 1484 ad
1190 1453 1365 1493 augurium
1403 1453 1607 1492 captandum

913 1503 1128 1535 abstinebant
1156 1504 1296 1534 vocibus
1324 1502 1411 1532 male
1438 1502 1609 1540 ominatis,

912 1553 1055 1594 ideoque
1086 1553 1197 1593 potius
1227 1553 1358 1583 alteram
1392 1561 1478 1582 avem
1509 1561 1607 1592 quam

912 1604 1070 1633 adversam
1087 1602 1258 1633 dicebant.
1281 1603 1348 1632 Jos.
1367 1601 1450 1632 Scal.

955 1658 969 1672 ³
992 1652 1134 1692 Alteras]
1167 1650 1479 1691 Subintelligebant
1517 1649 1607 1679 vices.

912 1702 1001 1732 Dac.

954 1750 968 1769 b
990 1747 1179 1787 Altercatz'o]
1210 1748 1286 1778 Non
1317 1756 1379 1787 pro
1409 1746 1608 1787 jurgatione

914 1803 1055 1837 tautum,
1083 1798 1140 1828 sed
1167 1797 1269 1828 etiam
1295 1806 1355 1837 pro
1379 1797 1607 1827 alternatione

911 1849 1066 1887 sumitur,
1087 1858 1162 1878 cum
1179 1848 1244 1878 duo
1261 1847 1452 1878 alternatim
1470 1847 1607 1887 loquun-

911 1903 979 1936 tur,
1008 1903 1043 1929 et
1074 1898 1161 1928 inter
1191 1907 1226 1928 se
1251 1897 1352 1928 verba
1383 1902 1607 1937 commutant,

910 1947 998 1978 unde
1015 1948 1142 1988 optime
1161 1948 1312 1979 Glossar.
1330 1946 1495 1988 ἆψιμαχῖα,
1515 1948 1607 1987 ἀμφι-

909 1997 1016 2038 βολία,
1050 1996 1233 2037 ἇντῖῤῥησις,
1262 1998 1415 2036 ἇμοιβαῖοι
1442 1997 1554 2037 λόγου
1585 2000 1607 2030 i,

910 2050 919 2065 ‘
937 2049 1101 2087 velitatio,
1112 2048 1272 2088 jurgatio,
1287 2048 1524 2087 contradictio,
1537 2058 1607 2078 mu-

912 2098 960 2128 tui
977 2098 1173 2129 sermones?
1198 2098 1292 2128 Idem.

951 2153 965 2169 c
987 2147 1181 2187 Alternatz'o]
1213 2149 1363 2179 Glossar.
1397 2148 1406 2164 ζ
1424 2148 1606 2187 alternare,

907 2197 1056 2236 ἀμείβειν,
1071 2198 1261 2229 alternatim
1277 2196 1464 2235 ἄμοιβαῖως.’
1487 2198 1582 2228 Idem.

950 2248 964 2268 ‘¹
990 2248 1207 2288 Alterplz'cem]
1226 2248 1347 2278 Isidori
1364 2247 1460 2285 λέξεις
1475 2247 1496 2277 :’
1518 2247 1528 2264 ‘
1545 2248 1605 2278 Al-

910 2300 1097 2340 terplicem,
1124 2299 1307 2339 duplicem,
1336 2297 1510 2330 dolosum.'
1534 2299 1603 2330 Jos.

909 2349 992 2381 Scac.

951 2397 1166 2439 Alterplicem]
1201 2398 1310 2430 Quem
1337 2397 1451 2429 Graeci
1478 2398 1602 2438 στρεψί-

907 2455 1040 2489 μαλλον,
1062 2449 1287 2488 versipellem,
1310 2452 1469 2489 astutum,
1495 2455 1600 2479 meta-

908 2501 1014 2540 phora
1032 2510 1049 2530 a
1067 2498 1246 2529 velleribus
1264 2498 1408 2529 intortas
1432 2502 1468 2529 et
1490 2498 1601 2529 inver-

907 2561 960 2581 sas
978 2552 1068 2582 lanas
1085 2549 1296 2581 habentibus.
1320 2549 1400 2579 Dae.

951 2606 963 2621 θ
986 2599 1124 2640 Alterta]
1149 2601 1239 2640 Lege
1269 2603 1306 2630 ut
1333 2599 1364 2628 in
1394 2599 1436 2629 al.
1458 2599 1599 2629 altertra.

910 2651 1073 2682 Alterutra
1089 2659 1236 2690 syncope
1252 2651 1394 2680 alnei-tra.
1418 2647 1524 2679 Idem.
