1835 2906
383 145 747 181 DE-VERBORUM
782 139 1186 174 SlGNlFlGA'l'lONE
1223 137 1312 168 [AB.
1348 138 1440 166 Xll.

1527 126 1603 167 461

235 244 397 285 cularia
411 256 420 283 :
436 247 465 271 ¹³
493 241 588 295 ejus
607 244 779 280 noctem
800 248 941 278 nauco
962 235 1142 275 ducere:
1177 233 1255 274 sed
1274 236 1306 261 ¹4
1328 231 1522 272 Ennius:
1554 231 1612 271 Il-

234 313 289 352 lic
305 315 335 339 ¹⁵
357 313 423 350 est
449 312 630 361 nugator
650 306 788 355 nihili,
816 317 903 344 non
924 302 1050 343 nauci
1072 301 1217 340 homo,

178 374 412 419 Nauem-‚¹⁶
441 388 520 428 pro
552 375 676 426 nugis
707 372 898 427 ponitur:
930 371 1038 411 alias
1069 380 1148 421 pro
1179 368 1304 416 oleae,
1324 370 1399 407 aut
1432 367 1612 420 [PAUL.

234 443 361 484 nucis
382 443 564 482 nucleo:
597 441 675 482 alii
706 440 894 480 omnium
925 450 1066 478 rerum
1090 438 1297 488 putamen
1318 434 1379 474 ita
1399 435 1615 487 appellari

235 510 398 550 volunt.

235 577 454 617 hominem
489 574 726 628 significari
758 573 972 613 volentes.

459 508 652 558 Quidam
672 520 729 548 ex
754 506 929 553 Graeco,
958 501 1073 557 quod
1108 502 1166 541 sit
1187 501 1243 540 ναὶ
1266 501 1328 539 καὶ
1351 500 1452 555 οὐχὶ,
1472 502 1616 541 levem

1033 568 1225 619 Quidam
1258 567 1413 609 volunt
1444 568 1509 608 sic
1539 581 1617 620 ap-

237 644 392 697 pellari
414 642 772 690 membranulam,
789 652 889 693 quae
911 639 956 679 in
976 638 1101 678 nucis
1126 634 1347 689 juglandis
1369 638 1435 675 est
1454 633 1615 674 medio.

182 711 330 752 Navia
349 711 512 763 lignum
536 712 753 758 cavatum,
771 712 821 748 ut
841 706 982 755 navis,
1006 718 1095 758 quo
1115 704 1157 744 in
1189 701 1416 743 vindemiis
1450 701 1515 742 uti
1545 713 1616 741 so-

237 779 337 819 lent.

185 842 357 886 Naviaf
389 849 457 885 est
488 856 575 884 uno
612 842 727 895 ligno
778 839 1026 893 exsculpto,
1069 842 1116 879 ut
1155 837 1298 886 navis,
1330 849 1417 889 quo
1455 835 1617 888 [FEs'r.

786 967 902 979 eeeeee

905 967 1018 978 eeeeee

228 1065 265 1092 13
290 1060 343 1091 Al.
360 1059 658 1090 Cunicularia.—14
681 1055 825 1088 Quidam
843 1055 891 1085 vir
907 1054 996 1085 doct.
1014 1055 1047 1084 in
1064 1063 1168 1094 marg.
1186 1054 1237 1083 ed.
1251 1053 1340 1084 Scal.
1357 1052 1496 1092 conjicit
1513 1055 1541 1083 ee
1560 1061 1620 1090 pro

183 1105 328 1135 sed.——l5
352 1103 430 1132 Vet.
461 1101 537 1131 cod.
567 1101 734 1130 illua—16
760 1099 856 1129 Vett.
880 1097 960 1128 libb.
989 1097 1118 1127 Nam-is.
1162 1097 1358 1136 Legendmn
1388 1100 1504 1125 monet
1537 1095 1621 1124 Dac-

185 1147 326 1176 Nuucum
344 1145 395 1175 vel
414 1144 528 1183 Nuuci,
545 1149 581 1174 ut
598 1151 711 1182 supra.

834 1235 976 1268 NOTAE

228 1316 240 1335 f
261 1316 380 1356 Nat-ia]
405 1315 491 1346 Haec
504 1315 654 1346 Historia
670 1314 712 1344 de
725 1316 801 1344 cote
819 1321 874 1342 no·

185 1367 303 1398 vacula
336 1366 479 1407 praecisa
509 1365 551 1396 ab
583 1365 678 1396 Attio
717 1363 826 1395 Navio
858 1373 877 1392 a

185 1416 300 1447 multis
329 1415 483 1446 refertur.
521 1414 587 1446 Sed
615 1414 658 1444 de
681 1413 745 1444 ficu
770 1412 878 1443 Navia

186 1466 265 1497 nihil
282 1466 372 1496 aliud
397 1466 526 1505 accepi.
565 1465 684 1495 Cicero
709 1463 766 1493 lib.
788 1471 811 1492 ῐ.
835 1461 876 1491 de

189 1516 340 1547 Divinat.
356 1517 365 1532 ‘
380 1514 514 1549 cotem,’
532 1514 590 1553 ait,
605 1513 614 1529 ‘
626 1518 662 1544 et
680 1512 878 1543 novaculam

186 1565 354 1597 defossam
372 1566 404 1596 in
422 1565 573 1603 comitio,
588 1572 753 1604 supraque
774 1563 878 1602 impo-

187 1616 288 1647 situm
306 1615 439 1656 puteal!
471 1615 566 1645 Idem
591 1615 639 1644 ait
662 1614 804 1653 Dionys.
823 1612 880 1643 lib.

188 1677 245 1698 111.
274 1667 401 1698 addens
431 1671 578 1697 statuam
612 1674 739 1695 aeneam
770 1663 879 1693 eidem

187 1717 256 1747 illic
273 1720 450 1753 statutam,
464 1714 551 1756 quod
564 1714 664 1744 etiam
678 1713 791 1744 Livius
802 1712 882 1743 scri-

189 1767 253 1805 bit,
270 1771 305 1796 et
327 1765 417 1796 Plin.
436 1765 493 1795 lib.
510 1773 640 1795 xxxiv.
658 1773 734 1803 cap.
751 1766 781 1793 5.
808 1763 880 1793 Val.

190 1817 286 1847 Max.
304 1815 361 1846 lib.
377 1825 402 1845 1.
419 1824 493 1854 cap.
506 1817 538 1845 4.
565 1815 610 1845 D.
626 1812 759 1844 Attium
777 1812 880 1842 Navi-

191 1875 245 1896 um
262 1874 422 1904 augurem
439 1864 599 1904 appellat.
632 1864 686 1893 De
701 1861 765 1893 ficu
784 1862 882 1892 rumi-

191 1916 258 1946 nali
275 1915 361 1945 Plin.
384 1914 442 1944 lib.
457 1923 513 1944 xv.
534 1923 609 1953 cap.
631 1915 681 1944 18.
720 1912 883 1944 Quaeren-

191 1965 268 1995 dum
284 1964 463 2004 igiturest,
489 1973 554 2004 qua
580 1963 708 1993 ratione
732 1971 784 1997 ea,
807 1972 881 2003 quae

193 2014 326 2052 desunt,
341 2014 457 2044 sarciri
475 2013 616 2053 possint.
640 2013 718 2043 Ant.
735 2013 818 2051 Aug.

236 2063 355 2103 Navia]
377 2063 488 2094 Aliter
500 2063 622 2094 linter:
647 2067 682 2093 et
696 2072 734 2093 eo
749 2072 882 2103 quoque

193 2113 373 2144 utunturin
384 2112 573 2143 vindemiis.
595 2111 881 2143 Serviusinillud:

192 2165 202 2179 ‘
219 2168 318 2194 cavat
347 2162 466 2193 arbore
493 2160 650 2193 lintresz'
688 2161 807 2199 ‘Alii,’
834 2161 881 2191 in-

196 2215 280 2254 quit,
305 2216 314 2230 ‘
331 2215 462 2252 lintres,
487 2214 519 2244 in
545 2212 666 2254 quibus
691 2222 755 2243 uva
773 2217 885 2252 porta-

197 2268 264 2298 tur,
280 2262 474 2302 accipiunt.’
503 2263 590 2293 Haec
611 2263 747 2293 Servius
762 2263 886 2292 Danie-

196 2312 248 2343 lis.
270 2312 420 2342 Tibullus
431 2312 489 2342 lib.
508 2321 532 2342 1.
555 2316 564 2329 ‘
581 2312 666 2343 Haec
678 2312 756 2342 mibi
774 2321 887 2342 serva-

199 2363 249 2393 bit
266 2362 373 2401 plenis
387 2361 420 2391 iu
437 2361 590 2391 lintribus
606 2361 708 2392 uvas.'
747 2361 835 2391 Nam
852 2366 888 2390 et

197 2413 301 2447 navia,
318 2418 353 2443 et
371 2412 478 2450 linter,
493 2417 669 2451 utrumque
689 2415 741 2442 est
764 2412 887 2450 liguum

200 2468 367 2495 cavatum.
405 2462 446 2492 In
461 2461 572 2491 verbis
593 2460 683 2491 Festi
708 2461 796 2501 lege,
820 2460 888 2490 Να-

200 2514 252 2544 vz'a
263 2516 308 2543 est
320 2522 413 2542 unum
425 2512 541 2550 lignum
556 2511 755 2549 exsculptum.
789 2510 890 2540 Unum

203 2563 306 2594 dixit:
341 2561 429 2592 unde
455 2559 605 2599 μονόξυλα
632 2559 736 2598 σκάφη
763 2559 889 2589 Graeci.

202 2613 360 2653 Denique
376 2612 485 2642 Linter
507 2616 543 2641 et
559 2610 665 2640 Navia
683 2614 735 2639 est
759 2608 889 2647 σκάφος,

205 2662 363 2702 σκάπτειν,
388 2661 597 2702 exsculpere.
634 2660 757 2691 Melius
779 2664 889 2690 tamen

931 1310 1066 1351 legeris,
1092 1309 1194 1339 Navia
1215 1318 1254 1339 ex
1276 1317 1334 1337 uno
1355 1308 1440 1346 ligno
1456 1306 1623 1346 exsculpto.

930 1360 1019 1401 quod
1044 1359 1254 1390 retinendum
1276 1367 1408 1387 cense0.
1444 1357 1565 1387 Cicero
1584 1365 1622 1386 n.

932 1411 974 1441 de
990 1411 1091 1450 legib.
1126 1411 1134 1427 ‘
1155 1410 1317 1449 Ligneum
1339 1412 1450 1438 autem
1467 1407 1624 1448 quodque

933 1461 1090 1498 voluerit,
1106 1469 1170 1490 uno
1196 1469 1214 1490 e
1238 1459 1330 1499 ligno
1347 1456 1529 1489 dedicato?
1554 1458 1623 1487 Jos⁶

933 1512 1015 1542 Scal.

978 1558 1097 1598 Navia]
1131 1558 1250 1590 Suidas
1266 1557 1388 1588 nnbiam
1403 1558 1565 1597 πορθμεῖον
1577 1557 1626 1587 in-

933 1615 1144 1651 terpretatur
1159 1610 1258 1641 male.
1287 1609 1374 1639 Nam
1391 1609 1443 1639 vel
1456 1609 1531 1639 hine
1545 1608 1626 1639 satis

935 1663 1041 1703 liquet
1053 1670 1092 1692 eo
1105 1661 1237 1691 nomine
1255 1659 1367 1699 potius
1384 1668 1502 1688 navem
1520 1659 1625 1698 ipsam

935 1712 1098 1750 intelligi:
1124 1715 1159 1741 ut
1177 1715 1211 1740 et
1227 1719 1268 1740 ex
1286 1711 1355 1739 lusu
1373 1709 1430 1738 illo
1450 1709 1626 1746 Veterum,

935 1772 1000 1804 quo
1014 1760 1282 1803 pueri'deuarios
1299 1760 1331 1789 in
1345 1759 1484 1789 sublime
1494 1758 1627 1798 jaetan-

936 1820 988 1843 tes
1014 1812 1117 1852 capitu
1145 1814 1199 1841 aut
1226 1810 1318 1840 navia
1348 1808 1552 1847 clamabant,
1583 1807 1626 1836 de

937 1873 1002 1903 quo
1026 1860 1181 1892 Maerob.
1205 1860 1341 1890 Saturn-
1365 1858 1423 1888 lib.
1454 1867 1477 1888 ι.
1504 1867 1579 1897 cap.
1597 1860 1628 1887 7.

936 1913 1016 1943 Duc.
1627 1920 1629 1922 ·

983 1960 1101 1999 Navia]
1134 1959 1237 1990 Tanti
1267 1957 1429 1990 momenti
1459 1957 1513 1987 hic
1538 1957 1628 1986 locus

937 2017 1002 2049 est,
1024 2016 1061 2041 ut
1083 2010 1125 2040 de
1142 2020 1182 2041 eo
1207 2010 1309 2040 totius
1334 2008 1429 2048 hujus
1445 2007 1522 2037 libri
1538 2006 1627 2036 utili-

937 2066 987 2092 tas
1014 2060 1172 2091 aestimari
1201 2058 1325 2099 possit:
1351 2056 1511 2087 inauditae
1543 2064 1630 2095 prae-

938 2117 1044 2145 terea,
1070 2119 1108 2140 ac
1133 2108 1317 2139 reconditae
1343 2106 1540 2137 eruditionis
1565 2106 1628 2135 illis

938 2160 1138 2201 praesertim,
1154 2160 1209 2200 qui
1227 2158 1381 2188 nesciunt
1407 2156 1505 2186 ficum
1526 2155 1630 2186 Navi-

939 2222 990 2242 am
1004 2211 1144 2242 eandem
1162 2219 1236 2240 cum
1247 2208 1313 2239 ficu
1332 2206 1474 2238 Rumina
1489 2214 1546 2235 seu
1563 2205 1630 2235 Ru-

940 2262 1051 2293 minali
1068 2260 1182 2291 fuisse.
1214 2260 1383 2290 Pouemus
1401 2257 1492 2297 prius
1508 2256 1630 2293 locum,

940 2312 966 2343 si
983 2321 1047 2342 non
1064 2311 1146 2351 ipsis
1159 2309 1271 2340 verbis
1289 2308 1393 2346 Festi,
1408 2312 1441 2337 at
1458 2312 1632 2337 certesen-

942 2361 1049 2393 tentia
1074 2361 1146 2400 ipsa
1174 2358 1343 2392 incolumi,
1365 2361 1466 2396 atque
1491 2355 1632 2395 integra.

941 2411 996 2442 Sic
1012 2411 1114 2450 igitur
1126 2411 1185 2440 hos
1202 2409 1310 2439 hiatus
1327 2407 1520 2447 explemus:
1535 2405 1632 2443 jussit

941 2471 999 2492 rex
1024 2464 1120 2490 cotem
1142 2469 1176 2490 ac
1199 2459 1375 2489 not-aculam
1394 2455 1551 2496 proferri.-
1573 2464 1631 2496 qua

941 2511 1063 2550 prolata
1085 2510 1295 2547 interrogalus
1308 2507 1431 2546 Augur,
1454 2516 1494 2536 an
1515 2515 1564 2536 cos
1578 2506 1632 2536 illa

941 2564 1040 2599 posset
1050 2559 1180 2599 proecz'di
1192 2558 1347 2596 novacula,
1362 2556 1461 2587 subito
1472 2565 1537 2586 eam
1551 2565 1631 2595 prce-

943 2610 1030 2640 cz'dit.
1057 2609 1108 2639 Ex
1121 2618 1168 2647 eo,
1187 2608 1364 2647 Tarquinio,
1379 2606 1458 2637 nihil
1471 2616 1541 2636 auso
1562 2615 1627 2635 con-

944 2663 994 2690 tra
1011 2660 1131 2696 fucere,
1154 2658 1329 2689 not-aculam
1352 2667 1387 2687 ac
1411 2659 1505 2687 cotem
1520 2656 1575 2686 sub
1589 2656 1630 2685 lo·-
