1835 2906
200 95 286 136 44ss

658 105 806 136 SEx'rl
843 106 1045 136 POMPEI!
1083 107 1217 137 Flzts'rt

203 198 528 252 Myrmillonica
543 197 558 221 s
573 196 585 219 f
617 202 743 239 scuta
765 199 985 247 dicebant,
1006 212 1105 240 cum
1127 201 1288 253 quibus
1318 201 1372 242 de
1394 215 1518 245 muro
1541 218 1648 259 pug-

259 267 444 306 nabant:
475 271 599 306 erant
621 266 839 320 siqnidem
861 267 915 307 ad
937 267 1020 307 hoc
1046 268 1221 320 ipsum⁹
1243 273 1363 321 apta.

204 332 378 386 Myrtea
395 338 410 360 g
433 345 596 374 corona
617 334 825 388 Papirius
849 347 954 375 usus
976 340 1062 384 est,
1085 335 1205 388 quod
1225 335 1391 378 Sardos
1411 339 1455 378 in
1478 340 1650 392 campis

259 401 437 453 myrteis
459 407 732 454 superasset.

205 464 473 521 Mam-ipatus
507 469 567 509 ita
601 468 861 523 acloptcwtish
893 476 942 511 ut
976 470 1113 524 patris
1150 471 1268 511 sui¹0
1310 471 1436 512 heres
1485 473 1651 526 [FEST.

260 542 371 584 erat,
408 535 623 590 adoptivus
658 537 760 576 enim
793 537 891 590 (jus,
922 538 1037 592 quin
1071 536 1258 591 adoptat,
1292 543 1381 579 tam
1412 539 1537 581 heres
1567 546 1652 590 est,

810 646 927 658 οοοοοο

930 647 1044 658 oooooo

246 713 265 740 8
291 708 343 740 Al.
374 710 675 741 Marmz'lamica.—9
698 709 842 742 Quidam
871 710 930 740 lib.
954 715 1139 742 usum—10
1162 711 1226 743 Ed.
1252 712 1341 744 Scal.
1376 714 1465 753 patri
1488 714 1547 745 sui.
1593 713 1655 744 Vir

202 752 293 784 doct.
313 753 344 782 in
361 763 466 793 marg.
484 754 629 793 ejusdem
647 753 703 784 ed.
721 753 860 793 conjicit
877 757 1027 785 sum—11
1057 754 1181 786 Eadem
1194 755 1248 787 ed.
1265 766 1334 796 quo.

854 861 996 892 NOTAE

246 946 259 964 f
278 945 527 986 Myrmillom'ca]
563 947 683 978 Potius
701 953 810 984 scuta,
827 947 900 987 qui—

203 996 266 1027 bus
279 996 495 1035 gladiatores,
509 997 741 1036 Myrmillones
755 998 900 1037 scilicet,

205 1047 398 1078 utebantur.
425 1048 521 1078 Idem.

247 1101 261 1123 g
286 1096 429 1136 Myrtea]
451 1096 564 1128 Infra:
591 1098 650 1129 Est
662 1097 902 1138 fragmentum,

205 1148 294 1187 quod
318 1149 464 1186 pertinet
494 1148 534 1178 ad
561 1149 693 1179 literam
717 1149 750 1183 S,
776 1149 817 1179 de
834 1150 902 1179 suis

205 1202 239 1227 et
256 1198 457 1228 necessariis
485 1199 677 1230 heredibus·
723 1200 829 1240 Cujus
852 1201 902 1231 lue

206 1251 327 1277 extant
344 1247 510 1287 reliquiae.
527 1271 534 1278 .
549 1271 556 1278 .
572 1271 580 1279 .
592 1252 625 1278 ut
646 1249 731 1288 patri
748 1259 799 1279 sno
817 1250 904 1280 lieres

204 1298 364 1328 existeret.
410 1299 453 1328 Et
479 1302 541 1329 tam
568 1298 655 1329 heres
676 1303 733 1337 est,
759 1309 860 1339 qnam,
875 1299 903 1329 si

203 1348 285 1378 idem
299 1347 330 1378 in
341 1351 493 1387 potestate
507 1348 606 1378 alienu
622 1349 818 1387 nonsuisset,
831 1359 903 1380 suus

204 1399 291 1429 heres
301 1410 311 1429 .·
329 1402 361 1429 ut
373 1402 459 1438 patet
473 1410 513 1430 ex
527 1410 572 1439 eo,
585 1401 664 1439 quod
677 1401 723 1430 ait
737 1399 902 1439 Sulpitius,

205 1449 236 1478 in
254 1459 289 1478 ea
304 1450 454 1487 oratione,
469 1460 559 1489 qutun
579 1450 664 1480 dixit
684 1460 740 1490 pro
762 1450 902 1490 Aufidia.

206 1499 429 1540 Perspicuum
448 1506 514 1538 est,
531 1500 618 1540 quod
638 1503 695 1536 ait,
712 1501 753 1531 de
776 1511 828 1538 eo,
847 1501 902 1541 qui

205 1550 238 1579 in
264 1549 479 1590 adoptionem
502 1550 615 1590 datus,
636 1561 653 1580 a
680 1556 775 1591 patre
798 1550 902 1590 adop-

204 1600 275 1630 tivo
293 1601 526 1640 emancipatus
549 1606 611 1631 est.
657 1602 740 1632 Tam
762 1601 849 1631 enim
877 1602 902 1631 is

205 1651 302 1681 heres
320 1656 371 1682 est
390 1651 554 1682 beneficio
572 1652 860 1692 P1·aet01·is‚quam
878 1652 903 1682 si

205 1701 238 1730 in
257 1701 367 1731 aliena
386 1707 557 1742 potestate
582 1711 646 1732 non
670 1701 806 1741 fuisset,
827 1712 904 1732 suus

205 1751 301 1781 heres
321 1749 454 1782 futurus
473 1753 646 1792 era'ssjure
664 1753 776 1783 civili:
803 1763 904 1793 qumi-

205 1811 303 1842 quam
321 1812 386 1832 non
404 1803 521 1842 ignoro
540 1803 571 1833 in
591 1804 752 1834 bonorum
773 1813 904 1843 posses-

206 1851 356 1882 sionibus
371 1862 492 1883 nomen
506 1853 638 1883 heredis
649 1854 907 1893 καταχρηστικῶς

206 1903 298 1942 poni.
347 1903 479 1934 Praetor
503 1904 591 1933 enim
617 1904 776 1935 heredem
794 1904 905 1935 facere

206 1962 272 1983 nou
291 1956 417 1992 potest.
441 1954 507 1983 Jos.
524 1954 609 1984 Scal.

250 2003 393 2044 llIyrtea]
428 2004 513 2034 Mihi
537 2003 671 2044 quidem
697 2004 801 2044 ignoti
829 2009 907 2035 sunt

207 2054 315 2093 campi
334 2053 380 2083 illi
399 2053 532 2094 myrtei,
549 2054 603 2084 ubi
624 2054 747 2084 Sardos
764 2064 903 2094 supera-

208 2105 257 2135 vit
274 2105 442 2145 Papirius.
470 2106 552 2136 Dae.

250 2154 263 2174 ¹¹
281 2156 480 2195 Mancipatus
491 2156 537 2186 ita
553 2157 745 2196 adoptantis]
765 2156 817 2187 Ad
832 2157 905 2188 lite-

208 2215 278 2236 ram
306 2216 321 2236 s
363 2206 424 2237 hoe
461 2206 688 2246 fragmentum
733 2208 904 2247 pertinere

203 2256 373 2296 judicavit
403 2256 569 2297 Scaliger,
600 2257 679 2297 qnia
704 2256 749 2287 ibi
774 2258 815 2287 de
842 2258 906 2288 suis

209 2312 243 2336 et
257 2307 454 2337 necessariis
480 2306 659 2337 heredibus
677 2309 799 2346 agitur,
838 2307 904 2338 Sed

210 2357 256 2386 sic
283 2357 386 2387 etiam
410 2357 493 2387 illud
517 2366 580 2387 non
607 2356 714 2387 minus
745 2357 786 2387 ad
808 2368 838 2387 m
867 2358 904 2388 li-

212 2410 317 2436 teram
350 2407 552 2446 pertineret,
576 2416 652 2438 cum
682 2411 761 2447 agat
789 2407 831 2437 de
852 2416 906 2446 eo,

211 2457 269 2496 qni
285 2466 303 2486 a
321 2461 416 2496 patre
433 2458 661 2497 mancipatus,
680 2462 715 2488 et
739 2461 857 2497 postea
875 2458 906 2487 iu

213 2505 432 2545 adoptionem
449 2507 562 2546 datus,
574 2507 620 2537 ita
638 2506 836 2546 adoptantis
851 2516 908 2546 pa-

213 2556 273 2586 tris
289 2555 386 2585 heres
412 2556 462 2596 fit,
481 2562 517 2588 ut
543 2558 645 2597 patris
670 2558 720 2588 sui
744 2558 907 2588 naturalis

213 2615 292 2635 suus
323 2605 420 2635 heres
451 2613 535 2637 erat.
590 2607 907 2638 Animadverteram

214 2660 394 2696 autequam
412 2655 444 2686 in
459 2657 600 2687 schedas
613 2658 814 2689 incidissem.
842 2657 909 2688 Hic

958 951 1070 977 autem
1088 946 1179 978 aliud
1198 946 1346 978 intendit
1361 947 1541 988 Sulpicius,
1555 957 1654 989 quam

957 997 1047 1037 quod
1082 998 1188 1037 primo
1219 1003 1360 1038 aspectu
1388 998 1494 1028 videri
1526 995 1653 1038 potest.

959 1048 1078 1089 Neque
1110 1049 1198 1079 enim
1229 1048 1314 1079 dicit
1351 1048 1581 1088 mancipatum
1619 1054 1654 1079 et

960 1098 1154 1138 adoptantis
1172 1099 1279 1138 patris
1297 1103 1330 1129 ct
1357 1099 1463 1138 patris
1492 1099 1656 1129 naturalis

959 1160 1054 1180 suum
1072 1149 1230 1180 heredem
1249 1159 1320 1179 esse
1345 1149 1461 1179 eodem
1489 1153 1655 1189 ternpore.

956 1200 990 1230 Si
1010 1201 1056 1231 ita
1074 1201 1215 1239 (liceret,
1233 1204 1393 1240 peccaret
1412 1205 1518 1230 certe.
1565 1199 1654 1230 Nam

958 1250 1168 1290 mancipatus
1199 1250 1306 1290 patris
1339 1249 1489 1289 adoptivi
1523 1253 1654 1280 tantum

957 1310 1036 1331 suns
1053 1301 1152 1331 heres
1169 1305 1242 1330 erat
1258 1309 1334 1330 cum
1353 1305 1441 1329 esset
1457 1299 1489 1329 in
1507 1299 1581 1339 ejus
1598 1309 1655 1340 po-

959 1356 1098 1381 testate.
1144 1350 1308 1391 Equidem
1327 1350 1404 1390 jure
1423 1350 1582 1390 pra‘torio
1599 1360 1655 1380 vo-

959 1402 1103 1431 cabatur
1133 1401 1163 1431 in
1194 1400 1313 1431 tertios
1345 1400 1501 1439 heredes,
1530 1401 1656 1431 rescisa

958 1452 1091 1482 scilicet
1119 1451 1405 1491 eiiiancipatmiie,
1435 1451 1498 1481 hoc
1529 1451 1656 1487 colore,

958 1503 1044 1541 quoa!
1071 1501 1150 1533 licet
1179 1501 1320 1532 desierit
1350 1511 1423 1532 esse
1451 1512 1528 1532 suus
1559 1502 1656 1532 heres

959 1552 1066 1592 patris
1105 1552 1281 1587 naturalis,
1312 1561 1378 1582 non
1414 1557 1525 1583 tamen
1557 1553 1657 1583 desiit

959 1611 1031 1632 esse
1045 1601 1144 1632 tilius.
1183 1602 1229 1632 At
1248 1607 1423 1643 postquam
1442 1603 1656 1643 placuimus-

961 1652 1088 1682 tiniauo
1104 1651 1284 1682 emendare
1297 1652 1352 1692 jus
1370 1653 1451 1682 illud
1470 1653 1656 1693 antiquum,

960 1703 1058 1741 silius,
1075 1713 1174 1743 quem
1194 1708 1292 1743 pater
1313 1709 1477 1734 extraneo
1493 1704 1658 1744 adoptan-

960 1753 1039 1784 dum
1057 1753 1210 1792 dederat,
1227 1755 1259 1783 iu
1284 1755 1386 1794 patris
1413 1755 1576 1785 naturalis
1600 1764 1657 1795 po-

963 1810 1089 1835 testate
1108 1798 1273 1842 remanet,
1292 1805 1339 1835 ita
1357 1810 1392 1836 ut
1416 1806 1506 1845 patri
1525 1805 1659 1845 adopti-

964 1864 1003 1885 vo
1034 1854 1195 1885 succedat
1235 1859 1365 1885 tantum
1405 1855 1447 1886 ab
1481 1856 1658 1886 intestato.

962 1905 1112 1935 Necesse
1131 1909 1184 1934 est
1202 1904 1304 1943 igitur
1322 1904 1411 1935 aliud
1431 1905 1572 1935 voluisse
1585 1905 1658 1935 Sul·

963 1955 1098 1994 picium.
1146 1955 1196 1985 En
1229 1955 1309 1986 tibi:
1349 1955 1406 1986 Sui
1438 1955 1578 1986 heredes
1608 1955 1657 1985 di-

962 2010 1098 2044 cuntur,
1115 2006 1170 2045 qni
1196 2011 1273 2036 sunt
1297 2006 1327 2035 in
1353 2011 1525 2046 potestate
1551 2006 1657 2046 patris

962 2055 1149 2092 morientis,
1166 2060 1202 2085 nt
1221 2055 1320 2094 filius,
1342 2055 1422 2094 tilia,
1440 2065 1557 2095 nepos,
1574 2064 1657 2094 nep-

961 2106 1018 2143 tis,
1035 2106 1104 2136 sive
1119 2106 1303 2139 naturales,
1320 2106 1388 2135 sive
1406 2106 1569 2145 legitimi:
1588 2106 1655 2145 leg.

960 2165 984 2185 1.
1009 2154 1044 2185 ff.
1071 2155 1113 2185 de
1134 2156 1201 2185 suis
1225 2161 1260 2185 et
1286 2156 1424 2195 legithn.
1449 2155 1565 2185 hered.
1586 2156 1602 2195 ξ
1626 2158 1657 2185 2.

961 2206 1178 2245 Mancipatus
1201 2211 1312 2236 autem
1330 2206 1362 2236 in
1382 2206 1488 2245 patris
1504 2205 1656 2245 adoptivi

960 2254 1121 2286 familiam
1139 2256 1315 2295 transibat,
1331 2255 1485 2296 adeoque
1507 2265 1582 2286 cum
1607 2264 1657 2285 es-

961 2312 1014 2336 set
1032 2306 1062 2336 in
1080 2306 1152 2346 ejus
1176 2311 1350 2346 potestate
1372 2311 1464 2337 recte
1486 2306 1560 2345 ejus
1578 2315 1656 2335 suus

961 2357 1060 2387 heres
1077 2363 1162 2387 erat.
1208 2357 1467 2398 Desinebatque
1487 2356 1591 2397 patris
1607 2356 1656 2386 sui

961 2407 1126 2437 naturalis
1141 2417 1218 2437 snus
1236 2407 1332 2438 heres
1349 2416 1435 2448 esse,
1448 2407 1524 2448 quia
1539 2407 1570 2437 in
1584 2407 1655 2445 ejus

962 2461 1133 2497 potestate
1151 2465 1222 2486 esse
1240 2455 1389 2487 desierat
1406 2467 1415 2495 ;
1438 2456 1495 2487 sed
1513 2456 1540 2487 si
1566 2455 1654 2486 idem

961 2512 1060 2547 pater
1078 2506 1238 2536 naturalis
1256 2505 1359 2536 filium
1377 2506 1490 2537 datum
1506 2505 1538 2535 in
1557 2505 1657 2544 adop-

963 2557 1087 2587 tionem
1105 2556 1216 2586 denuo
1233 2556 1498 2596 readoptaverit,
1516 2560 1585 2586 tum
1601 2555 1656 2585 ille

963 2607 1148 2637 revertitur
1160 2607 1192 2637 in
1207 2611 1408 2646 potestatem
1424 2605 1541 2645 patris,
1555 2610 1656 2644 atque

964 2656 1047 2688 adeo
1076 2665 1152 2687 suus
1178 2656 1274 2686 heres
1299 2660 1362 2696 est,
1386 2656 1452 2695 leg.
1480 2658 1528 2686 12.
1553 2657 1603 2685 cll.
1622 2658 1657 2684 et
