1835 2906
198 103 283 147 518

201 209 405 250 Ocimum
419 214 457 240 9¹
489 206 712 249 Graecum.

650 113 800 144 SEXTI
833 111 1035 144 POMPEII
1070 112 1206 144 FESTI

201 276 407 318 Ocimum
429 274 663 317 Graecum:
685 280 771 318 eta
793 275 1014 317 celeritate
1034 274 1246 316 nascendi
1267 278 1333 317 est
1352 275 1442 317 dic·
1474 275 1651 330 [PAUL-

258 349 367 384 tum.

201 411 342 452 Ocius
373 415 416 452 et
446 411 654 452 ocissime
684 410 924 465 positivum
955 409 1163 451 Latinum
1190 422 1277 452 non
1296 411 1470 461 habent,
1500 411 1575 452 sed
1597 410 1653 451 ab

258 492 310 520 eo
331 478 526 530 veniunt,
558 479 676 533 quod
698 483 764 519 cst
784 478 829 518 in
851 477 1011 519 Graeco
1031 476 1179 525 ὠκύς.ὀ

203 544 370 588 Ociusk
400 547 607 588 secundae
631 545 900 595 collationis,
930 550 972 586 et
993 545 1150 587 deinde
1171 546 1310 588 tertiae
1333 546 1448 587 ocis-
1491 545 1655 596 [FEST.

258 613 368 654 sime
398 613 677 667 frequentata
706 616 820 662 sunt,
853 612 930 653 alii
961 612 1079 654 dicta
1111 627 1138 655 a
1165 615 1339 664 nostris,
1371 619 1415 655 et
1437 618 1578 655 tracta
1598 626 1656 654 ex

259 681 471 732 Graeco,¹¹
503 682 547 723 id
581 685 661 731 est,
693 678 831 731 ὠκέως,
863 680 988 735 cujus
1022 682 1164 735 prima
1183 681 1461 735 significatio,
1493 695 1547 723 ex
1569 695 1658 735 qua

257 751 491 804 procedere
521 751 567 791 in
603 750 975 803 comparationem
1010 750 1156 800 debet,
1189 750 1307 803 apud
1339 762 1423 790 nos
1451 763 1536 790 non
1564 753 1657 801 est;

258 819 398 859 tertiae
430 831 532 859 vero
567 817 872 868 collationis,¹2
905 817 1031 871 cujus
1061 817 1274 872 majora¹³
1306 818 1510 871 exempla
1541 821 1657 866 sunt,

259 890 414 927 auctor
448 890 516 926 est
549 885 737 927 Plautus
773 885 817 926 in
853 885 1139 928 Nervolaria:
1174 886 1394 929 Ocissime
1425 898 1505 926 nos
1532 885 1673 926 liberi

257 955 485 1007 possimus
508 953 615 996 fieri.

482 1090 721 1144 quicquam
742 1089 906 1131 occisa.

483 1158 572 1199 lius
594 1157 889 1199 historiarum.

479 1230 626 1266 tantur
649 1225 842 1266 ocissim.

477 1293 611 1333 lamia
632 1293 766 1346 apud.

478 1359 656 1401 lamiam
678 1373 797 1413 opor.

204 1426 384 1471 Ocrem¹
417 1428 602 1482 antiqui,
624 1431 669 1468 ut
691 1426 877 1469 Atheius
901 1427 1194 1481 Philologus
1184 1441 1225 1468 m
1255 1427 1368 1468 libro
1398 1426 1659 1468 Glossema-

812 1547 1048 1559 ‘moenem‘

246 1618 266 1645 9
291 1614 345 1645 Al.
371 1614 618 1654 Grynium—10
644 1613 723 1645 Vet.
758 1614 819 1645 lib.
855 1613 1051 1646 ὠκέως.-11
1079 1615 1167 1646 Scal.
1200 1619 1234 1645 et
1273 1615 1357 1645 Dac.
1381 1612 1560 1652 legendum
1591 1621 1659 1643 mo-

205 1663 290 1689 nent
305 1667 313 1687 :
337 1657 394 1687 alii
410 1657 559 1687 dictitant
578 1660 712 1697 nostras,
729 1658 786 1688 aziz·
801 1661 938 1689 tractum
954 1668 994 1689 ex
1015 1659 1226 1690 Caeca—12
1250 1658 1329 1689 Vet.
1346 1658 1422 1688 cod.
1438 1655 1664 1687 consolationis.

205 1703 289 1732 -13
314 1700 413 1741 Legit
430 1701 516 1731 Dac.
532 1701 666 1730 rariora,

859 1778 1002 1811 NOTAE

246 1864 253 1884 ⁵
281 1864 440 1905 Ocimum]
468 1863 600 1903 Herba,
626 1873 700 1905 qum
729 1865 833 1905 vulgo
856 1864 905 1896 di-

203 1915 293 1946 citur
308 1916 424 1946 basilic.
470 1915 620 1955 Hesych.
645 1915 776 1955 ἄκυμον,
788 1915 907 1953 βοτάνη

204 1965 315 2003 εὐώδης
329 1965 367 1996 τὸ
382 1963 555 2003 λεγόμενον
576 1964 754 2000 βασιλικόν.
799 1971 807 1983 ‘
823 1966 904 1997 Oci-

203 2026 307 2054 mum,
324 2016 428 2047 herba
452 2015 608 2057 odorata,
634 2016 763 2047 dictum
793 2016 907 2047 basili-

202 2066 303 2099 cum.’
347 2068 411 2098 Est
436 2070 547 2097 autem
564 2076 582 2098 a
598 2066 723 2098 Graeco
746 2066 835 2106 ὠκὺς,
849 2077 903 2099 ce·

201 2118 263 2149 ler.
286 2117 384 2148 Idem.

246 2169 260 2190 k
287 2168 398 2208 Ocius]
422 2167 538 2208 Lego:
578 2167 646 2199 Alii
669 2168 818 2200 dictitant
838 2178 905 2199 nos-

202 2226 279 2261 tras,
293 2221 348 2252 aziz·
364 2225 499 2252 tractum
514 2231 553 2251 ex
571 2221 684 2251 Groeco
695 2231 705 2251 .·
729 2230 769 2251 ex
788 2227 904 2251 vetere

203 2272 388 2312 scriptura,
412 2272 512 2302 dictas
535 2276 666 2303 nostras.
710 2272 750 2302 Iu
776 2271 843 2303 fine
860 2271 906 2303 ci·

204 2322 343 2353 tabatur
360 2323 485 2354 Coeiius
502 2323 534 2353 iu
561 2322 773 2353 historiarum
800 2322 906 2362 libris,

205 2372 262 2413 qui
290 2373 429 2413 dixerit,
457 2373 695 2404 ‘concitantur
713 2372 908 2413 Ocissime,’

204 2428 239 2453 et
264 2424 408 2453 ‘AEiium
443 2424 592 2454 Lamiam
624 2428 816 2464 opportune
849 2433 905 2454 ve·

204 2473 316 2508 nisse:
341 2479 399 2504 aut
416 2475 484 2505 tale
501 2474 595 2515 quid.
618 2475 686 2505 JOS.
703 2474 789 2505 Scal.

250 2523 362 2562 Ocius]
401 2525 492 2563 Lege
533 2523 640 2555 infra:
680 2524 749 2556 Alii
775 2525 860 2556 dicta
887 2535 906 2555 α

204 2573 328 2612 nostris,
352 2573 408 2603 alii
438 2578 571 2604 tractam
604 2574 746 2605 Graecis:
771 2576 838 2616 vel,
868 2579 906 2605 ut

203 2624 381 2662 Scaliger:
429 2624 486 2653 aliz·
515 2624 661 2655 dictitant
690 2629 822 2664 nostras,
851 2625 907 2655 alii

204 2680 339 2708 tractum
355 2687 393 2707 cx
411 2677 533 2707 (ἰν-(εσυ.
578 2677 666 2708 Item
695 2677 795 2718 iufra,
821 2679 907 2717 cnjus

963 1865 1082 1905 majora
1098 1866 1248 1906 exempla,
1262 1864 1442 1905 legendum
1458 1863 1604 1894 rariora.-
1628 1863 1661 1894 in

963 1915 1030 1946 fine
1047 1916 1220 1947 citabatur
1237 1915 1360 1947 Coelius
1387 1916 1417 1945 in
1446 1914 1661 1945 historiarum

962 1966 1068 2006 libris,
1093 1966 1147 2007 qui
1174 1965 1272 2005 dixit,
1293 1967 1302 1983 ‘
1316 1965 1529 1996 concitantur
1549 1963 1662 1995 ocissi-

962 2019 1036 2048 me.’
1063 2017 1107 2048 Et
1122 2017 1227 2048 Allius
1244 2016 1361 2046 Lamia
1376 2014 1477 2055 apud.
1488 2038 1494 2045 .
1505 2036 1530 2045 ..
1542 2018 1550 2031 ‘
1561 2013 1660 2044 Ocis-

961 2068 1044 2098 sime
1076 2073 1179 2108 atque
1206 2066 1327 2096 AElium
1351 2064 1500 2096 Lamiam
1538 2072 1662 2104 oppor-

961 2122 1042 2148 tune
1060 2116 1210 2148 venissel
1232 2117 1312 2147 Dac.

1002 2167 1010 2188 ¹
1035 2166 1161 2207 Ocrem]
1185 2167 1355 2205 Graecum,
1380 2164 1480 2204 ὅκρυν.
1498 2164 1587 2204 uude
1604 2174 1662 2205 op-

961 2217 1053 2257 pida,
1084 2217 1272 2250 Interocrea,
1313 2219 1346 2245 et
1391 2214 1591 2245 Ocriculum.-
1625 2219 1662 2245 ut

963 2267 1094 2300 Graecis
1107 2265 1246 2306 τρέχων,
1261 2263 1425 2306 τραχίνιοι.
1445 2265 1515 2295 Jos.
1532 2263 1614 2295 Scal.

1009 2317 1135 2357 Ocrem]
1172 2318 1250 2348 Nou
1277 2317 1383 2346 solum
1408 2319 1571 2353 montem,
1601 2315 1662 2346 sed

962 2369 1075 2401 onmia
1100 2367 1283 2399 eminentia
1306 2371 1341 2398 et
1369 2375 1487 2406 aspera
1500 2366 1597 2396 ocrim
1613 2365 1661 2395 di-

962 2420 1098 2458 cebant,
1127 2428 1146 2448 a
1172 2418 1294 2448 Graeco
1322 2415 1414 2455 ὀκρὶς,
1441 2416 1530 2447 uude
1560 2415 1662 2455 ὀκρίδα

959 2469 1123 2511 φάραγγα,
1163 2468 1251 2508 apud
1292 2467 1485 2506 AEschylum
1515 2466 1547 2496 in
1577 2466 1662 2497 Pro-

960 2521 1063 2552 meth.
1109 2519 1187 2550 Non
1208 2519 1307 2557 longe
1333 2527 1352 2547 a
1372 2516 1437 2547 fine
1455 2525 1586 2546 versum
1604 2516 1661 2547 Li-

962 2572 1020 2611 vii,
1057 2571 1218 2609 Celsosque
1246 2569 1335 2602 ocris,
1365 2568 1417 2606 &a
1449 2565 1497 2597 sic
1524 2566 1661 2606 legebat

961 2622 1049 2655 Scai.
1085 2621 1116 2651 in
1145 2619 1332 2659 conjectam.
1389 2616 1551 2657 Cels-osque
1581 2618 1662 2648 ocris

961 2681 1092 2713 arvaque
1107 2672 1222 2712 patrita
1245 2672 1274 2701 et
1302 2677 1385 2699 mare
1406 2676 1561 2707 inagnum.
1609 2669 1660 2699 Ex
