1835 2906
375 152 435 181 DE
471 149 743 180 VERBORUM

781 147 1184 177 SIGNIFICATIONE
1221 148 1315 177 LlB.
1350 148 1433 177 Vll.

1541 137 1624 178 287

239 247 352 287 enim
388 250 484 286 sunt
520 246 684 285 semina
727 245 884 291 rerum,
910 239 1007 296 quae
1044 242 1298 283 Graecorum
1336 243 1409 283 alii
1432 244 1618 297 στοιχεῖα,

239 314 315 354 alii
334 311 531 367 σπέρματα
548 312 564 336 ⁶
593 316 766 353 vocant.

827 310 1075 350 Duodecim
1111 323 1285 363 quoque
1307 311 1443 364 signa,
1461 311 1624 360 lunam,

239 388 282 422 et
306 381 439 421 solem
462 381 570 420 inter
592 380 670 419 hos
694 379 813 419 Deos
834 378 1162 430 computabant.

181 448 388 489 Geniales
410 451 553 488 autem
575 447 679 488 dicti
701 460 727 487 a
742 445 943 498 gerendo,
966 445 1073 497 quia
1092 445 1321 497 plurimum
1352 457 1482 498 posse
1503 448 1629 498 puta-

240 516 410 564 bantur,
433 529 544 568 quos
565 519 725 568 postea
748 513 922 566 gerulos
942 512 1236 565 appellarunt.

184 583 382 624 Genialis
403 583 579 632 lectus,¹¹
613 583 687 635 qui
718 581 886 636 nuptiis
904 586 918 611 7
952 580 1152 621 sternitur
1179 581 1223 621 in
1254 580 1456 620 honorem
1484 580 1627 632 genii:

240 651 354 690 unde
377 655 418 691 et
436 650 697 703 appellatur.

183 717 370 758 Genium
386 722 401 739 ⁰
430 717 713 770 appellabant
743 717 903 766 Deum,
929 717 1003 770 qui
1026 716 1113 756 vim
1143 716 1355 757 obtineret
1375 727 1517 754 rerum
1539 727 1631 754 om-

237 785 355 824 nium
374 784 669 837 gerendarum.
701 783 957 833 Aufustius,
976 783 1160 833 Genius,
1182 783 1335 836 inquit,
1352 786 1419 823 est
1442 782 1632 822 Deorum

238 852 387 902 filius,p
403 856 444 892 et
464 865 624 905 parens
641 852 879 900 hominurn,
901 864 958 891 ex
981 863 1067 903 quo
1090 850 1286 891 homines
1309 850 1569 903 gignuntur:
1591 852 1633 890 et

238 922 472 972 propterea
497 919 666 960 Genius
688 932 809 959 meus
839 919 1102 967 nominatur,
1127 919 1200 972 qui
1226 931 1293 958 me
1322 917 1485 969 genuit.

1546 916 1634 957 Alii

241 987 430 1027 Genium
445 992 461 1015 ‘¹
492 1000 588 1027 esse
610 990 817 1040 putarunt
838 985 1180 1039 uniuscujusque
1207 985 1296 1025 loci
1320 985 1480 1026 Deum.

184 1052 304 1094 Gens
324 1055 445 1096 AElia
462 1059 474 1075 ¹'
496 1054 758 1107 appellatur,
783 1067 884 1106 quae
900 1067 953 1094 ex
972 1053 1122 1093 multis
1144 1052 1322 1093 familiis
1345 1051 1592 1092 conficitur.

185 1120 374 1161 Gentilis
389 1127 401 1143 ⁵
431 1121 588 1162 dicitur
609 1126 654 1161 et
688 1133 745 1160 ex
767 1120 921 1160 eodem
944 1132 1098 1173 genere
1122 1123 1260 1168 ortus,
1282 1122 1323 1159 et
1343 1118 1382 1158 is
1406 1118 1482 1171 qui
1503 1117 1637 1158 simili

792 1219 908 1230 oooooo

910 1218 1027 1230 ιιιιιι

226 1286 246 1314 6
262 1283 302 1314 In
319 1293 422 1324 marg.
439 1284 494 1317 ed.
509 1285 597 1317 Scal.
614 1285 750 1323 γένεθλα
763 1284 783 1321 ἢ
799 1282 1007 1321 ἂτόμους.-7
1035 1283 1043 1299 ‘
1059 1283 1133 1313 Vox
1158 1281 1276 1322 nuptiis
1294 1279 1429 1312 videtur
1443 1279 1640 1313 abundare:

187 1326 279 1358 Fulv.
302 1327 410 1358 Ursin.

833 1401 865 1433 N
872 1401 973 1433 OTAE

228 1481 242 1496 ¹¹
269 1477 411 1507 Genialis
433 1477 544 1517 lectus]
570 1477 622 1508 De
650 1486 689 1508 eo
713 1475 881 1507 Arnobius

187 1532 306 1557 contra
334 1532 466 1567 gentes.
513 1528 724 1558 Describitur
752 1527 883 1567 prolixe

184 1586 203 1607 a
220 1577 354 1608 Catullo
371 1578 414 1609 de
428 1578 564 1618 Nuptiis
578 1578 698 1608 Pelei:
716 1582 751 1608 et
765 1576 884 1606 Theti-

187 1627 248 1658 dis.
295 1628 440 1663 Glossae,
464 1628 472 1644 ‘
489 1628 641 1659 Genialis
659 1628 779 1665 lectus,
793 1625 884 1662 κλίνη

188 1678 382 1715 συμποσίου.’
415 1678 490 1709 Non
509 1678 551 1708 de
566 1678 683 1708 eodem
703 1676 883 1707 intellexit.

190 1727 275 1757 Nam
292 1727 443 1758 Genialis
460 1729 568 1758 lectus
585 1727 801 1758 sternebatur
817 1726 885 1758 Ge—

188 1779 243 1808 nio
260 1783 294 1809 et
309 1779 446 1810 Junoni.
470 1779 537 1808 JOS.
553 1777 636 1808 Scal.

233 1828 375 1859 Genialz's
398 1828 510 1867 lectus]
532 1828 669 1858 Servius
696 1836 730 1857 v.
754 1825 886 1857 AEneid.

189 1880 198 1895 ‘
210 1877 387 1909 Geniales’
404 1878 519 1918 (lecti)
536 1879 546 1895 ‘
560 1877 696 1918 proprie
714 1877 888 1915 dicuntur,

188 1928 246 1968 qui
277 1932 477 1959 sternuntur
506 1928 626 1968 puellis
658 1926 889 1958 nubentibus.'

188 1978 229 2008 In
247 1978 406 2009 honorem
424 1979 525 2010 Genii
544 1983 579 2009 et
594 1978 738 2010 Junonis
755 1982 886 2009 sterne-

191 2028 291 2059 batur
302 2029 429 2060 Catuli.
444 2029 477 2059 in
492 2029 619 2069 nuptiis
638 2028 755 2060 Pelei:
782 2029 790 2046 ‘
808 2028 889 2059 Pul-

187 2079 376 2118 vinaryero
388 2080 488 2110 Divae
504 2081 635 2120 geniale
652 2080 786 2110 locatur
798 2078 888 2109 AEdi-

190 2129 251 2160 bus
281 2130 312 2160 in
344 2129 487 2161 mediis!
532 2128 696 2169 Apuleius
722 2128 833 2160 Miles.
851 2137 887 2160 x.

189 2181 197 2195 ‘
214 2180 258 2210 Et
270 2179 337 2219 jam
350 2184 455 2218 torus,
470 2179 611 2219 genialis
626 2178 756 2208 scilicet
773 2184 889 2208 noster

191 2228 336 2267 futurus,
348 2229 601 2260 accuratissime
617 2228 891 2268 ‹lesternebatur‚

190 2279 296 2311 lectus
325 2279 442 2309 Indica
472 2279 641 2310 testudine
681 2279 889 2319 perlucidus,

192 2329 326 2368 plumea
344 2329 503 2368 congerie
523 2329 679 2364 tumidus,
697 2334 789 2360 veste
805 2329 884 2359 seri-

194 2388 233 2408 ca
249 2377 408 2409 floridus?
432 2379 511 2409 Duc.

233 2432 246 2447 0
272 2429 421 2469 Genium]
458 2428 615 2458 Aurelius
653 2428 883 2468 Augustinus:

191 2479 200 2495 ‘
216 2478 343 2509 Genius
359 2484 410 2509 est
428 2479 533 2516 Dens,
549 2479 606 2518 qui
620 2478 821 2518 praepositus
834 2483 888 2509 est

191 2539 230 2561 ac
249 2529 312 2560 vim
336 2531 436 2561 habet
457 2530 602 2560 omnium
619 2539 728 2560 rerum
746 2530 886 2569 gignen-

193 2578 333 2610 darum?
354 2579 444 2609 Vide
462 2584 469 2596 ‘
483 2578 668 2609 Gennaes)
693 2579 790 2609 Idem.

226 2630 376 2670 Genium]
395 2629 567 2665 Laberius,
584 2628 743 2665 ‘Genius,
755 2629 888 2670 generis

194 2680 301 2711 nostri
318 2678 465 2720 parens.'
490 2679 557 2709 Jos.
571 2678 654 2709 δραι.

980 1480 995 1500 Ρ
1021 1475 1140 1506 Genius
1170 1475 1310 1505 Deorum
1327 1473 1381 1515 fil.
1413 1476 1443 1503 et
1458 1480 1525 1512 par.
1541 1470 1639 1510 hom]

937 1525 1028 1557 Hinc
1046 1525 1210 1556 Laberius
1226 1524 1391 1563 imagine:
1412 1526 1420 1539 ‘
1435 1521 1564 1553 Genius
1583 1530 1640 1560 ge-

938 1577 1028 1606 neris
1045 1576 1152 1606 nostri
1175 1573 1320 1615 parens-y
1343 1574 1426 1604 Duc.

981 1632 996 1652 q
1020 1626 1088 1657 Alii
1112 1625 1254 1665 genium]
1291 1623 1429 1654 Servius
1460 1631 1484 1654 1.
1511 1621 1640 1661 Georg-

937 1676 946 1692 ‘
961 1675 1108 1707 Genium
1126 1680 1239 1706 autem
1257 1673 1418 1705 dicebant
1435 1672 1566 1712 antiqui
1583 1681 1642 1702 na-

938 1727 1081 1756 turalem
1110 1726 1223 1756 Deum
1249 1724 1346 1754 unius
1376 1723 1538 1763 cujusque
1564 1720 1642 1755 loci,

938 1776 990 1806 vel
1010 1776 1070 1815 rei,
1086 1780 1144 1806 aut
1160 1773 1323 1805 hominis!
1355 1772 1441 1803 Inde
1458 1770 1548 1810 apud
1564 1770 1641 1800 Vir-

939 1825 997 1865 gil.
1017 1834 1051 1855 v.
1076 1825 1210 1855 AEneid.
1245 1822 1427 1853 ‘Incertus
1452 1820 1642 1851 Geniumve

939 1874 1016 1910 loci,
1034 1874 1237 1905 famulumve
1255 1872 1409 1913 parentis
1424 1871 1508 1901 Esse
1520 1868 1642 1910 putet.'

939 1923 1009 1955 Ubi
1038 1924 1201 1954 Servius:
1258 1922 1399 1953 ‘Nullus
1430 1921 1520 1951 enim
1550 1920 1643 1950 locus

940 1974 1012 2005 sine
1028 1974 1139 2006 Genio
1157 1977 1220 2012 est,
1245 1973 1303 2014 qui
1320 1981 1382 2012 per
1403 1980 1546 2010 anguem
1568 1971 1640 2010 ple·

941 2034 1084 2066 rumque
1110 2022 1327 2055 ostenditur-¹
1371 2021 1500 2053 Genios
1528 2018 1643 2050 Graeci

941 2081 1063 2107 vocant
1097 2074 1265 2114 ἐγχωρίους
1289 2071 1386 2107 θεοὺς,
1411 2069 1566 2110 δαίμονας,
1585 2068 1643 2099 “H-

939 2137 1029 2165 ρωας.
1053 2125 1151 2156 Idem.

983 2180 995 2195 ¹
1020 2176 1106 2206 Gens
1121 2173 1221 2213 AElia]
1237 2170 1344 2205 Quasi
1360 2179 1440 2201 vero
1452 2167 1535 2206 illud
1548 2167 1643 2198 AEliae

941 2226 1051 2267 gentis
1067 2225 1241 2266 proprium
1258 2223 1312 2257 sit,
1331 2225 1367 2252 ut
1384 2221 1417 2250 in
1434 2218 1577 2250 familias
1594 2216 1643 2248 di·

938 2278 1084 2315 vidatur,
1101 2281 1137 2307 et
1154 2284 1220 2306 non
1251 2273 1454 2312 reliquarum
1483 2269 1642 2301 omnium.

940 2327 1032 2361 Quid
1045 2327 1147 2367 igitur
1162 2326 1172 2355 ?
1190 2326 1277 2364 lege,
1297 2322 1381 2352 Gens
1391 2321 1446 2350 illa
1462 2319 1574 2359 appell.
1590 2319 1643 2357 Esc.

943 2380 1029 2410 Gens
1045 2385 1168 2408 nomen
1183 2380 1235 2406 est
1258 2371 1429 2413 generale,
1446 2375 1482 2401 et
1497 2368 1642 2400 familias

941 2428 1193 2470 complectitur.
1239 2422 1434 2464 Aliquando
1462 2425 1574 2452 tamen
1594 2419 1643 2451 fa-

941 2480 1033 2511 milia
1059 2478 1159 2509 latius
1176 2480 1284 2516 patet,
1300 2480 1335 2506 et
1350 2474 1499 2505 Gentem
1517 2471 1643 2512 signifi·

941 2534 1009 2561 cat.
1030 2527 1118 2558 Vide
1136 2528 1145 2544 ‘
1162 2523 1327 2557 Familiae
1351 2524 1450 2554 Idem.

985 2585 996 2598 ὃ
1021 2575 1175 2615 Gentilis]
1199 2576 1321 2606 Cicero
1336 2574 1369 2605 in
1384 2573 1520 2614 Topicis
1537 2581 1578 2603 ex
1596 2573 1640 2604 Q.

943 2627 1118 2660 Scaevola:
1153 2625 1333 2656 ‘Gentiles
1357 2629 1446 2658 sunt,
1471 2622 1528 2662 qui
1551 2622 1641 2652 inter

945 2686 981 2708 se
995 2675 1113 2707 eodem
1129 2674 1263 2706 nomine
1290 2678 1379 2705 sunt.
1425 2671 1504 2703 Non
1519 2675 1573 2702 est
1589 2678 1640 2700 sa-
