1835 2906
169 106 254 148 630
621 117 769 148 snx'ri
803 118 1004 148 POMPEII
1040 119 1177 149 Fsss‘rl

228 225 343 263 esse,
375 216 423 254 ut
456 226 553 255 cum
576 217 724 256 essent
745 214 959 267 designati
981 227 1008 256 a
1038 215 1359 269 praerogativis,
1389 217 1434 258 in
1459 231 1621 260 sermo-

227 293 325 321 nem
346 293 414 321 res
435 281 600 324 veniret
631 282 788 336 populi
818 282 872 323 de
905 282 1066 336 dignis,
1099 284 1361 337 indignisve,
1393 290 1438 327 et
1468 285 1623 328 fierent

227 349 360 389 ceteri
381 349 700 402 diligentiores,
731 350 787 391 ad
808 349 1019 403 suffragia
1040 350 1095 392 de
1115 351 1182 392 his
1201 352 1394 394 ferenda.

173 415 297 457 Praes
311 421 328 438 ¹
348 419 416 457 est
431 417 486 467 is,
501 418 578 471 qui
590 418 758 472 populo
774 430 822 458 se
841 418 1024 470 obligat,
1041 418 1421 474 interrogatusque
1441 421 1570 474 [PAU
1582 433 1622 462 1..

229 495 256 524 a
277 484 550 537 magistratu,
573 486 610 526 si
631 498 747 539 praes
767 485 842 535 sit,
860 485 935 526 ille
957 487 1207 540 respondet,
1229 488 1370 529 Praes.
1460 489 1624 538 [FEsT.

172 550 416 604 Praesagire
435 556 502 594 est
520 553 826 607 praefflvinare,
846 555 1108 608 praesipere:
1131 568 1271 609 sagax
1292 556 1405 596 enim
1427 561 1498 597 est
1518 569 1623 597 acu-

227 621 314 669 tus,
335 624 377 661 et
396 620 549 661 solers.

171 684 461 739 Praesagitioy
492 688 624 738 dicta,
662 689 781 741 quod
802 690 1041 743 praesagire
1062 695 1132 733 est
1153 696 1282 733 acute
1303 704 1401 732 sen·
1445 692 1572 745 [PAU
1582 703 1622 733 1..

228 753 325 803 tire,
347 754 461 795 unde
481 767 601 807 sagae
624 755 756 797 dictae
780 769 905 807 anus,
944 771 1046 811 quae
1075 759 1210 800 multa
1232 754 1392 810 sciunt,
1424 763 1467 801 et
1496 773 1624 813 saga-

227 833 302 862 ces
324 834 472 870 canes,
495 823 570 876 qui
591 823 779 864 ferarum
801 825 966 866 cubilia
987 827 1290 880 praesentiunt.

172 887 420 942 Proesagitio
441 890 566 940 dicta,
589 889 699 945 quod
712 893 933 949 praesagire
950 900 1006 934 est
1023 901 1138 935 acute
1153 894 1313 946 sentire,
1326 895 1433 936 unde
1461 894 1624 945 [FEST.

228 962 264 996 et
285 971 391 1012 sagae
410 972 511 998 ames
534 959 685 1009 dictae,
707 975 793 1015 (juce
813 961 945 1002 multa
965 961 1108 1014 sciant,
1129 970 1167 1003 ec
1187 976 1347 1018 sagaces
1363 977 1494 1013 canes,
1511 961 1626 1017 qnod

210 1022 409 1079 ferarum
432 1025 582 1067 cubilia
599 1029 880 1082 praesentiant.

170 1092 486 1136 Praesideraro²
504 1095 674 1146 dicitur,
692 1110 787 1138 cum
802 1099 1015 1139 maturius
1032 1098 1228 1152 hyberna
1243 1101 1427 1152 tempes·
1441 1098 1571 1152 [ΡΜ]
1583 1109 1624 1139 L.

227 1164 298 1201 tas
319 1166 531 1213 movetur,
555 1165 685 1217 quasi
708 1170 812 1206 ante
834 1166 992 1207 sideris
1014 1155 1202 1219 tempus.

829 1326 968 1358 NOTAE

211 1426 224 1440 Χ
252 1421 359 1462 Proes]
385 1423 498 1453 Festus
509 1424 555 1454 ait
572 1423 722 1463 praedem
741 1423 870 1454 dictum

168 1481 254 1510 esse,
280 1472 366 1512 quod
393 1472 620 1514 interrogatus
646 1484 665 1504 a
691 1475 828 1514 populo,
845 1475 870 1504 si

167 1527 361 1563 praesesset‚
385 1525 627 1564 respondebat,
652 1535 754 1565 praes.
788 1527 871 1565 Sup-

168 1573 235 1613 pie,
258 1583 341 1604 sum.
361 1574 532 1605 Praesessc
556 1575 745 1616 antiquitus
768 1576 871 1616 signi—

166 1623 257 1661 fleat,
274 1629 477 1663 praesentem
492 1635 578 1665 esse,
593 1628 744 1666 παρεῖναι.
769 1627 870 1657 Unde

168 1679 326 1714 superest
340 1676 555 1716 participium
574 1687 733 1717 prarsens.
762 1676 871 1708 Auso-

166 1724 253 1762 nius,
279 1731 399 1756 auctor
423 1726 521 1757 valde
544 1727 664 1765 bonus,
679 1727 798 1768 dignus
815 1728 871 1768 qui

167 1775 304 1805 meliore
328 1777 454 1807 saeculo
480 1782 577 1808 natus
603 1776 733 1814 fuisset,
759 1778 808 1809 ait
836 1779 869 1808 in

165 1824 299 1855 ludicro
325 1825 478 1856 dramate
502 1832 632 1866 septem
656 1829 870 1868 sapientum:

165 1876 173 1890 ‘
190 1876 313 1907 Thales
343 1882 469 1915 autem,
500 1877 611 1919 ἐγγύα,
639 1878 721 1919 πάρα
748 1880 775 1910 δ’
798 1880 869 1919 ἄτα,

166 1928 325 1967 protulit:
344 1930 518 1969 Spondere
535 1930 590 1971 qui
606 1940 676 1970 uos,
692 1940 779 1961 noxa
792 1932 871 1972 quia

166 1986 322 2020 prarsest,
362 1983 479 2014 vetat!
530 1983 693 2022 l’raesest,
728 1983 869 2025 πάρεστι.

165 2031 308 2063 Graecus
332 2033 574 2073 interrogatus,
599 2034 624 2064 εἰ
649 2033 792 2075 πάρεστι,
817 2046 867 2067 re-

165 2081 310 2120 spondet
343 2083 453 2123 potius
482 2083 574 2125 πάρα,
599 2096 697 2126 quam
732 2086 866 2127 πάρειμι.

164 2132 219 2162 Sic
245 2133 416 2164 Romanus
433 2135 675 2177 interrogatus,
695 2147 736 2167 an
763 2148 867 2178 praes-

165 2183 227 2211 es?
266 2183 509 2223 respondebat,
536 2195 638 2225 praes,
667 2196 734 2217 non
763 2197 866 2228 prees-

164 2242 248 2263 sum.
283 2234 409 2265 Varro:
446 2236 591 2277 ‘Itaque
621 2237 732 2277 Praes,
760 2239 815 2280 qui
846 2249 865 2270 a

164 2284 366 2325 magistratu
381 2286 611 2327 interrogatus
626 2288 659 2318 in
678 2289 865 2328 pubiicum,

164 2344 205 2364 an
221 2343 382 2374 praesest:
409 2347 426 2367 a
443 2348 508 2378 quo
526 2344 650 2369 etcum
669 2341 866 2381 respondet,

164 2384 259 2420 dicit,
275 2387 388 2426 praes.'
414 2388 469 2418 Ita
485 2389 571 2419 enim
584 2389 765 2429 legendum
777 2393 865 2432 apud

163 2435 361 2469 Varronem.
400 2438 537 2481 A-iioqui
566 2441 636 2471 scio
667 2447 768 2472 antea
799 2453 865 2474 non

163 2487 246 2518 satis
283 2490 501 2529 perspicuum
541 2500 651 2531 neque
689 2493 864 2533 Varronis,

163 2547 275 2579 neque
292 2539 384 2570 Festi
403 2541 510 2571 locum
527 2540 642 2572 fuisse.
677 2543 864 2575 Multorum

162 2589 366 2629 scriptorum
406 2591 516 2621 Latini
552 2593 698 2623 nominis
729 2595 864 2626 codices

163 2639 293 2670 calamo
323 2641 453 2670 exarati
478 2641 605 2673 liabent
626 2648 773 2683 proesest:
804 2656 865 2687 pro

163 2699 228 2730 quo
247 2690 387 2731 vulgati,
402 2695 515 2731 proesto
531 2697 587 2723 esl.
613 2694 790 2727 Jos..·5ca1.

971 1424 1074 1464 I'roes]
1098 1424 1166 1455 Sed
1192 1424 1406 1455 verisimilius
1432 1422 1567 1454 videtur
1590 1427 1627 1455 nt

922 1487 1008 1516 proes
1034 1477 1169 1508 dicatur
1191 1487 1209 1507 a
1233 1487 1310 1517 proe.
1349 1476 1397 1507 Ut
1421 1475 1470 1506 ita
1494 1475 1627 1506 dicatur

925 1528 981 1568 qui
1001 1533 1128 1567 praesto
1156 1532 1222 1565 est,
1248 1533 1283 1558 ut
1307 1526 1494 1567 fidejussor.
1533 1527 1626 1558 Quo-

926 1579 1025 1609 modo
1040 1584 1074 1608 et
1087 1578 1174 1609 idem
1190 1579 1316 1609 dicitur
1330 1576 1454 1617 ἔγγυος,
1467 1577 1507 1608 ab
1522 1575 1628 1616 ἔγγυς,

927 1629 1170 1669 prope,juxta.
1202 1629 1310 1659 Inde‘
1329 1627 1520 1668 compraes.’
1547 1628 1628 1659 Duc.

968 1684 981 1705 ἵ
1007 1679 1214 1719 Proesagilio]
1239 1680 1358 1710 Cicero
1375 1688 1398 1710 ι.
1413 1678 1456 1709 de
1474 1679 1628 1710 Divinat.

1012 1730 1020 1745 ‘
1039 1730 1251 1770 Praesagibat
1275 1730 1404 1760 animus
1422 1729 1551 1760 frustra
1574 1739 1627 1760 me

1097 1781 1159 1820 ire,
1173 1791 1248 1812 cum
1266 1782 1394 1812 exirem
1410 1780 1520 1812 domo.

925 1833 1044 1873 Sagire
1072 1834 1162 1863 euim
1194 1833 1321 1864 sentire
1353 1837 1452 1864 acute
1480 1837 1552 1863 est:
1584 1841 1626 1863 ex

925 1893 991 1924 quo
1003 1884 1100 1924 Sagae
1123 1893 1219 1922 anus,
1235 1883 1314 1924 quia
1338 1883 1443 1914 muita
1459 1882 1546 1914 scire
1574 1892 1631 1913 vo-

925 1936 1018 1967 lunt:
1045 1941 1080 1967 et
1097 1946 1236 1976 sagaces
1254 1935 1336 1967 dicti
1361 1945 1475 1966 canes.
1512 1934 1545 1965 Is
1567 1933 1628 1973 igi-

925 1992 991 2025 tur,
1010 1987 1065 2027 qui
1091 1990 1170 2017 ante
1196 1986 1283 2026 sagit
1311 1995 1410 2027 quam
1434 1985 1548 2016 oblata
1573 1994 1626 2015 res

922 2036 1126 2075 osndicitur
1144 2036 1341 2077 praemgire,
1366 2036 1398 2066 id
1423 2041 1489 2071 est,
1512 2035 1627 2066 futura

922 2093 1003 2118 ante
1020 2087 1170 2119 sentire!
1195 2088 1294 2118 Idem.

964 2144 975 2158 Ζ
998 2139 1227 2178 Proesiderare]
1260 2137 1375 2168 Graeci
1399 2135 1626 2178 προχειμάζειν.

919 2187 1136 2228 προχείμασις,
1162 2187 1418 2228 praesidet-atio:
1444 2187 1560 2228 quidni
1591 2193 1626 2219 et

921 2239 1162 2279 postsideratio
1179 2239 1198 2276 ἡ
1222 2238 1419 2277 ἐπιχείμασις
1445 2239 1511 2269 dici
1529 2244 1625 2280 pote-

921 2291 988 2321 rit?
1013 2290 1101 2321 Vide
1121 2289 1315 2330 Vegetium.
1350 2289 1426 2320 Hoc
1449 2295 1561 2320 autem
1578 2291 1627 2322 ita

921 2341 1083 2373 dicebant
1113 2347 1247 2372 veteres
1274 2340 1427 2380 Romani,
1453 2340 1532 2381 quia
1548 2341 1626 2371 anni

921 2396 1146 2433 tempestates
1196 2391 1307 2422 sidera
1354 2391 1546 2422 vocabant:
1590 2397 1626 2422 et

920 2443 1114 2474 consectum
1134 2442 1240 2480 sidus,
1259 2442 1310 2472 vel
1328 2447 1519 2482 peractum,
1545 2441 1624 2482 iiye-

921 2494 995 2531 mis,
1035 2493 1164 2524 testatis
1208 2492 1301 2522 sidus
1341 2491 1513 2523 dicebaut.
1555 2492 1625 2522 JoS.

922 2544 1007 2575 Scal.

966 2594 1194 2634 Proesiderare]
1219 2592 1284 2624 Sed
1312 2592 1439 2623 frustra
1461 2591 1624 2631 Scaliger.

921 2646 1049 2677 Notum
1075 2651 1127 2677 est
1151 2650 1260 2675 ortum
1289 2648 1324 2674 et
1351 2652 1507 2674 occasum
1533 2642 1623 2674 sidc-

919 2706 991 2729 rum
1016 2696 1122 2728 foedas
1147 2698 1369 2736 tempestates
1395 2694 1497 2724 ciere.
1537 2693 1621 2724 Cum
