<?xml version="1.0" encoding="UTF-8"?>
<!DOCTYPE html PUBLIC "-//W3C//DTD XHTML 1.0 Transitional//EN"
    "http://www.w3.org/TR/xhtml1/DTD/xhtml1-transitional.dtd">
<html xmlns="http://www.w3.org/1999/xhtml" xml:lang="en" lang="en">
 <head>
  <title>
</title>
<meta http-equiv="Content-Type" content="text/html;charset=utf-8" />
  <meta name='ocr-system' content='tesseract 3.04.00' />
  <meta name='ocr-capabilities' content='ocr_page ocr_carea ocr_par ocr_line ocrx_word'/>
</head>
<body>
  <div class='ocr_page' id='page_1' title='image "./mverriiflacciqua01verruoft/mverriiflacciqua01verruoft_0268.png"; bbox 0 0 1835 2906; ppageno 0'>
   <div class='ocr_carea' id='block_1_1' title="bbox 211 122 295 165">
    <p class='ocr_par' dir='ltr' id='par_1_1' title="bbox 211 122 295 165">
     <span class='ocr_line' id='line_1_1' title="bbox 211 122 295 165; baseline 0 -1"><span class='ocrx_word' id='word_1_1' title='bbox 211 122 295 165; x_wconf 68' lang='lat'>258</span> 
     </span>
    </p>
   </div>
   <div class='ocr_carea' id='block_1_2' title="bbox 659 136 1218 170">
    <p class='ocr_par' dir='ltr' id='par_1_2' title="bbox 659 136 1218 170">
     <span class='ocr_line' id='line_1_2' title="bbox 659 136 1218 170; baseline 0.009 -5"><span class='ocrx_word' id='word_1_2' title='bbox 659 136 810 166; x_wconf 83' lang='lat' dir='ltr'>SEXTI</span> <span class='ocrx_word' id='word_1_3' title='bbox 847 138 1044 168; x_wconf 85' lang='lat' dir='ltr'><strong>POMPEII</strong></span> <span class='ocrx_word' id='word_1_4' title='bbox 1082 140 1218 170; x_wconf 83' lang='lat' dir='ltr'>FES&#39;PI</span> 
     </span>
    </p>
   </div>
   <div class='ocr_carea' id='block_1_3' title="bbox 210 228 1655 289">
    <p class='ocr_par' dir='ltr' id='par_1_3' title="bbox 210 228 1655 289">
     <span class='ocr_line' id='line_1_3' title="bbox 210 228 1655 289; baseline 0.006 -19"><span class='ocrx_word' id='word_1_5' title='bbox 210 229 403 283; x_wconf 79' lang='lat' dir='ltr'>Farrago</span> <span class='ocrx_word' id='word_1_6' title='bbox 419 228 436 252; x_wconf 79' lang='lat'>‘¹</span> <span class='ocrx_word' id='word_1_7' title='bbox 473 230 722 284; x_wconf 84' lang='lat' dir='ltr'>appellatur</span> <span class='ocrx_word' id='word_1_8' title='bbox 740 232 800 282; x_wconf 90' lang='lat' dir='ltr'>id,</span> <span class='ocrx_word' id='word_1_9' title='bbox 821 233 939 286; x_wconf 91' lang='lat' dir='ltr'>quod</span> <span class='ocrx_word' id='word_1_10' title='bbox 957 246 1014 274; x_wconf 78' lang='lat' dir='ltr'>ex</span> <span class='ocrx_word' id='word_1_11' title='bbox 1030 233 1224 286; x_wconf 81' lang='lat' dir='ltr'>pluribus</span> <span class='ocrx_word' id='word_1_12' title='bbox 1247 235 1355 276; x_wconf 81' lang='lat' dir='ltr'>satis</span> <span class='ocrx_word' id='word_1_13' title='bbox 1377 236 1530 289; x_wconf 84' lang='lat' dir='ltr'>pabuli</span> <span class='ocrx_word' id='word_1_14' title='bbox 1551 251 1655 279; x_wconf 87' lang='lat' dir='ltr'>cau-</span> 
     </span>
    </p>
   </div>
   <div class='ocr_carea' id='block_1_4' title="bbox 268 297 701 352">
    <p class='ocr_par' dir='ltr' id='par_1_4' title="bbox 268 297 701 352">
     <span class='ocr_line' id='line_1_4' title="bbox 268 297 701 352; baseline 0.002 -14"><span class='ocrx_word' id='word_1_15' title='bbox 268 311 318 338; x_wconf 85' lang='lat' dir='ltr'>sa</span> <span class='ocrx_word' id='word_1_16' title='bbox 339 297 466 339; x_wconf 82' lang='lat' dir='ltr'>datur</span> <span class='ocrx_word' id='word_1_17' title='bbox 476 298 701 352; x_wconf 75' lang='lat' dir='ltr'>jumentis.</span> 
     </span>
    </p>
   </div>
   <div class='ocr_carea' id='block_1_5' title="bbox 209 364 1654 618">
    <p class='ocr_par' dir='ltr' id='par_1_5' title="bbox 209 364 1115 418">
     <span class='ocr_line' id='line_1_5' title="bbox 209 364 1115 418; baseline 0.004 -13"><span class='ocrx_word' id='word_1_18' title='bbox 209 364 451 415; x_wconf 80' lang='lat' dir='ltr'>Farreum,e</span> <span class='ocrx_word' id='word_1_19' title='bbox 472 379 610 418; x_wconf 84' lang='lat' dir='ltr'>genus</span> <span class='ocrx_word' id='word_1_20' title='bbox 631 367 708 407; x_wconf 90' lang='lat' dir='ltr'>libi</span> <span class='ocrx_word' id='word_1_21' title='bbox 730 381 787 408; x_wconf 79' lang='lat' dir='ltr'>ex</span> <span class='ocrx_word' id='word_1_22' title='bbox 802 367 914 408; x_wconf 80' lang='lat' dir='ltr'>farre</span> <span class='ocrx_word' id='word_1_23' title='bbox 936 369 1115 409; x_wconf 83' lang='lat' dir='ltr'>factum.</span> 
     </span>
    </p>

    <p class='ocr_par' dir='ltr' id='par_1_6' title="bbox 209 429 1654 544">
     <span class='ocr_line' id='line_1_6' title="bbox 209 429 1654 488; baseline 0.006 -16"><span class='ocrx_word' id='word_1_24' title='bbox 209 429 447 483; x_wconf 80' lang='lat' dir='ltr'>Fartores,f</span> <span class='ocrx_word' id='word_1_25' title='bbox 462 434 821 484; x_wconf 82' lang='lat' dir='ltr'><strong>nomenclatores,</strong></span> <span class='ocrx_word' id='word_1_26' title='bbox 844 436 919 488; x_wconf 88' lang='lat' dir='ltr'>qui</span> <span class='ocrx_word' id='word_1_27' title='bbox 943 437 1054 476; x_wconf 86' lang='lat' dir='ltr'>clam</span> <span class='ocrx_word' id='word_1_28' title='bbox 1073 436 1194 477; x_wconf 84' lang='lat' dir='ltr'>velut</span> <span class='ocrx_word' id='word_1_29' title='bbox 1209 437 1459 480; x_wconf 82' lang='lat' dir='ltr'><strong>infarcirent</strong></span> <span class='ocrx_word' id='word_1_30' title='bbox 1479 442 1654 481; x_wconf 86' lang='lat' dir='ltr'>nomina</span> 
     </span>
     <span class='ocr_line' id='line_1_7' title="bbox 264 501 1046 544; baseline 0.004 -3"><span class='ocrx_word' id='word_1_31' title='bbox 264 501 552 541; x_wconf 80' lang='lat' dir='ltr'>salutatorum</span> <span class='ocrx_word' id='word_1_32' title='bbox 574 502 616 541; x_wconf 85' lang='lat' dir='ltr'>in</span> <span class='ocrx_word' id='word_1_33' title='bbox 639 514 787 541; x_wconf 79' lang='lat' dir='ltr'>aurem</span> <span class='ocrx_word' id='word_1_34' title='bbox 810 504 1046 544; x_wconf 79' lang='lat' dir='ltr'>candidati.</span> 
     </span>
    </p>

    <p class='ocr_par' dir='ltr' id='par_1_7' title="bbox 209 567 1142 618">
     <span class='ocr_line' id='line_1_8' title="bbox 209 567 1142 618; baseline 0.002 -10"><span class='ocrx_word' id='word_1_35' title='bbox 209 567 445 608; x_wconf 84' lang='lat' dir='ltr'>Fascinum</span> <span class='ocrx_word' id='word_1_36' title='bbox 469 572 510 608; x_wconf 83' lang='lat' dir='ltr'>et</span> <span class='ocrx_word' id='word_1_37' title='bbox 531 568 630 618; x_wconf 83' lang='lat' dir='ltr'>fas,g</span> <span class='ocrx_word' id='word_1_38' title='bbox 652 582 679 609; x_wconf 82' lang='lat' dir='ltr'>a</span> <span class='ocrx_word' id='word_1_39' title='bbox 700 568 833 609; x_wconf 84' lang='lat' dir='ltr'>fando</span> <span class='ocrx_word' id='word_1_40' title='bbox 854 571 1142 613; x_wconf 82' lang='lat' dir='ltr'>nominantur.</span> 
     </span>
    </p>
   </div>
   <div class='ocr_carea' id='block_1_6' title="bbox 207 634 937 689">
    <p class='ocr_par' dir='ltr' id='par_1_8' title="bbox 207 634 937 689">
     <span class='ocr_line' id='line_1_9' title="bbox 207 634 937 689; baseline 0.001 -12"><span class='ocrx_word' id='word_1_41' title='bbox 207 634 484 689; x_wconf 76' lang='lat' dir='ltr'>Fastigium‚¹¹</span> <span class='ocrx_word' id='word_1_42' title='bbox 506 635 684 677; x_wconf 81' lang='lat' dir='ltr'>aedificii</span> <span class='ocrx_word' id='word_1_43' title='bbox 706 649 937 678; x_wconf 85' lang='lat' dir='ltr'>summum.</span> 
     </span>
    </p>
   </div>
   <div class='ocr_carea' id='block_1_7' title="bbox 859 774 998 807">
    <p class='ocr_par' dir='ltr' id='par_1_9' title="bbox 859 774 998 807">
     <span class='ocr_line' id='line_1_10' title="bbox 859 774 998 807; baseline 0.007 -1"><span class='ocrx_word' id='word_1_44' title='bbox 859 774 998 807; x_wconf 81' lang='lat' dir='ltr'>NOTAE</span> 
     </span>
    </p>
   </div>
   <div class='ocr_carea' id='block_1_8' title="bbox 188 859 902 2712">
    <p class='ocr_par' dir='ltr' id='par_1_10' title="bbox 193 859 902 1506">
     <span class='ocr_line' id='line_1_11' title="bbox 193 859 902 902; baseline 0.001 -13"><span class='ocrx_word' id='word_1_45' title='bbox 193 859 297 898; x_wconf 77' lang='lat' dir='ltr'>ferus,</span> <span class='ocrx_word' id='word_1_46' title='bbox 314 864 426 891; x_wconf 80' lang='lat' dir='ltr'>autem</span> <span class='ocrx_word' id='word_1_47' title='bbox 444 870 506 901; x_wconf 87' lang='lat' dir='ltr'>pro</span> <span class='ocrx_word' id='word_1_48' title='bbox 526 861 688 900; x_wconf 70' lang='lat' dir='ltr'>faifarus:</span> <span class='ocrx_word' id='word_1_49' title='bbox 706 861 795 902; x_wconf 90' lang='lat' dir='ltr'>quod</span> <span class='ocrx_word' id='word_1_50' title='bbox 810 859 902 891; x_wconf 85' lang='lat' dir='ltr'>fluvii</span> 
     </span>
     <span class='ocr_line' id='line_1_12' title="bbox 204 909 900 953; baseline 0.004 -13"><span class='ocrx_word' id='word_1_51' title='bbox 204 909 238 940; x_wconf 88' lang='lat' dir='ltr'>in</span> <span class='ocrx_word' id='word_1_52' title='bbox 263 910 408 951; x_wconf 80' lang='lat' dir='ltr'>Sabinis,</span> <span class='ocrx_word' id='word_1_53' title='bbox 432 911 474 942; x_wconf 83' lang='lat' dir='ltr'>de</span> <span class='ocrx_word' id='word_1_54' title='bbox 501 922 566 953; x_wconf 91' lang='lat' dir='ltr'>quo</span> <span class='ocrx_word' id='word_1_55' title='bbox 594 912 733 943; x_wconf 86' lang='lat' dir='ltr'>Servius</span> <span class='ocrx_word' id='word_1_56' title='bbox 749 912 900 943; x_wconf 66' lang='lat' dir='ltr'>Vir-liin.</span> 
     </span>
     <span class='ocr_line' id='line_1_13' title="bbox 202 964 900 997; baseline 0 -3"><span class='ocrx_word' id='word_1_57' title='bbox 202 968 238 995; x_wconf 86' lang='lat' dir='ltr'>et</span> <span class='ocrx_word' id='word_1_58' title='bbox 262 964 375 995; x_wconf 84' lang='lat' dir='ltr'>lierbae</span> <span class='ocrx_word' id='word_1_59' title='bbox 398 975 518 996; x_wconf 85' lang='lat' dir='ltr'>nomen</span> <span class='ocrx_word' id='word_1_60' title='bbox 537 969 599 997; x_wconf 80' lang='lat' dir='ltr'>est.</span> <span class='ocrx_word' id='word_1_61' title='bbox 645 965 762 996; x_wconf 87' lang='lat' dir='ltr'>Fluvio</span> <span class='ocrx_word' id='word_1_62' title='bbox 780 974 900 995; x_wconf 87' lang='lat' dir='ltr'>nomen</span> 
     </span>
     <span class='ocr_line' id='line_1_14' title="bbox 202 1015 900 1057; baseline 0.001 -12"><span class='ocrx_word' id='word_1_63' title='bbox 202 1015 338 1052; x_wconf 72' lang='lat' dir='ltr'>afaisar</span> <span class='ocrx_word' id='word_1_64' title='bbox 348 1016 418 1046; x_wconf 89' lang='lat' dir='ltr'>sive</span> <span class='ocrx_word' id='word_1_65' title='bbox 431 1016 589 1056; x_wconf 80' lang='lat' dir='ltr'><em>pharphar</em></span> <span class='ocrx_word' id='word_1_66' title='bbox 600 1017 707 1057; x_wconf 82' lang='lat' dir='ltr'>Syriae</span> <span class='ocrx_word' id='word_1_67' title='bbox 721 1015 833 1046; x_wconf 85' lang='lat' dir='ltr'>fluvio.</span> <span class='ocrx_word' id='word_1_68' title='bbox 857 1016 900 1046; x_wconf 85' lang='lat' dir='ltr'>Et</span> 
     </span>
     <span class='ocr_line' id='line_1_15' title="bbox 202 1064 900 1108; baseline 0.003 -12"><span class='ocrx_word' id='word_1_69' title='bbox 202 1064 339 1097; x_wconf 83' lang='lat' dir='ltr'>afluvio</span> <span class='ocrx_word' id='word_1_70' title='bbox 355 1067 460 1098; x_wconf 87' lang='lat' dir='ltr'>herba</span> <span class='ocrx_word' id='word_1_71' title='bbox 487 1077 608 1098; x_wconf 88' lang='lat' dir='ltr'>nomeu</span> <span class='ocrx_word' id='word_1_72' title='bbox 637 1068 783 1107; x_wconf 77' lang='lat' dir='ltr'>accepit,</span> <span class='ocrx_word' id='word_1_73' title='bbox 810 1066 900 1108; x_wconf 82' lang='lat' dir='ltr'>quod</span> 
     </span>
     <span class='ocr_line' id='line_1_16' title="bbox 193 1116 899 1156; baseline 0.006 -12"><span class='ocrx_word' id='word_1_74' title='bbox 193 1116 292 1156; x_wconf 79' lang='lat' dir='ltr'>juxta</span> <span class='ocrx_word' id='word_1_75' title='bbox 309 1126 386 1147; x_wconf 87' lang='lat' dir='ltr'>eum</span> <span class='ocrx_word' id='word_1_76' title='bbox 404 1122 613 1148; x_wconf 82' lang='lat' dir='ltr'>nasceretur.</span> <span class='ocrx_word' id='word_1_77' title='bbox 648 1118 730 1150; x_wconf 78' lang='lat' dir='ltr'>Quae</span> <span class='ocrx_word' id='word_1_78' title='bbox 749 1116 812 1148; x_wconf 84' lang='lat' dir='ltr'>fuit</span> <span class='ocrx_word' id='word_1_79' title='bbox 825 1127 899 1148; x_wconf 81' lang='lat' dir='ltr'>sen-</span> 
     </span>
     <span class='ocr_line' id='line_1_17' title="bbox 203 1167 899 1199; baseline 0.003 -3"><span class='ocrx_word' id='word_1_80' title='bbox 203 1167 312 1197; x_wconf 83' lang='lat' dir='ltr'>tentia</span> <span class='ocrx_word' id='word_1_81' title='bbox 330 1167 450 1198; x_wconf 78' lang='lat' dir='ltr'>vossii.</span> <span class='ocrx_word' id='word_1_82' title='bbox 498 1167 628 1199; x_wconf 83' lang='lat' dir='ltr'>Farfari</span> <span class='ocrx_word' id='word_1_83' title='bbox 654 1168 768 1198; x_wconf 68' lang='lat' dir='ltr'>hon-ba&gt;</span> <span class='ocrx_word' id='word_1_84' title='bbox 786 1168 899 1198; x_wconf 81' lang='lat' dir='ltr'>meini-</span> 
     </span>
     <span class='ocr_line' id='line_1_18' title="bbox 199 1216 897 1248; baseline 0.004 -3"><span class='ocrx_word' id='word_1_85' title='bbox 199 1216 250 1246; x_wconf 86' lang='lat' dir='ltr'>nit</span> <span class='ocrx_word' id='word_1_86' title='bbox 274 1216 388 1247; x_wconf 83' lang='lat' dir='ltr'>Plaut.</span> <span class='ocrx_word' id='word_1_87' title='bbox 416 1217 550 1248; x_wconf 80' lang='lat' dir='ltr'>Poenul.</span> <span class='ocrx_word' id='word_1_88' title='bbox 579 1222 645 1248; x_wconf 81' lang='lat' dir='ltr'>act.</span> <span class='ocrx_word' id='word_1_89' title='bbox 664 1227 705 1248; x_wconf 90' lang='lat'>11.</span> <span class='ocrx_word' id='word_1_90' title='bbox 730 1218 739 1234; x_wconf 78' lang='lat'>‘</span> <span class='ocrx_word' id='word_1_91' title='bbox 758 1218 897 1248; x_wconf 79' lang='lat' dir='ltr'>Viscum</span> 
     </span>
     <span class='ocr_line' id='line_1_19' title="bbox 199 1265 897 1307; baseline 0.003 -12"><span class='ocrx_word' id='word_1_92' title='bbox 199 1265 321 1304; x_wconf 85' lang='lat' dir='ltr'>legioni</span> <span class='ocrx_word' id='word_1_93' title='bbox 339 1265 418 1297; x_wconf 89' lang='lat' dir='ltr'>dedi</span> <span class='ocrx_word' id='word_1_94' title='bbox 434 1267 651 1307; x_wconf 79' lang='lat' dir='ltr'>Fundasque,</span> <span class='ocrx_word' id='word_1_95' title='bbox 677 1276 716 1298; x_wconf 88' lang='lat' dir='ltr'>eo</span> <span class='ocrx_word' id='word_1_96' title='bbox 740 1273 897 1307; x_wconf 74' lang='lat' dir='ltr'>praester-</span> 
     </span>
     <span class='ocr_line' id='line_1_20' title="bbox 199 1315 896 1358; baseline 0.003 -12"><span class='ocrx_word' id='word_1_97' title='bbox 199 1315 324 1347; x_wconf 72' lang='lat' dir='ltr'>nebant</span> <span class='ocrx_word' id='word_1_98' title='bbox 353 1316 432 1348; x_wconf 85' lang='lat' dir='ltr'>folia</span> <span class='ocrx_word' id='word_1_99' title='bbox 457 1316 597 1348; x_wconf 65' lang='lat' dir='ltr'>farferi!</span> <span class='ocrx_word' id='word_1_100' title='bbox 643 1318 687 1348; x_wconf 93' lang='lat' dir='ltr'>Et</span> <span class='ocrx_word' id='word_1_101' title='bbox 712 1317 896 1358; x_wconf 86' lang='lat' dir='ltr'>Apuleius:</span> 
     </span>
     <span class='ocr_line' id='line_1_21' title="bbox 197 1366 899 1407; baseline 0.007 -12"><span class='ocrx_word' id='word_1_102' title='bbox 197 1366 317 1397; x_wconf 79' lang='lat' dir='ltr'>‘Folia</span> <span class='ocrx_word' id='word_1_103' title='bbox 343 1372 422 1398; x_wconf 86' lang='lat' dir='ltr'>sunt</span> <span class='ocrx_word' id='word_1_104' title='bbox 446 1366 564 1398; x_wconf 84' lang='lat' dir='ltr'>farfari</span> <span class='ocrx_word' id='word_1_105' title='bbox 591 1375 627 1399; x_wconf 87' lang='lat' dir='ltr'>et</span> <span class='ocrx_word' id='word_1_106' title='bbox 651 1378 748 1407; x_wconf 81' lang='lat' dir='ltr'>nugae</span> <span class='ocrx_word' id='word_1_107' title='bbox 773 1368 899 1400; x_wconf 87' lang='lat' dir='ltr'>merae.&#39;</span> 
     </span>
     <span class='ocr_line' id='line_1_22' title="bbox 197 1415 896 1458; baseline 0.004 -12"><span class='ocrx_word' id='word_1_108' title='bbox 197 1415 358 1447; x_wconf 77' lang='lat' dir='ltr'>Farfarus</span> <span class='ocrx_word' id='word_1_109' title='bbox 374 1423 425 1447; x_wconf 81' lang='lat' dir='ltr'>est</span> <span class='ocrx_word' id='word_1_110' title='bbox 448 1418 609 1457; x_wconf 78' lang='lat' dir='ltr'><strong>tussilago</strong></span> <span class='ocrx_word' id='word_1_111' title='bbox 637 1423 766 1458; x_wconf 79' lang='lat' dir='ltr'>nosti-a,</span> <span class='ocrx_word' id='word_1_112' title='bbox 790 1427 896 1458; x_wconf 84' lang='lat' dir='ltr'>popu-</span> 
     </span>
     <span class='ocr_line' id='line_1_23' title="bbox 196 1465 726 1506; baseline 0.008 -12"><span class='ocrx_word' id='word_1_113' title='bbox 196 1465 286 1505; x_wconf 84' lang='lat' dir='ltr'>lago,</span> <span class='ocrx_word' id='word_1_114' title='bbox 306 1467 429 1506; x_wconf 84' lang='lat' dir='ltr'>ungula</span> <span class='ocrx_word' id='word_1_115' title='bbox 444 1467 619 1497; x_wconf 83' lang='lat' dir='ltr'>caballina.</span> <span class='ocrx_word' id='word_1_116' title='bbox 643 1468 726 1498; x_wconf 75' lang='lat' dir='ltr'>Dae.</span> 
     </span>
    </p>

    <p class='ocr_par' dir='ltr' id='par_1_11' title="bbox 192 1515 892 2050">
     <span class='ocr_line' id='line_1_24' title="bbox 239 1515 891 1556; baseline 0.005 -10"><span class='ocrx_word' id='word_1_117' title='bbox 239 1515 254 1536; x_wconf 72' lang='lat'>*¹</span> <span class='ocrx_word' id='word_1_118' title='bbox 272 1516 429 1556; x_wconf 80' lang='lat' dir='ltr'><strong><em>Farrago]</em></strong></span> <span class='ocrx_word' id='word_1_119' title='bbox 445 1517 543 1549; x_wconf 82' lang='lat' dir='ltr'>Quod</span> <span class='ocrx_word' id='word_1_120' title='bbox 560 1527 601 1547; x_wconf 86' lang='lat' dir='ltr'>ex</span> <span class='ocrx_word' id='word_1_121' title='bbox 615 1518 728 1548; x_wconf 81' lang='lat' dir='ltr'>multis</span> <span class='ocrx_word' id='word_1_122' title='bbox 745 1518 841 1556; x_wconf 84' lang='lat' dir='ltr'>satis,</span> <span class='ocrx_word' id='word_1_123' title='bbox 856 1523 891 1549; x_wconf 87' lang='lat' dir='ltr'>ut</span> 
     </span>
     <span class='ocr_line' id='line_1_25' title="bbox 195 1564 891 1608; baseline 0.006 -13"><span class='ocrx_word' id='word_1_124' title='bbox 195 1564 333 1605; x_wconf 82' lang='lat' dir='ltr'>hordeo,</span> <span class='ocrx_word' id='word_1_125' title='bbox 349 1567 445 1602; x_wconf 88' lang='lat' dir='ltr'>vicia,</span> <span class='ocrx_word' id='word_1_126' title='bbox 473 1573 507 1597; x_wconf 85' lang='lat' dir='ltr'>et</span> <span class='ocrx_word' id='word_1_127' title='bbox 533 1567 755 1606; x_wconf 71' lang='lat' dir='ltr'>leguminibus</span> <span class='ocrx_word' id='word_1_128' title='bbox 779 1567 817 1598; x_wconf 88' lang='lat' dir='ltr'>fit</span> <span class='ocrx_word' id='word_1_129' title='bbox 833 1578 891 1608; x_wconf 83' lang='lat' dir='ltr'>pa-</span> 
     </span>
     <span class='ocr_line' id='line_1_26' title="bbox 196 1616 890 1650; baseline 0.004 -5"><span class='ocrx_word' id='word_1_130' title='bbox 196 1616 264 1646; x_wconf 88' lang='lat' dir='ltr'>buli</span> <span class='ocrx_word' id='word_1_131' title='bbox 292 1626 405 1648; x_wconf 82' lang='lat' dir='ltr'>causa.</span> <span class='ocrx_word' id='word_1_132' title='bbox 432 1617 530 1649; x_wconf 84' lang='lat' dir='ltr'>Varr.</span> <span class='ocrx_word' id='word_1_133' title='bbox 548 1618 605 1649; x_wconf 88' lang='lat' dir='ltr'>lib.</span> <span class='ocrx_word' id='word_1_134' title='bbox 624 1627 647 1648; x_wconf 84' lang='lat' dir='ltr'>i.</span> <span class='ocrx_word' id='word_1_135' title='bbox 665 1617 707 1649; x_wconf 88' lang='lat' dir='ltr'>de</span> <span class='ocrx_word' id='word_1_136' title='bbox 725 1619 774 1648; x_wconf 83' lang='lat' dir='ltr'>Re</span> <span class='ocrx_word' id='word_1_137' title='bbox 793 1618 890 1650; x_wconf 80' lang='lat' dir='ltr'>Rust.</span> 
     </span>
     <span class='ocr_line' id='line_1_27' title="bbox 195 1668 891 1709; baseline 0.006 -13"><span class='ocrx_word' id='word_1_138' title='bbox 195 1675 270 1706; x_wconf 82' lang='lat' dir='ltr'>cap.</span> <span class='ocrx_word' id='word_1_139' title='bbox 288 1669 342 1699; x_wconf 87' lang='lat'>31.</span> <span class='ocrx_word' id='word_1_140' title='bbox 366 1669 374 1684; x_wconf 91' lang='lat'>‘</span> <span class='ocrx_word' id='word_1_141' title='bbox 389 1668 516 1699; x_wconf 79' lang='lat' dir='ltr'>Contra</span> <span class='ocrx_word' id='word_1_142' title='bbox 533 1678 574 1699; x_wconf 75' lang='lat' dir='ltr'>ex</span> <span class='ocrx_word' id='word_1_143' title='bbox 591 1674 720 1709; x_wconf 74' lang='lat' dir='ltr'>segete,</span> <span class='ocrx_word' id='word_1_144' title='bbox 743 1669 798 1699; x_wconf 90' lang='lat' dir='ltr'>ubi</span> <span class='ocrx_word' id='word_1_145' title='bbox 817 1676 891 1700; x_wconf 87' lang='lat' dir='ltr'>sata</span> 
     </span>
     <span class='ocr_line' id='line_1_28' title="bbox 194 1716 889 1759; baseline 0.004 -13"><span class='ocrx_word' id='word_1_146' title='bbox 194 1716 356 1755; x_wconf 75' lang='lat' dir='ltr'>admixta,</span> <span class='ocrx_word' id='word_1_147' title='bbox 379 1718 530 1756; x_wconf 86' lang='lat' dir='ltr'>ordeum,</span> <span class='ocrx_word' id='word_1_148' title='bbox 554 1725 590 1749; x_wconf 86' lang='lat' dir='ltr'>et</span> <span class='ocrx_word' id='word_1_149' title='bbox 616 1719 715 1759; x_wconf 80' lang='lat' dir='ltr'>vicia,</span> <span class='ocrx_word' id='word_1_150' title='bbox 742 1723 775 1749; x_wconf 86' lang='lat' dir='ltr'>et</span> <span class='ocrx_word' id='word_1_151' title='bbox 798 1720 889 1758; x_wconf 81' lang='lat' dir='ltr'>legu-</span> 
     </span>
     <span class='ocr_line' id='line_1_29' title="bbox 193 1766 891 1809; baseline 0.006 -14"><span class='ocrx_word' id='word_1_152' title='bbox 193 1766 296 1804; x_wconf 82' lang='lat' dir='ltr'>mina,</span> <span class='ocrx_word' id='word_1_153' title='bbox 314 1767 428 1806; x_wconf 80' lang='lat' dir='ltr'>pabuli</span> <span class='ocrx_word' id='word_1_154' title='bbox 447 1778 546 1798; x_wconf 79' lang='lat' dir='ltr'>cansa</span> <span class='ocrx_word' id='word_1_155' title='bbox 563 1769 696 1807; x_wconf 85' lang='lat' dir='ltr'>viridia,</span> <span class='ocrx_word' id='word_1_156' title='bbox 721 1769 809 1809; x_wconf 83' lang='lat' dir='ltr'>quod</span> <span class='ocrx_word' id='word_1_157' title='bbox 840 1768 891 1799; x_wconf 77' lang='lat' dir='ltr'>fai·</span> 
     </span>
     <span class='ocr_line' id='line_1_30' title="bbox 192 1815 891 1857; baseline 0.004 -11"><span class='ocrx_word' id='word_1_158' title='bbox 192 1815 284 1846; x_wconf 81' lang='lat' dir='ltr'>ferro</span> <span class='ocrx_word' id='word_1_159' title='bbox 313 1827 413 1857; x_wconf 60' lang='lat' dir='ltr'>caesa,</span> <span class='ocrx_word' id='word_1_160' title='bbox 443 1817 576 1853; x_wconf 61' lang='lat' dir='ltr'>fari-ano</span> <span class='ocrx_word' id='word_1_161' title='bbox 607 1819 709 1856; x_wconf 79' lang='lat' dir='ltr'>(licta,</span> <span class='ocrx_word' id='word_1_162' title='bbox 741 1824 799 1849; x_wconf 89' lang='lat' dir='ltr'>aut</span> <span class='ocrx_word' id='word_1_163' title='bbox 830 1820 891 1850; x_wconf 87' lang='lat' dir='ltr'>nisi</span> 
     </span>
     <span class='ocr_line' id='line_1_31' title="bbox 193 1867 889 1909; baseline 0.007 -13"><span class='ocrx_word' id='word_1_164' title='bbox 193 1867 281 1907; x_wconf 85' lang='lat' dir='ltr'>quod</span> <span class='ocrx_word' id='word_1_165' title='bbox 301 1868 441 1907; x_wconf 85' lang='lat' dir='ltr'>primum</span> <span class='ocrx_word' id='word_1_166' title='bbox 458 1870 490 1899; x_wconf 88' lang='lat' dir='ltr'>in</span> <span class='ocrx_word' id='word_1_167' title='bbox 509 1868 656 1899; x_wconf 77' lang='lat' dir='ltr'>sarracia</span> <span class='ocrx_word' id='word_1_168' title='bbox 681 1876 798 1909; x_wconf 76' lang='lat' dir='ltr'>segete</span> <span class='ocrx_word' id='word_1_169' title='bbox 823 1871 889 1901; x_wconf 80' lang='lat' dir='ltr'>seri</span> 
     </span>
     <span class='ocr_line' id='line_1_32' title="bbox 192 1918 892 1960; baseline 0.004 -12"><span class='ocrx_word' id='word_1_170' title='bbox 192 1918 366 1955; x_wconf 53' lang='lat' dir='ltr'>coeptnnss</span> <span class='ocrx_word' id='word_1_171' title='bbox 410 1919 520 1950; x_wconf 83' lang='lat' dir='ltr'>Gloss.</span> <span class='ocrx_word' id='word_1_172' title='bbox 546 1921 554 1936; x_wconf 89' lang='lat'>‘</span> <span class='ocrx_word' id='word_1_173' title='bbox 569 1919 716 1957; x_wconf 66' lang='lat' dir='ltr'>farrago,</span> <span class='ocrx_word' id='word_1_174' title='bbox 737 1919 892 1960; x_wconf 74' lang='grc' dir='ltr'>Ὑράστις,’</span> 
     </span>
     <span class='ocr_line' id='line_1_33' title="bbox 192 1967 888 2007; baseline 0.007 -10"><span class='ocrx_word' id='word_1_175' title='bbox 192 1967 215 1997; x_wconf 84' lang='lat' dir='ltr'>i.</span> <span class='ocrx_word' id='word_1_176' title='bbox 231 1978 370 2007; x_wconf 74' lang='lat' dir='ltr'>gramen</span> <span class='ocrx_word' id='word_1_177' title='bbox 385 1969 589 2001; x_wconf 85' lang='lat' dir='ltr'>seniiviride.</span> <span class='ocrx_word' id='word_1_178' title='bbox 626 1970 711 2000; x_wconf 85' lang='lat' dir='ltr'>Vide</span> <span class='ocrx_word' id='word_1_179' title='bbox 729 1971 888 2002; x_wconf 79' lang='lat' dir='ltr'>Plinium.</span> 
     </span>
     <span class='ocr_line' id='line_1_34' title="bbox 192 2016 290 2050; baseline 0.041 -4"><span class='ocrx_word' id='word_1_180' title='bbox 192 2016 290 2050; x_wconf 80' lang='lat' dir='ltr'>Idem.</span> 
     </span>
    </p>

    <p class='ocr_par' dir='ltr' id='par_1_12' title="bbox 188 2068 887 2397">
     <span class='ocr_line' id='line_1_35' title="bbox 233 2068 887 2109; baseline 0.008 -12"><span class='ocrx_word' id='word_1_181' title='bbox 233 2071 247 2086; x_wconf 61' lang='grc' dir='ltr'>Ε</span> <span class='ocrx_word' id='word_1_182' title='bbox 271 2068 436 2108; x_wconf 80' lang='lat' dir='ltr'>Farreum]</span> <span class='ocrx_word' id='word_1_183' title='bbox 461 2069 559 2102; x_wconf 81' lang='lat' dir='ltr'>Quod</span> <span class='ocrx_word' id='word_1_184' title='bbox 578 2070 609 2100; x_wconf 88' lang='lat' dir='ltr'>in</span> <span class='ocrx_word' id='word_1_185' title='bbox 627 2070 752 2109; x_wconf 81' lang='lat' dir='ltr'>nuptiis</span> <span class='ocrx_word' id='word_1_186' title='bbox 770 2070 887 2109; x_wconf 84' lang='lat' dir='ltr'>fiebat,</span> 
     </span>
     <span class='ocr_line' id='line_1_36' title="bbox 191 2117 886 2152; baseline 0.009 -6"><span class='ocrx_word' id='word_1_187' title='bbox 191 2117 279 2148; x_wconf 88' lang='lat' dir='ltr'>unde</span> <span class='ocrx_word' id='word_1_188' title='bbox 297 2124 376 2149; x_wconf 86' lang='lat' dir='ltr'>nata</span> <span class='ocrx_word' id='word_1_189' title='bbox 391 2119 553 2150; x_wconf 73' lang='lat' dir='ltr'>vor-abula</span> <span class='ocrx_word' id='word_1_190' title='bbox 577 2119 835 2151; x_wconf 84' lang='lat' dir='ltr'>‘confarreatio&#39;</span> <span class='ocrx_word' id='word_1_191' title='bbox 852 2127 886 2152; x_wconf 78' lang='lat' dir='ltr'>et</span> 
     </span>
     <span class='ocr_line' id='line_1_37' title="bbox 191 2166 883 2210; baseline 0.009 -14"><span class='ocrx_word' id='word_1_192' title='bbox 191 2168 201 2184; x_wconf 88' lang='lat'>‘</span> <span class='ocrx_word' id='word_1_193' title='bbox 217 2166 450 2200; x_wconf 59' lang='lat' dir='ltr'>diffarreatiol</span> <span class='ocrx_word' id='word_1_194' title='bbox 493 2169 582 2200; x_wconf 88' lang='lat' dir='ltr'>Plin.</span> <span class='ocrx_word' id='word_1_195' title='bbox 599 2171 620 2200; x_wconf 94' lang='grc'>1.</span> <span class='ocrx_word' id='word_1_196' title='bbox 637 2179 742 2201; x_wconf 80' lang='lat' dir='ltr'>xvni.</span> <span class='ocrx_word' id='word_1_197' title='bbox 760 2181 834 2210; x_wconf 79' lang='lat' dir='ltr'>cap.</span> <span class='ocrx_word' id='word_1_198' title='bbox 853 2175 883 2202; x_wconf 88' lang='lat'>3.</span> 
     </span>
     <span class='ocr_line' id='line_1_38' title="bbox 189 2216 885 2259; baseline 0.009 -14"><span class='ocrx_word' id='word_1_199' title='bbox 189 2216 303 2249; x_wconf 85' lang='lat' dir='ltr'>‘Quin</span> <span class='ocrx_word' id='word_1_200' title='bbox 335 2224 370 2249; x_wconf 87' lang='lat' dir='ltr'>et</span> <span class='ocrx_word' id='word_1_201' title='bbox 396 2219 429 2250; x_wconf 92' lang='lat' dir='ltr'>in</span> <span class='ocrx_word' id='word_1_202' title='bbox 457 2220 560 2250; x_wconf 83' lang='lat' dir='ltr'>sacris</span> <span class='ocrx_word' id='word_1_203' title='bbox 586 2220 667 2250; x_wconf 77' lang='lat' dir='ltr'>nihil</span> <span class='ocrx_word' id='word_1_204' title='bbox 698 2221 885 2259; x_wconf 67' lang='lat' dir='ltr'>religiosius</span> 
     </span>
     <span class='ocr_line' id='line_1_39' title="bbox 189 2267 884 2301; baseline 0.006 -4"><span class='ocrx_word' id='word_1_205' title='bbox 189 2267 470 2299; x_wconf 70' lang='lat' dir='ltr'>confarreationis</span> <span class='ocrx_word' id='word_1_206' title='bbox 493 2269 625 2300; x_wconf 63' lang='lat' dir='ltr'>vinculo</span> <span class='ocrx_word' id='word_1_207' title='bbox 651 2275 746 2301; x_wconf 84' lang='lat' dir='ltr'>erat:</span> <span class='ocrx_word' id='word_1_208' title='bbox 773 2281 884 2301; x_wconf 82' lang='lat' dir='ltr'>novae-</span> 
     </span>
     <span class='ocr_line' id='line_1_40' title="bbox 188 2318 883 2360; baseline 0.01 -15"><span class='ocrx_word' id='word_1_209' title='bbox 188 2325 253 2356; x_wconf 86' lang='lat' dir='ltr'>qne</span> <span class='ocrx_word' id='word_1_210' title='bbox 289 2324 403 2358; x_wconf 80' lang='lat' dir='ltr'>nuptae</span> <span class='ocrx_word' id='word_1_211' title='bbox 441 2318 591 2350; x_wconf 82' lang='lat' dir='ltr'>farreum</span> <span class='ocrx_word' id='word_1_212' title='bbox 630 2319 883 2360; x_wconf 51' lang='lat' dir='ltr'>praeferebant.¹</span> 
     </span>
     <span class='ocr_line' id='line_1_41' title="bbox 191 2365 290 2397; baseline 0.02 -2"><span class='ocrx_word' id='word_1_213' title='bbox 191 2365 290 2397; x_wconf 81' lang='lat' dir='ltr'>Idem.</span> 
     </span>
    </p>

    <p class='ocr_par' dir='ltr' id='par_1_13' title="bbox 188 2414 881 2712">
     <span class='ocr_line' id='line_1_42' title="bbox 231 2414 881 2462; baseline 0.008 -16"><span class='ocrx_word' id='word_1_214' title='bbox 231 2414 245 2433; x_wconf 76' lang='lat' dir='ltr'>f</span> <span class='ocrx_word' id='word_1_215' title='bbox 264 2417 427 2459; x_wconf 79' lang='lat' dir='ltr'>Farlores]</span> <span class='ocrx_word' id='word_1_216' title='bbox 453 2419 647 2458; x_wconf 79' lang='lat' dir='ltr'>Candidati,</span> <span class='ocrx_word' id='word_1_217' title='bbox 673 2420 705 2451; x_wconf 91' lang='lat' dir='ltr'>id</span> <span class='ocrx_word' id='word_1_218' title='bbox 734 2425 797 2460; x_wconf 83' lang='lat' dir='ltr'>est,</span> <span class='ocrx_word' id='word_1_219' title='bbox 825 2421 881 2462; x_wconf 85' lang='lat' dir='ltr'>qui</span> 
     </span>
     <span class='ocr_line' id='line_1_43' title="bbox 189 2465 881 2510; baseline 0.009 -15"><span class='ocrx_word' id='word_1_220' title='bbox 189 2465 428 2505; x_wconf 80' lang='lat' dir='ltr'>Magistratuin</span> <span class='ocrx_word' id='word_1_221' title='bbox 444 2470 586 2509; x_wconf 84' lang='lat' dir='ltr'>aliquem</span> <span class='ocrx_word' id='word_1_222' title='bbox 604 2470 779 2510; x_wconf 83' lang='lat' dir='ltr'>petebant,</span> <span class='ocrx_word' id='word_1_223' title='bbox 795 2480 881 2501; x_wconf 85' lang='lat' dir='ltr'>suin-</span> 
     </span>
     <span class='ocr_line' id='line_1_44' title="bbox 189 2518 880 2561; baseline 0.009 -15"><span class='ocrx_word' id='word_1_224' title='bbox 189 2525 242 2546; x_wconf 84' lang='lat' dir='ltr'>ma</span> <span class='ocrx_word' id='word_1_225' title='bbox 266 2526 331 2556; x_wconf 86' lang='lat' dir='ltr'>ope</span> <span class='ocrx_word' id='word_1_226' title='bbox 359 2518 553 2550; x_wconf 86' lang='lat' dir='ltr'>nitebantur</span> <span class='ocrx_word' id='word_1_227' title='bbox 589 2526 625 2551; x_wconf 85' lang='lat' dir='ltr'>ut</span> <span class='ocrx_word' id='word_1_228' title='bbox 650 2521 712 2552; x_wconf 85' lang='lat' dir='ltr'>sibi</span> <span class='ocrx_word' id='word_1_229' title='bbox 733 2522 880 2561; x_wconf 82' lang='lat' dir='ltr'>complu-</span> 
     </span>
     <span class='ocr_line' id='line_1_45' title="bbox 190 2566 880 2612; baseline 0.01 -16"><span class='ocrx_word' id='word_1_230' title='bbox 190 2566 273 2596; x_wconf 80' lang='lat' dir='ltr'>rium</span> <span class='ocrx_word' id='word_1_231' title='bbox 312 2568 424 2598; x_wconf 88' lang='lat' dir='ltr'>studia</span> <span class='ocrx_word' id='word_1_232' title='bbox 460 2571 693 2610; x_wconf 83' lang='lat' dir='ltr'>conciliarent,</span> <span class='ocrx_word' id='word_1_233' title='bbox 736 2572 880 2612; x_wconf 86' lang='lat' dir='ltr'>ideoque</span> 
     </span>
     <span class='ocr_line' id='line_1_46' title="bbox 188 2619 880 2652; baseline 0.01 -7"><span class='ocrx_word' id='word_1_234' title='bbox 188 2625 316 2647; x_wconf 78' lang='lat' dir='ltr'>summo</span> <span class='ocrx_word' id='word_1_235' title='bbox 332 2627 428 2648; x_wconf 87' lang='lat' dir='ltr'>mane</span> <span class='ocrx_word' id='word_1_236' title='bbox 445 2619 601 2651; x_wconf 76' lang='lat' dir='ltr'>solebant</span> <span class='ocrx_word' id='word_1_237' title='bbox 617 2621 705 2651; x_wconf 85' lang='lat' dir='ltr'>domi</span> <span class='ocrx_word' id='word_1_238' title='bbox 729 2621 880 2652; x_wconf 82' lang='lat' dir='ltr'>inambu-</span> 
     </span>
     <span class='ocr_line' id='line_1_47' title="bbox 188 2666 880 2712; baseline 0.004 -13"><span class='ocrx_word' id='word_1_239' title='bbox 188 2666 270 2706; x_wconf 82' lang='lat' dir='ltr'>lare,</span> <span class='ocrx_word' id='word_1_240' title='bbox 286 2671 322 2698; x_wconf 83' lang='lat' dir='ltr'>et</span> <span class='ocrx_word' id='word_1_241' title='bbox 335 2667 576 2700; x_wconf 78' lang='lat' dir='ltr'>salutatoribus</span> <span class='ocrx_word' id='word_1_242' title='bbox 601 2671 651 2700; x_wconf 86' lang='lat' dir='ltr'>sui</span> <span class='ocrx_word' id='word_1_243' title='bbox 673 2671 804 2712; x_wconf 85' lang='lat' dir='ltr'>copiam</span> <span class='ocrx_word' id='word_1_244' title='bbox 832 2671 880 2703; x_wconf 87' lang='lat' dir='ltr'>fa-</span> 
     </span>
    </p>
   </div>
   <div class='ocr_carea' id='block_1_9' title="bbox 933 864 1652 2712">
    <p class='ocr_par' dir='ltr' id='par_1_14' title="bbox 951 864 1652 1253">
     <span class='ocr_line' id='line_1_48' title="bbox 958 864 1652 906; baseline 0.007 -15"><span class='ocrx_word' id='word_1_245' title='bbox 958 870 1049 901; x_wconf 84' lang='lat' dir='ltr'>cere,</span> <span class='ocrx_word' id='word_1_246' title='bbox 1075 872 1214 903; x_wconf 85' lang='lat' dir='ltr'>quorum</span> <span class='ocrx_word' id='word_1_247' title='bbox 1243 864 1391 904; x_wconf 84' lang='lat' dir='ltr'>singulos</span> <span class='ocrx_word' id='word_1_248' title='bbox 1419 865 1552 896; x_wconf 87' lang='lat' dir='ltr'>nomine</span> <span class='ocrx_word' id='word_1_249' title='bbox 1578 875 1652 906; x_wconf 89' lang='lat' dir='ltr'>pro-</span> 
     </span>
     <span class='ocr_line' id='line_1_49' title="bbox 957 912 1650 955; baseline 0.007 -14"><span class='ocrx_word' id='word_1_250' title='bbox 957 912 1031 950; x_wconf 86' lang='lat' dir='ltr'>prio</span> <span class='ocrx_word' id='word_1_251' title='bbox 1047 914 1308 953; x_wconf 80' lang='lat' dir='ltr'>compellabant.</span> <span class='ocrx_word' id='word_1_252' title='bbox 1352 915 1493 955; x_wconf 86' lang='lat' dir='ltr'>Verum,</span> <span class='ocrx_word' id='word_1_253' title='bbox 1518 925 1592 946; x_wconf 87' lang='lat' dir='ltr'>cum</span> <span class='ocrx_word' id='word_1_254' title='bbox 1619 917 1650 945; x_wconf 90' lang='lat' dir='ltr'>iu</span> 
     </span>
     <span class='ocr_line' id='line_1_50' title="bbox 957 964 1651 1006; baseline 0.007 -15"><span class='ocrx_word' id='word_1_255' title='bbox 957 967 1053 993; x_wconf 89' lang='lat' dir='ltr'>tanta</span> <span class='ocrx_word' id='word_1_256' title='bbox 1067 964 1282 995; x_wconf 79' lang='lat' dir='ltr'>salutantium</span> <span class='ocrx_word' id='word_1_257' title='bbox 1300 965 1400 996; x_wconf 86' lang='lat' dir='ltr'>turba</span> <span class='ocrx_word' id='word_1_258' title='bbox 1413 965 1485 996; x_wconf 84' lang='lat' dir='ltr'>fieri</span> <span class='ocrx_word' id='word_1_259' title='bbox 1500 976 1563 996; x_wconf 90' lang='lat' dir='ltr'>non</span> <span class='ocrx_word' id='word_1_260' title='bbox 1579 976 1651 1006; x_wconf 86' lang='lat' dir='ltr'>pos-</span> 
     </span>
     <span class='ocr_line' id='line_1_51' title="bbox 956 1017 1651 1057; baseline 0.007 -14"><span class='ocrx_word' id='word_1_261' title='bbox 956 1018 1021 1051; x_wconf 86' lang='lat' dir='ltr'>set,</span> <span class='ocrx_word' id='word_1_262' title='bbox 1045 1020 1082 1045; x_wconf 90' lang='lat' dir='ltr'>ut</span> <span class='ocrx_word' id='word_1_263' title='bbox 1109 1025 1205 1055; x_wconf 59' lang='lat' dir='ltr'>aque</span> <span class='ocrx_word' id='word_1_264' title='bbox 1231 1025 1344 1046; x_wconf 79' lang='lat' dir='ltr'>onmes</span> <span class='ocrx_word' id='word_1_265' title='bbox 1373 1017 1498 1055; x_wconf 67' lang='lat' dir='ltr'>cogniti</span> <span class='ocrx_word' id='word_1_266' title='bbox 1524 1023 1651 1057; x_wconf 75' lang='lat' dir='ltr'>essent,</span> 
     </span>
     <span class='ocr_line' id='line_1_52' title="bbox 954 1063 1651 1107; baseline 0.007 -14"><span class='ocrx_word' id='word_1_267' title='bbox 954 1063 1030 1094; x_wconf 85' lang='lat' dir='ltr'>hnic</span> <span class='ocrx_word' id='word_1_268' title='bbox 1049 1065 1094 1095; x_wconf 87' lang='lat' dir='ltr'>rei</span> <span class='ocrx_word' id='word_1_269' title='bbox 1115 1065 1303 1096; x_wconf 86' lang='lat' dir='ltr'>ministrum</span> <span class='ocrx_word' id='word_1_270' title='bbox 1323 1067 1471 1097; x_wconf 83' lang='lat' dir='ltr'>habuere</span> <span class='ocrx_word' id='word_1_271' title='bbox 1489 1068 1651 1107; x_wconf 60' lang='lat' dir='ltr'>pta‘posi-</span> 
     </span>
     <span class='ocr_line' id='line_1_53' title="bbox 956 1117 1648 1153; baseline 0.007 -10"><span class='ocrx_word' id='word_1_272' title='bbox 956 1118 1038 1153; x_wconf 85' lang='lat' dir='ltr'>tuni,</span> <span class='ocrx_word' id='word_1_273' title='bbox 1063 1120 1099 1145; x_wconf 89' lang='lat' dir='ltr'>ut</span> <span class='ocrx_word' id='word_1_274' title='bbox 1125 1117 1358 1147; x_wconf 81' lang='lat' dir='ltr'>accedentium</span> <span class='ocrx_word' id='word_1_275' title='bbox 1387 1118 1521 1148; x_wconf 88' lang='lat' dir='ltr'>nomina</span> <span class='ocrx_word' id='word_1_276' title='bbox 1544 1118 1648 1148; x_wconf 85' lang='lat' dir='ltr'>dicta-</span> 
     </span>
     <span class='ocr_line' id='line_1_54' title="bbox 951 1156 1649 1209; baseline 0.007 -15"><span class='ocrx_word' id='word_1_277' title='bbox 951 1156 1017 1199; x_wconf 59' lang='lat' dir='ltr'>ret,</span> <span class='ocrx_word' id='word_1_278' title='bbox 1036 1167 1091 1205; x_wconf 86' lang='lat' dir='ltr'>qui</span> <span class='ocrx_word' id='word_1_279' title='bbox 1108 1167 1184 1196; x_wconf 85' lang='lat' dir='ltr'>inde</span> <span class='ocrx_word' id='word_1_280' title='bbox 1201 1169 1418 1202; x_wconf 73' lang='lat' dir='ltr'>nomenclator,</span> <span class='ocrx_word' id='word_1_281' title='bbox 1436 1168 1486 1198; x_wconf 87' lang='lat' dir='ltr'>vel</span> <span class='ocrx_word' id='word_1_282' title='bbox 1503 1169 1649 1209; x_wconf 78' lang='lat' dir='ltr'>monitor,</span> 
     </span>
     <span class='ocr_line' id='line_1_55' title="bbox 954 1215 1452 1253; baseline 0.008 -8"><span class='ocrx_word' id='word_1_283' title='bbox 954 1215 1125 1253; x_wconf 83' lang='lat' dir='ltr'>velfartor</span> <span class='ocrx_word' id='word_1_284' title='bbox 1140 1216 1250 1248; x_wconf 86' lang='lat' dir='ltr'>dictus</span> <span class='ocrx_word' id='word_1_285' title='bbox 1267 1223 1329 1249; x_wconf 86' lang='lat' dir='ltr'>est.</span> <span class='ocrx_word' id='word_1_286' title='bbox 1355 1219 1452 1249; x_wconf 76' lang='lat' dir='ltr'><em>Idem.</em></span> 
     </span>
    </p>

    <p class='ocr_par' dir='ltr' id='par_1_15' title="bbox 940 1266 1649 2059">
     <span class='ocr_line' id='line_1_56' title="bbox 995 1266 1648 1308; baseline 0.005 -12"><span class='ocrx_word' id='word_1_287' title='bbox 995 1270 1011 1292; x_wconf 74' lang='grc' dir='ltr'>ἕ</span> <span class='ocrx_word' id='word_1_288' title='bbox 1034 1266 1202 1297; x_wconf 70' lang='lat' dir='ltr'>Fascinum</span> <span class='ocrx_word' id='word_1_289' title='bbox 1228 1271 1257 1298; x_wconf 84' lang='lat' dir='ltr'>et</span> <span class='ocrx_word' id='word_1_290' title='bbox 1276 1268 1348 1308; x_wconf 80' lang='lat' dir='ltr'>fas]</span> <span class='ocrx_word' id='word_1_291' title='bbox 1380 1269 1442 1299; x_wconf 85' lang='lat' dir='ltr'>Fas</span> <span class='ocrx_word' id='word_1_292' title='bbox 1469 1268 1602 1308; x_wconf 86' lang='lat' dir='ltr'>quidem</span> <span class='ocrx_word' id='word_1_293' title='bbox 1629 1280 1648 1299; x_wconf 92' lang='lat' dir='ltr'>a</span> 
     </span>
     <span class='ocr_line' id='line_1_57' title="bbox 941 1316 1648 1359; baseline 0.004 -13"><span class='ocrx_word' id='word_1_294' title='bbox 941 1316 1053 1354; x_wconf 81' lang='lat' dir='ltr'>fando,</span> <span class='ocrx_word' id='word_1_295' title='bbox 1079 1317 1167 1357; x_wconf 85' lang='lat' dir='ltr'>quod</span> <span class='ocrx_word' id='word_1_296' title='bbox 1191 1318 1285 1359; x_wconf 76' lang='lat' dir='ltr'>qnasi</span> <span class='ocrx_word' id='word_1_297' title='bbox 1307 1318 1412 1348; x_wconf 83' lang='lat' dir='ltr'>fatum</span> <span class='ocrx_word' id='word_1_298' title='bbox 1430 1319 1473 1349; x_wconf 85' lang='lat' dir='ltr'>sit</span> <span class='ocrx_word' id='word_1_299' title='bbox 1487 1329 1504 1349; x_wconf 88' lang='lat' dir='ltr'>a</span> <span class='ocrx_word' id='word_1_300' title='bbox 1521 1319 1595 1350; x_wconf 87' lang='lat' dir='ltr'>Diis</span> <span class='ocrx_word' id='word_1_301' title='bbox 1612 1323 1648 1349; x_wconf 85' lang='lat' dir='ltr'>et</span> 
     </span>
     <span class='ocr_line' id='line_1_58' title="bbox 949 1367 1649 1408; baseline 0.004 -12"><span class='ocrx_word' id='word_1_302' title='bbox 949 1367 1201 1398; x_wconf 74' lang='lat' dir='ltr'>Sacerdotibus.</span> <span class='ocrx_word' id='word_1_303' title='bbox 1227 1368 1282 1399; x_wconf 90' lang='lat' dir='ltr'>Sic</span> <span class='ocrx_word' id='word_1_304' title='bbox 1300 1368 1392 1408; x_wconf 74' lang='lat' dir='ltr'>‘jus’</span> <span class='ocrx_word' id='word_1_305' title='bbox 1412 1378 1429 1398; x_wconf 84' lang='lat' dir='ltr'>a</span> <span class='ocrx_word' id='word_1_306' title='bbox 1447 1368 1649 1408; x_wconf 78' lang='lat' dir='ltr'>‘jubendoz&#39;</span> 
     </span>
     <span class='ocr_line' id='line_1_59' title="bbox 948 1418 1647 1459; baseline 0.001 -11"><span class='ocrx_word' id='word_1_307' title='bbox 948 1418 1007 1448; x_wconf 84' lang='lat' dir='ltr'>sed</span> <span class='ocrx_word' id='word_1_308' title='bbox 1017 1419 1345 1459; x_wconf 78' lang='lat' dir='ltr'>quoniodosascimmz</span> <span class='ocrx_word' id='word_1_309' title='bbox 1357 1419 1502 1456; x_wconf 79' lang='lat' dir='ltr'>asundo?</span> <span class='ocrx_word' id='word_1_310' title='bbox 1515 1429 1555 1449; x_wconf 85' lang='lat' dir='ltr'>an</span> <span class='ocrx_word' id='word_1_311' title='bbox 1570 1420 1647 1459; x_wconf 88' lang='lat' dir='ltr'>qnia</span> 
     </span>
     <span class='ocr_line' id='line_1_60' title="bbox 947 1468 1645 1509; baseline 0.003 -11"><span class='ocrx_word' id='word_1_312' title='bbox 947 1468 1055 1506; x_wconf 79' lang='lat' dir='ltr'>lingua</span> <span class='ocrx_word' id='word_1_313' title='bbox 1067 1479 1152 1509; x_wconf 82' lang='lat' dir='ltr'>quoq</span> <span class='ocrx_word' id='word_1_314' title='bbox 1160 1479 1198 1499; x_wconf 80' lang='lat' dir='ltr'>ue</span> <span class='ocrx_word' id='word_1_315' title='bbox 1213 1468 1496 1505; x_wconf 75' lang='lat' dir='ltr'>fieretfiiscinatio,</span> <span class='ocrx_word' id='word_1_316' title='bbox 1507 1474 1545 1499; x_wconf 88' lang='lat' dir='ltr'>ut</span> <span class='ocrx_word' id='word_1_317' title='bbox 1556 1470 1645 1509; x_wconf 85' lang='lat' dir='ltr'>apud</span> 
     </span>
     <span class='ocr_line' id='line_1_61' title="bbox 949 1518 1646 1559; baseline 0 -10"><span class='ocrx_word' id='word_1_318' title='bbox 949 1518 1063 1549; x_wconf 82' lang='lat' dir='ltr'>Catul.</span> <span class='ocrx_word' id='word_1_319' title='bbox 1074 1521 1082 1536; x_wconf 94' lang='lat'>‘</span> <span class='ocrx_word' id='word_1_320' title='bbox 1095 1520 1180 1550; x_wconf 76' lang='lat' dir='ltr'>Quae</span> <span class='ocrx_word' id='word_1_321' title='bbox 1195 1529 1256 1550; x_wconf 87' lang='lat' dir='ltr'>nec</span> <span class='ocrx_word' id='word_1_322' title='bbox 1273 1528 1510 1559; x_wconf 83' lang='lat' dir='ltr'>pernumerare</span> <span class='ocrx_word' id='word_1_323' title='bbox 1522 1520 1646 1550; x_wconf 59' lang='lat' dir='ltr'>curiosi</span> 
     </span>
     <span class='ocr_line' id='line_1_62' title="bbox 946 1566 1646 1608; baseline 0.004 -12"><span class='ocrx_word' id='word_1_324' title='bbox 946 1566 1094 1604; x_wconf 81' lang='lat' dir='ltr'>Possint,</span> <span class='ocrx_word' id='word_1_325' title='bbox 1111 1578 1171 1599; x_wconf 83' lang='lat' dir='ltr'>nec</span> <span class='ocrx_word' id='word_1_326' title='bbox 1199 1569 1283 1598; x_wconf 82' lang='lat' dir='ltr'>mala</span> <span class='ocrx_word' id='word_1_327' title='bbox 1306 1568 1470 1598; x_wconf 80' lang='lat' dir='ltr'>fascinare</span> <span class='ocrx_word' id='word_1_328' title='bbox 1496 1569 1646 1608; x_wconf 85' lang='lat' dir='ltr'>lingua?’</span> 
     </span>
     <span class='ocr_line' id='line_1_63' title="bbox 946 1617 1644 1658; baseline 0.004 -11"><span class='ocrx_word' id='word_1_329' title='bbox 946 1617 1032 1648; x_wconf 81' lang='lat' dir='ltr'>Haec</span> <span class='ocrx_word' id='word_1_330' title='bbox 1050 1624 1127 1648; x_wconf 86' lang='lat' dir='ltr'>suut</span> <span class='ocrx_word' id='word_1_331' title='bbox 1141 1628 1250 1658; x_wconf 88' lang='lat' dir='ltr'>nngae.</span> <span class='ocrx_word' id='word_1_332' title='bbox 1275 1619 1452 1656; x_wconf 59' lang='lat' dir='ltr'>Fannium,</span> <span class='ocrx_word' id='word_1_333' title='bbox 1465 1624 1501 1649; x_wconf 88' lang='lat' dir='ltr'>ut</span> <span class='ocrx_word' id='word_1_334' title='bbox 1518 1620 1644 1658; x_wconf 83' lang='lat' dir='ltr'>optime</span> 
     </span>
     <span class='ocr_line' id='line_1_64' title="bbox 946 1667 1644 1709; baseline 0.003 -11"><span class='ocrx_word' id='word_1_335' title='bbox 946 1667 1098 1698; x_wconf 83' lang='lat' dir='ltr'>Cloatius</span> <span class='ocrx_word' id='word_1_336' title='bbox 1112 1669 1218 1699; x_wconf 85' lang='lat' dir='ltr'>Verus</span> <span class='ocrx_word' id='word_1_337' title='bbox 1228 1670 1316 1709; x_wconf 82' lang='lat' dir='ltr'>apud</span> <span class='ocrx_word' id='word_1_338' title='bbox 1332 1670 1480 1700; x_wconf 86' lang='lat' dir='ltr'>Gellium</span> <span class='ocrx_word' id='word_1_339' title='bbox 1497 1670 1554 1700; x_wconf 86' lang='lat' dir='ltr'>lib.</span> <span class='ocrx_word' id='word_1_340' title='bbox 1567 1678 1644 1700; x_wconf 69' lang='grc' dir='ltr'>ΧΠ.</span> 
     </span>
     <span class='ocr_line' id='line_1_65' title="bbox 946 1718 1643 1758; baseline 0.001 -10"><span class='ocrx_word' id='word_1_341' title='bbox 946 1727 1021 1758; x_wconf 87' lang='lat' dir='ltr'>cap.</span> <span class='ocrx_word' id='word_1_342' title='bbox 1040 1721 1090 1748; x_wconf 82' lang='grc'>12.</span> <span class='ocrx_word' id='word_1_343' title='bbox 1117 1728 1135 1749; x_wconf 88' lang='lat' dir='ltr'>a</span> <span class='ocrx_word' id='word_1_344' title='bbox 1152 1719 1274 1749; x_wconf 73' lang='lat' dir='ltr'>Graeco</span> <span class='ocrx_word' id='word_1_345' title='bbox 1299 1718 1467 1756; x_wconf 81' lang='grc' dir='ltr'>βάσκανον,</span> <span class='ocrx_word' id='word_1_346' title='bbox 1492 1724 1526 1748; x_wconf 76' lang='lat' dir='ltr'>et</span> <span class='ocrx_word' id='word_1_347' title='bbox 1543 1719 1643 1756; x_wconf 79' lang='lat' dir='ltr'>susci-</span> 
     </span>
     <span class='ocr_line' id='line_1_66' title="bbox 942 1768 1639 1807; baseline 0.003 -9"><span class='ocrx_word' id='word_1_348' title='bbox 942 1778 1016 1798; x_wconf 76' lang='lat' dir='ltr'>nare</span> <span class='ocrx_word' id='word_1_349' title='bbox 1033 1779 1050 1798; x_wconf 89' lang='lat' dir='ltr'>a</span> <span class='ocrx_word' id='word_1_350' title='bbox 1066 1768 1254 1804; x_wconf 81' lang='grc' dir='ltr'>βασκαίνειν,</span> <span class='ocrx_word' id='word_1_351' title='bbox 1270 1770 1449 1807; x_wconf 67' lang='lat' dir='ltr'>emor-celer,</span> <span class='ocrx_word' id='word_1_352' title='bbox 1464 1769 1639 1800; x_wconf 77' lang='lat' dir='ltr'>enchanter.</span> 
     </span>
     <span class='ocr_line' id='line_1_67' title="bbox 944 1818 1643 1851; baseline 0.001 -2"><span class='ocrx_word' id='word_1_353' title='bbox 944 1818 997 1849; x_wconf 79' lang='lat' dir='ltr'>Ad</span> <span class='ocrx_word' id='word_1_354' title='bbox 1023 1818 1187 1850; x_wconf 80' lang='lat' dir='ltr'>fascinum</span> <span class='ocrx_word' id='word_1_355' title='bbox 1209 1819 1427 1850; x_wconf 84' lang='lat' dir='ltr'>avertendum</span> <span class='ocrx_word' id='word_1_356' title='bbox 1445 1821 1555 1850; x_wconf 87' lang='lat' dir='ltr'>omnia</span> <span class='ocrx_word' id='word_1_357' title='bbox 1572 1826 1643 1851; x_wconf 86' lang='lat' dir='ltr'>tnr-</span> 
     </span>
     <span class='ocr_line' id='line_1_68' title="bbox 943 1869 1642 1909; baseline 0.001 -10"><span class='ocrx_word' id='word_1_358' title='bbox 943 1869 997 1908; x_wconf 82' lang='lat' dir='ltr'>pia</span> <span class='ocrx_word' id='word_1_359' title='bbox 1023 1871 1167 1901; x_wconf 79' lang='lat' dir='ltr'>Veteres</span> <span class='ocrx_word' id='word_1_360' title='bbox 1198 1870 1415 1909; x_wconf 76' lang='lat' dir='ltr'>adhibebant,</span> <span class='ocrx_word' id='word_1_361' title='bbox 1441 1870 1489 1901; x_wconf 81' lang='lat' dir='ltr'>sic</span> <span class='ocrx_word' id='word_1_362' title='bbox 1518 1871 1642 1901; x_wconf 88' lang='lat' dir='ltr'>veretri</span> 
     </span>
     <span class='ocr_line' id='line_1_69' title="bbox 941 1919 1640 1960; baseline 0.001 -11"><span class='ocrx_word' id='word_1_363' title='bbox 941 1919 1083 1958; x_wconf 75' lang='lat' dir='ltr'>figuram</span> <span class='ocrx_word' id='word_1_364' title='bbox 1117 1920 1158 1951; x_wconf 90' lang='lat' dir='ltr'>de</span> <span class='ocrx_word' id='word_1_365' title='bbox 1192 1921 1278 1951; x_wconf 86' lang='lat' dir='ltr'>collo</span> <span class='ocrx_word' id='word_1_366' title='bbox 1315 1921 1426 1960; x_wconf 84' lang='lat' dir='ltr'>pueris</span> <span class='ocrx_word' id='word_1_367' title='bbox 1458 1920 1640 1960; x_wconf 77' lang='lat' dir='ltr'>suspende-</span> 
     </span>
     <span class='ocr_line' id='line_1_70' title="bbox 943 1969 1639 2011; baseline 0.003 -12"><span class='ocrx_word' id='word_1_368' title='bbox 943 1969 1038 2008; x_wconf 84' lang='lat' dir='ltr'>bant,</span> <span class='ocrx_word' id='word_1_369' title='bbox 1062 1971 1092 2000; x_wconf 89' lang='lat' dir='ltr'>in</span> <span class='ocrx_word' id='word_1_370' title='bbox 1121 1971 1283 2009; x_wconf 72' lang='lat' dir='ltr'>gremium</span> <span class='ocrx_word' id='word_1_371' title='bbox 1301 1981 1395 2001; x_wconf 82' lang='lat' dir='ltr'>suum</span> <span class='ocrx_word' id='word_1_372' title='bbox 1413 1970 1639 2011; x_wconf 85' lang='lat' dir='ltr'>despuebant,</span> 
     </span>
     <span class='ocr_line' id='line_1_71' title="bbox 940 2019 1350 2059; baseline 0.005 -11"><span class='ocrx_word' id='word_1_373' title='bbox 940 2019 982 2049; x_wconf 72' lang='lat' dir='ltr'>de</span> <span class='ocrx_word' id='word_1_374' title='bbox 1000 2020 1121 2059; x_wconf 74' lang='lat' dir='ltr'>quibus</span> <span class='ocrx_word' id='word_1_375' title='bbox 1139 2021 1230 2050; x_wconf 88' lang='lat' dir='ltr'>alibi.</span> <span class='ocrx_word' id='word_1_376' title='bbox 1254 2021 1350 2051; x_wconf 80' lang='lat' dir='ltr'>Idem.</span> 
     </span>
    </p>

    <p class='ocr_par' dir='ltr' id='par_1_16' title="bbox 938 2067 1638 2299">
     <span class='ocr_line' id='line_1_72' title="bbox 983 2067 1638 2110; baseline 0 -11"><span class='ocrx_word' id='word_1_377' title='bbox 983 2067 997 2088; x_wconf 83' lang='lat'>¹¹</span> <span class='ocrx_word' id='word_1_378' title='bbox 1022 2069 1213 2110; x_wconf 71' lang='lat' dir='ltr'>fastigium]</span> <span class='ocrx_word' id='word_1_379' title='bbox 1238 2070 1276 2100; x_wconf 91' lang='lat' dir='ltr'>ln</span> <span class='ocrx_word' id='word_1_380' title='bbox 1295 2070 1488 2100; x_wconf 82' lang='lat' dir='ltr'>Glossario:</span> <span class='ocrx_word' id='word_1_381' title='bbox 1508 2070 1517 2086; x_wconf 91' lang='lat'>‘</span> <span class='ocrx_word' id='word_1_382' title='bbox 1531 2070 1638 2100; x_wconf 85' lang='lat' dir='ltr'>Fasti—</span> 
     </span>
     <span class='ocr_line' id='line_1_73' title="bbox 941 2118 1638 2158; baseline 0.004 -11"><span class='ocrx_word' id='word_1_383' title='bbox 941 2118 1046 2157; x_wconf 81' lang='lat' dir='ltr'>dium,</span> <span class='ocrx_word' id='word_1_384' title='bbox 1060 2118 1209 2157; x_wconf 82' lang='grc' dir='ltr'>λέτωμα.’</span> <span class='ocrx_word' id='word_1_385' title='bbox 1254 2120 1355 2158; x_wconf 77' lang='lat' dir='ltr'>Lege,</span> <span class='ocrx_word' id='word_1_386' title='bbox 1380 2120 1570 2158; x_wconf 73' lang='lat' dir='ltr'>Fustigium,</span> <span class='ocrx_word' id='word_1_387' title='bbox 1587 2119 1638 2150; x_wconf 80' lang='grc' dir='ltr'>ἀέ-</span> 
     </span>
     <span class='ocr_line' id='line_1_74' title="bbox 940 2169 1637 2209; baseline 0.001 -11"><span class='ocrx_word' id='word_1_388' title='bbox 940 2180 1037 2206; x_wconf 82' lang='grc' dir='ltr'>τωμα.</span> <span class='ocrx_word' id='word_1_389' title='bbox 1082 2169 1135 2199; x_wconf 87' lang='lat' dir='ltr'>Ita</span> <span class='ocrx_word' id='word_1_390' title='bbox 1158 2179 1248 2209; x_wconf 71' lang='lat' dir='ltr'>soepe</span> <span class='ocrx_word' id='word_1_391' title='bbox 1266 2169 1440 2199; x_wconf 75' lang='lat' dir='ltr'>Vitruvius</span> <span class='ocrx_word' id='word_1_392' title='bbox 1466 2179 1505 2198; x_wconf 80' lang='lat' dir='ltr'>ex</span> <span class='ocrx_word' id='word_1_393' title='bbox 1528 2169 1637 2200; x_wconf 74' lang='lat' dir='ltr'>Ctesi-</span> 
     </span>
     <span class='ocr_line' id='line_1_75' title="bbox 942 2218 1638 2259; baseline 0.001 -11"><span class='ocrx_word' id='word_1_394' title='bbox 942 2218 1006 2256; x_wconf 88' lang='lat' dir='ltr'>bio,</span> <span class='ocrx_word' id='word_1_395' title='bbox 1024 2225 1057 2249; x_wconf 89' lang='lat' dir='ltr'>et</span> <span class='ocrx_word' id='word_1_396' title='bbox 1074 2219 1168 2249; x_wconf 81' lang='lat' dir='ltr'>aliis:</span> <span class='ocrx_word' id='word_1_397' title='bbox 1189 2225 1224 2249; x_wconf 86' lang='lat' dir='ltr'>et</span> <span class='ocrx_word' id='word_1_398' title='bbox 1240 2221 1248 2235; x_wconf 88' lang='lat'>‘</span> <span class='ocrx_word' id='word_1_399' title='bbox 1261 2218 1401 2258; x_wconf 83' lang='grc' dir='ltr'>ἆέτωσις,</span> <span class='ocrx_word' id='word_1_400' title='bbox 1419 2219 1638 2259; x_wconf 76' lang='lat' dir='ltr'>Fastigiatio.’</span> 
     </span>
     <span class='ocr_line' id='line_1_76' title="bbox 938 2268 1106 2299; baseline 0.006 -1"><span class='ocrx_word' id='word_1_401' title='bbox 938 2269 1004 2299; x_wconf 63' lang='grc' dir='ltr'>λος.</span> <span class='ocrx_word' id='word_1_402' title='bbox 1023 2268 1106 2299; x_wconf 76' lang='lat' dir='ltr'>Scul-</span> 
     </span>
    </p>

    <p class='ocr_par' dir='ltr' id='par_1_17' title="bbox 933 2319 1636 2712">
     <span class='ocr_line' id='line_1_77' title="bbox 983 2319 1636 2363; baseline 0.005 -15"><span class='ocrx_word' id='word_1_403' title='bbox 983 2319 1176 2359; x_wconf 72' lang='lat' dir='ltr'>Fastiginm]</span> <span class='ocrx_word' id='word_1_404' title='bbox 1209 2320 1323 2351; x_wconf 64' lang='lat' dir='ltr'>Gracci</span> <span class='ocrx_word' id='word_1_405' title='bbox 1354 2325 1475 2351; x_wconf 83' lang='lat' dir='ltr'>vocant</span> <span class='ocrx_word' id='word_1_406' title='bbox 1503 2320 1636 2363; x_wconf 76' lang='grc' dir='ltr'>ἆέτωμα,</span> 
     </span>
     <span class='ocr_line' id='line_1_78' title="bbox 940 2369 1635 2410; baseline 0.004 -12"><span class='ocrx_word' id='word_1_407' title='bbox 940 2369 1028 2408; x_wconf 88' lang='lat' dir='ltr'>quod</span> <span class='ocrx_word' id='word_1_408' title='bbox 1046 2370 1167 2409; x_wconf 83' lang='lat' dir='ltr'>aquilae</span> <span class='ocrx_word' id='word_1_409' title='bbox 1184 2370 1326 2400; x_wconf 85' lang='lat' dir='ltr'>volantis</span> <span class='ocrx_word' id='word_1_410' title='bbox 1344 2370 1493 2409; x_wconf 82' lang='lat' dir='ltr'>speciem</span> <span class='ocrx_word' id='word_1_411' title='bbox 1509 2380 1635 2410; x_wconf 82' lang='lat' dir='ltr'>reprae-</span> 
     </span>
     <span class='ocr_line' id='line_1_79' title="bbox 937 2419 1635 2459; baseline 0.003 -11"><span class='ocrx_word' id='word_1_412' title='bbox 937 2425 1100 2449; x_wconf 86' lang='lat' dir='ltr'>seutaret.</span> <span class='ocrx_word' id='word_1_413' title='bbox 1132 2420 1244 2450; x_wconf 68' lang='lat' dir='ltr'>Glosa.</span> <span class='ocrx_word' id='word_1_414' title='bbox 1257 2424 1264 2436; x_wconf 91' lang='lat'><em>‘</em></span> <span class='ocrx_word' id='word_1_415' title='bbox 1280 2419 1479 2459; x_wconf 67' lang='lat' dir='ltr'>Fasssgimn,</span> <span class='ocrx_word' id='word_1_416' title='bbox 1491 2419 1635 2458; x_wconf 81' lang='grc' dir='ltr'>ἆέτωμα.’</span> 
     </span>
     <span class='ocr_line' id='line_1_80' title="bbox 937 2468 1632 2507; baseline 0.001 -8"><span class='ocrx_word' id='word_1_417' title='bbox 937 2469 978 2499; x_wconf 85' lang='lat' dir='ltr'>de</span> <span class='ocrx_word' id='word_1_418' title='bbox 1005 2469 1067 2499; x_wconf 87' lang='lat' dir='ltr'>lioc</span> <span class='ocrx_word' id='word_1_419' title='bbox 1094 2470 1139 2499; x_wconf 83' lang='lat' dir='ltr'>ita</span> <span class='ocrx_word' id='word_1_420' title='bbox 1157 2469 1330 2500; x_wconf 84' lang='lat' dir='ltr'>Galenus:</span> <span class='ocrx_word' id='word_1_421' title='bbox 1356 2468 1492 2507; x_wconf 80' lang='grc' dir='ltr'>Ἀέτωμά</span> <span class='ocrx_word' id='word_1_422' title='bbox 1513 2470 1579 2500; x_wconf 83' lang='grc' dir='ltr'>ἐστι</span> <span class='ocrx_word' id='word_1_423' title='bbox 1595 2470 1632 2500; x_wconf 78' lang='grc' dir='ltr'>τὸ</span> 
     </span>
     <span class='ocr_line' id='line_1_81' title="bbox 937 2519 1632 2562; baseline 0.003 -13"><span class='ocrx_word' id='word_1_424' title='bbox 937 2520 979 2550; x_wconf 84' lang='grc' dir='ltr'>εἷς</span> <span class='ocrx_word' id='word_1_425' title='bbox 1004 2519 1077 2559; x_wconf 80' lang='grc' dir='ltr'>ὕψος</span> <span class='ocrx_word' id='word_1_426' title='bbox 1096 2519 1322 2559; x_wconf 80' lang='grc' dir='ltr'>ἀνατεταμένον</span> <span class='ocrx_word' id='word_1_427' title='bbox 1335 2521 1389 2557; x_wconf 81' lang='grc' dir='ltr'>τῆς</span> <span class='ocrx_word' id='word_1_428' title='bbox 1405 2520 1515 2560; x_wconf 78' lang='grc' dir='ltr'>ὀροφῆς</span> <span class='ocrx_word' id='word_1_429' title='bbox 1531 2521 1632 2562; x_wconf 78' lang='grc' dir='ltr'>ὥσπερ</span> 
     </span>
     <span class='ocr_line' id='line_1_82' title="bbox 933 2570 1630 2610; baseline 0.004 -11"><span class='ocrx_word' id='word_1_430' title='bbox 933 2570 1091 2610; x_wconf 64' lang='grc' dir='ltr'>τρίγωνον,</span> <span class='ocrx_word' id='word_1_431' title='bbox 1109 2571 1141 2600; x_wconf 89' lang='lat' dir='ltr'>id</span> <span class='ocrx_word' id='word_1_432' title='bbox 1160 2576 1224 2610; x_wconf 74' lang='lat' dir='ltr'>est,</span> <span class='ocrx_word' id='word_1_433' title='bbox 1239 2572 1249 2588; x_wconf 84' lang='lat'>‘</span> <span class='ocrx_word' id='word_1_434' title='bbox 1264 2571 1446 2610; x_wconf 69' lang='lat' dir='ltr'>Fastigium</span> <span class='ocrx_word' id='word_1_435' title='bbox 1468 2577 1518 2601; x_wconf 85' lang='lat' dir='ltr'>est</span> <span class='ocrx_word' id='word_1_436' title='bbox 1545 2573 1630 2602; x_wconf 84' lang='lat' dir='ltr'>tecti</span> 
     </span>
     <span class='ocr_line' id='line_1_83' title="bbox 936 2621 1630 2662; baseline 0.003 -12"><span class='ocrx_word' id='word_1_437' title='bbox 936 2631 1013 2662; x_wconf 84' lang='lat' dir='ltr'>pars</span> <span class='ocrx_word' id='word_1_438' title='bbox 1029 2622 1060 2651; x_wconf 89' lang='lat' dir='ltr'>in</span> <span class='ocrx_word' id='word_1_439' title='bbox 1078 2621 1290 2659; x_wconf 82' lang='lat' dir='ltr'>altitudinem</span> <span class='ocrx_word' id='word_1_440' title='bbox 1313 2621 1446 2651; x_wconf 84' lang='lat' dir='ltr'>elevata</span> <span class='ocrx_word' id='word_1_441' title='bbox 1463 2623 1553 2661; x_wconf 72' lang='lat' dir='ltr'>quasi</span> <span class='ocrx_word' id='word_1_442' title='bbox 1572 2623 1630 2652; x_wconf 87' lang='lat' dir='ltr'>tri-</span> 
     </span>
     <span class='ocr_line' id='line_1_84' title="bbox 935 2671 1628 2712; baseline 0 -9"><span class='ocrx_word' id='word_1_443' title='bbox 935 2671 1116 2712; x_wconf 60' lang='lat' dir='ltr'>angulum)</span> <span class='ocrx_word' id='word_1_444' title='bbox 1140 2671 1224 2703; x_wconf 86' lang='lat' dir='ltr'>Inde</span> <span class='ocrx_word' id='word_1_445' title='bbox 1243 2676 1276 2702; x_wconf 85' lang='lat' dir='ltr'>et</span> <span class='ocrx_word' id='word_1_446' title='bbox 1285 2671 1467 2711; x_wconf 78' lang='lat' dir='ltr'>fastigium,</span> <span class='ocrx_word' id='word_1_447' title='bbox 1483 2675 1490 2687; x_wconf 79' lang='lat'>¹</span> <span class='ocrx_word' id='word_1_448' title='bbox 1507 2672 1628 2704; x_wconf 84' lang='lat' dir='ltr'>tricho-</span> 
     </span>
    </p>
   </div>
  </div>
 </body>
</html>
