1835 2906
196 118 281 160 3:36
642 126 788 156 sssx'rr
828 125 1027 155 pompm:
1066 124 1202 155 FEsrr

198 224 395 265 Insulaey
427 222 558 263 dictae
595 221 784 274 proprie,
823 234 923 274 quae
955 232 1041 260 non
1071 218 1316 273 junguntur
1347 220 1650 261 communibus

254 291 501 345 parietibus
524 302 624 329 cum
647 289 835 339 vicinis;
868 288 1143 340 circuituque
1156 287 1351 341 publico,
1376 291 1451 328 aut
1479 288 1650 341 privato

255 359 488 411 cinguntur
506 356 538 380 ¹8
571 370 597 398 a
613 357 898 397 similitudine
916 355 1286 397 videlicetearum
1308 360 1533 407 terrarum,
1547 367 1650 409 quae

254 426 505 467 fluminibus
528 439 580 466 ac
602 425 712 466 mari
734 424 942 473 eminent,
964 429 1155 476 suntque
1175 423 1220 463 in
1243 423 1338 463 salo
1361 424 1536 477 positae.

197 493 518 548 Intempestam
535 497 706 534 noctem
721 497 736 514 ²
758 491 945 533 dicimus
962 505 1042 545 pro
1064 491 1297 531 incertiore
1317 495 1529 544 tempore,
1546 490 1653 544 quia

254 575 341 602 non
362 569 453 603 tam
472 562 604 602 facile
625 560 767 601 noctis
786 560 921 606 horae,
952 573 1087 614 quam
1118 559 1205 599 diei
1233 564 1424 612 possunt
1450 559 1651 611 intelligi.

257 630 590 684 Tempestatem
612 628 728 669 enim
751 628 919 680 antiqui
941 640 1021 681 pro
1044 632 1240 681 tempore
1256 638 1461 680 posuere.

201 696 528 750 Intercapedo,a
557 700 733 748 tempus
760 695 1065 748 interceptum,
1095 707 1195 735 cum
1227 694 1402 734 scilicet
1433 706 1556 734 mora
1587 697 1654 735 est

259 764 313 804 ad
335 764 612 817 capiendum.

203 832 322 872 Inter
338 837 369 863 ¹⁹
400 836 544 872 cutem
567 830 789 883 fiagitatos
809 829 825 852 b
856 829 1063 871 dicebant
1087 829 1251 883 antiqui
1270 842 1431 880 mares,
1462 829 1540 883 qui
1561 833 1654 871 stu-

257 911 382 951 prum
398 899 525 952 passi
545 899 780 952 aliquando
800 903 961 939 essent.

204 965 500 1017 Intercutitus,
520 966 797 1008 vehementer
817 966 996 1015 emitas,
1019 964 1064 1006 id
1079 970 1162 1014 est,
1185 964 1315 1005 valde
1336 968 1575 1018 stupratus.

206 1033 585 1083 Interduatim,200
615 1037 656 1074 et
693 1033 914 1074 interatim
943 1033 1146 1074 dicebant
1178 1032 1362 1086 antiqui,
1391 1031 1510 1086 quod
1539 1043 1652 1073 nunc

260 1101 489 1151 interdum,
511 1106 554 1142 et
573 1101 756 1142 interim.

811 1197 1048 1210 eeeeeeeeeeee

192 1307 219 1344 s
241 1263 459 1338 ίΙξῖβὶιιίἀῑιη]
483 1263 560 1294 libri
587 1262 914 1304 conjm1guntm·.—19
938 1264 993 1295 Al.
1017 1265 1204 1296 burin—20
1228 1265 1320 1296 Libri
1348 1265 1497 1305 impressi
1523 1265 1654 1296 Interim

220 1318 237 1338 ιι
254 1317 271 1337 α
290 1316 343 1338 zm.

860 1361 1003 1392 NOTAE

205 1423 283 1455 εἶδος
298 1423 438 1464 δοκαρῖου
461 1423 713 1463 κεκαπνισμένου.
757 1425 802 1455 Et
822 1434 902 1455 sane

206 1475 269 1505 hoc
294 1475 366 1506 vult
391 1476 525 1514 Festus,
553 1484 626 1505 esse
650 1476 796 1505 colorem
814 1474 902 1505 simi-

206 1525 270 1555 lem
289 1525 348 1564 illi,
365 1525 420 1565 qui
438 1530 488 1556 est
504 1525 537 1555 in
555 1525 618 1555 illis
637 1524 802 1564 trabibus,
823 1534 904 1565 quas

207 1575 356 1606 diutinus
374 1575 484 1606 fumus
501 1576 629 1607 infecit.
651 1577 720 1606 dos.
739 1576 820 1606 Scal.

251 1626 431 1666 Insuasum]
457 1628 555 1658 Colos
573 1627 691 1657 similis
705 1626 765 1665 illi,
783 1626 837 1666 qui
856 1631 906 1657 est

207 1677 241 1707 in
267 1676 432 1716 trabibus,
454 1688 534 1718 quas
554 1678 705 1708 diutinus
724 1677 832 1707 fumus
858 1678 906 1708 in-

208 1728 302 1759 fecit.
329 1728 442 1769 Plaut.
456 1729 593 1759 Trucul.
610 1738 649 1759 11.
666 1732 697 1759 2.
718 1729 726 1745 ‘
741 1730 830 1761 Quia
846 1729 906 1760 tibi

209 1780 343 1811 iusuaso
380 1780 528 1810 infecisti
558 1781 765 1821 propudiosa
803 1781 906 1820 pallu-

211 1829 299 1860 lam?
343 1830 451 1861 Quem
470 1831 577 1860 locum
603 1830 687 1861 infra
711 1832 826 1861 Festus
850 1831 907 1861 ad-

211 1880 350 1919 ducens,
381 1881 463 1919 legit
492 1891 591 1911 suaso.
639 1881 736 1911 Illum
769 1881 845 1911 vide
874 1882 906 1911 in

212 1933 220 1947 ‘
235 1930 391 1961 suasum!
418 1931 502 1961 Mihi
520 1931 626 1968 magis
646 1931 758 1970 placet
773 1931 907 1961 insuasu.

212 1981 322 2011 Gloss.
344 1982 353 1998 ‘
369 1981 548 2019 insuasum,
564 1979 642 2011 εἶδος
658 1982 908 2019 δοκαριοκαπνισ·

211 2029 332 2069 μένων.’
366 2031 473 2069 Lego,
490 2029 633 2070 δοκαρῖων
650 2031 908 2068 κεπαπνισμένων.

213 2082 288 2119 Vel,
305 2084 341 2111 ut
363 2080 530 2121 Scaliger,
553 2079 692 2120 δοκαρίου
707 2079 907 2119 κεκαπνισμέ-

213 2143 274 2162 νου.
297 2131 378 2163 Dae.

257 2187 269 2208 y
295 2181 428 2222 lnsulae]
464 2181 609 2222 Proprie
636 2181 753 2213 domus
777 2180 818 2212 ab
835 2181 908 2212 aliis

215 2236 396 2272 separatae.
442 2232 554 2264 Cicer.
569 2232 708 2263 Sueton.
734 2233 797 2262 &c.
845 2231 909 2262 Im-

216 2282 352 2322 proprie
371 2286 483 2312 autem
501 2281 664 2322 quaelibet
686 2280 817 2320 domus,
832 2285 866 2311 et
885 2281 911 2311 si

217 2345 290 2365 eum
307 2335 379 2367 aliis
394 2336 595 2375 conjunctae,
608 2334 708 2364 etiam
723 2332 840 2363 insulae
855 2341 910 2362 vo-

218 2385 393 2416 cabantur.
439 2386 484 2416 Et
509 2384 573 2416 hoc
597 2383 768 2415 intellexit
793 2383 911 2413 Festus

219 2445 293 2466 cum
311 2436 396 2466 dixit
412 2440 420 2453 ‘
436 2434 596 2475 proprie.'
617 2434 715 2464 Idem.

262 2490 274 2504 ⁷¹
308 2486 526 2525 Intempestam
547 2483 679 2523 noctem]
720 2483 829 2514 Varro
854 2482 912 2513 lib.

222 2544 271 2565 vt.
289 2535 330 2566 de
344 2536 383 2566 L.
402 2536 438 2566 L.
471 2538 480 2553 ‘
496 2536 708 2576 Intempesta
732 2543 798 2564 nox
823 2532 914 2564 dicta

223 2586 264 2616 ab
282 2589 499 2624 tempestate,
515 2591 700 2626 tempestas
716 2584 759 2615 ab
786 2589 913 2623 tempo-

223 2644 272 2672 re,
287 2634 496 2675 Intempesta
514 2644 591 2674 nox,
608 2645 674 2675 quo
700 2639 853 2675 tempore
870 2633 915 2663 nil

222 2686 348 2726 agitur.
393 2684 509 2717 Attius
541 2686 573 2717 in
611 2687 741 2718 Bruto:
781 2689 790 2704 ¹
804 2685 915 2717 Nocte

957 1423 1657 1465 intempestanostramdevenitdomum.''

958 1475 1094 1506 Servius
1111 1484 1168 1506 ΠΙ.
1185 1475 1314 1506 AEneid.
1336 1476 1345 1492 ‘
1360 1475 1572 1515 Intempesta
1587 1475 1657 1506 dic-

959 1531 993 1557 ta
1016 1531 1070 1557 est
1087 1535 1150 1556 nox
1169 1527 1292 1565 media,
1309 1526 1550 1565 intempestiva
1567 1526 1656 1556 inac-

960 1580 1072 1615 tuosa,
1089 1585 1206 1606 carens
1223 1576 1369 1614 actibus,
1384 1585 1444 1616 per
1461 1576 1550 1616 quod
1575 1582 1657 1607 tem-

962 1635 1044 1666 pora
1061 1625 1297 1664 dignoscimus.
1343 1626 1401 1656 Ait
1425 1626 1513 1656 enim
1532 1626 1657 1657 Lucre—

961 1675 1025 1706 tius
1043 1675 1132 1716 quod
1152 1685 1211 1716 per
1235 1684 1271 1706 se
1295 1680 1427 1715 tempus
1443 1685 1509 1706 non
1533 1674 1659 1706 iutelli-

962 1725 1064 1765 gitur,
1080 1725 1142 1756 nisi
1165 1735 1224 1765 per
1248 1731 1343 1756 actus
1367 1726 1540 1756 humanos.
1584 1725 1658 1756 Me-

962 1776 1054 1806 dium
1081 1780 1193 1807 autem
1219 1777 1329 1807 noctis
1355 1781 1488 1816 tempus
1506 1781 1585 1807 actu
1604 1785 1659 1806 ca-

964 1825 1042 1857 ret.’
1096 1826 1211 1857 Graeci
1237 1830 1351 1857 tamen
1378 1831 1512 1857 noctem
1541 1825 1659 1856 intem-

964 1882 1094 1917 pestam
1118 1877 1292 1916 dixerunt,
1321 1875 1463 1915 ἆμολγὺν
1486 1875 1594 1916 νύκτα,
1626 1877 1660 1907 ἐν

963 1926 1090 1967 ἀμολγῷ
1102 1928 1160 1964 τῆς
1176 1925 1296 1967 νυκτὸς,
1310 1926 1390 1968 quia
1405 1931 1485 1957 tunc
1498 1927 1660 1966 mulgent.

963 1978 1062 2009 Idem.

1005 2032 1019 2048 ὓ
1042 2027 1260 2067 Inter-capedo]
1285 2026 1384 2059 Quod
1399 2026 1563 2057 interduo
1574 2029 1659 2056 tem-

964 2078 1054 2118 poris
1070 2077 1179 2118 spatia
1197 2077 1427 2117 intercipitur.
1456 2076 1570 2107 Gloss.
1588 2076 1597 2091 ‘
1611 2076 1661 2106 in-

964 2128 1162 2168 tercapedo,
1174 2127 1329 2165 διάστημα
1343 2125 1477 2167 χρόνου.’
1500 2127 1597 2158 Idem.

1005 2178 1020 2199 t,
1043 2179 1131 2209 Inter
1145 2177 1434 2218 cutemflagitatos]
1471 2178 1544 2208 Hos
1574 2178 1660 2208 Cato

965 2228 1080 2269 (lixtis
1090 2228 1313 2260 intercutibus
1326 2228 1452 2267 stupris
1463 2226 1662 2262 obstinatos,

966 2278 1152 2319 insignibus
1169 2278 1300 2319 probris
1316 2276 1516 2317 flagitatos.'
1552 2277 1661 2317 Flagi-

967 2334 1040 2360 tare
1068 2329 1206 2360 verbum
1234 2328 1430 2359 obscoenum
1457 2331 1522 2357 est.
1566 2325 1661 2367 Apu-

967 2381 1071 2411 leius:
1109 2378 1308 2410 ‘Nudatum
1337 2378 1597 2418 supinatumque
1627 2377 1660 2407 in

968 2437 1121 2462 ventrem
1138 2429 1339 2461 execrandis
1355 2428 1551 2460 uredinibus
1568 2426 1660 2467 flagi-

969 2481 1114 2514 tabant.'
1159 2480 1269 2512 Unico
1289 2479 1392 2510 verbo
1414 2478 1590 2509 intereunti
1612 2477 1659 2507 di-

969 2533 1147 2573 cebantur,
1175 2537 1214 2563 ut
1240 2530 1340 2562 infra.
1385 2530 1473 2561 Item
1499 2535 1534 2560 et
1563 2529 1660 2559 inler-

968 2584 1080 2615 moenli.
1126 2583 1237 2614 Omne
1253 2581 1340 2612 enim
1358 2579 1503 2611 medium
1523 2580 1661 2611 nucleum

970 2634 1136 2665 vocabant
1152 2634 1306 2672 Veteres,
1322 2636 1359 2662 ut
1375 2635 1428 2662 est
1441 2632 1530 2671 apud
1548 2631 1660 2661 Vitru-

970 2686 1070 2716 vium.
1094 2684 1190 2714 Idem.
