1835 2906
216 135 302 178 276

661 146 809 178 SEXTI
843 146 1047 177 ΡΟΜΡΕΙΙ
1082 147 1222 178 FESTI

221 240 427 291 Fratilli,⁵
457 239 553 282 villi
574 240 739 282 sordidi
761 242 806 282 in
826 241 1000 295 tapetis.

223 308 419 350 Fratrare
434 308 445 329 ²
472 321 704 362 puerorum
727 313 743 331 2
783 322 986 350 mammae
1019 308 1234 360 dicuntur,
1258 322 1357 350 cum
1376 308 1562 363 primum
1597 314 1663 352 tu-

273 381 488 425 mescunt,
510 376 632 430 quod
655 377 773 418 velut
799 376 956 417 fratres
979 389 1110 430 pares
1139 377 1359 419 oriuntur:
1389 377 1507 432 quod
1529 378 1660 419 etiam

273 444 316 484 in
334 443 551 485 fi-umento
574 444 701 496 spica
717 442 860 485 facere
877 443 1050 485 dicitur.

220 511 426 561 Fratria‚¹¹
446 523 559 552 uxor
577 511 736 552 fratris.

221 579 418 620 Frausus
434 585 450 600 Χ
479 578 577 627 erit,
592 577 795 619 fraudem
816 579 1097 619 commiserit.

221 645 455 696 Fraxarey
485 645 680 698 vigiliam
703 646 945 686 circumire.

219 711 463 765 Fregellae?
485 713 611 753 locus
645 713 690 752 in
723 714 843 763 urbe,
865 713 907 753 in
943 726 1032 766 quo
1060 714 1254 755 civitatis
1285 714 1425 755 illius³
1467 713 1662 768 hospites

274 780 541 821 habitavere.

838 899 952 910 oooooo

262 995 283 1023 2
305 991 361 1024 Al.
373 992 625 1032 puellarum-{⁴}
650 992 713 1022 Ed.
730 992 816 1023 Scal.
823 992 908 1030 felii.

957 899 1070 911 eeeeee

872 1108 1012 1140 NOTAE

261 1181 392 1222 Frater]
416 1183 630 1215 Postremum
647 1188 782 1225 etymon
800 1193 841 1214 ex
857 1184 917 1215 Ni-

220 1232 314 1273 gidio
331 1233 438 1265 refert
456 1234 586 1265 Gellius
599 1236 657 1266 lib.
676 1245 757 1267 xm.
773 1245 848 1276 cap.
867 1238 916 1267 10.

218 1283 229 1299 ¹
246 1283 376 1313 Fratris
392 1285 527 1323 autem,’
545 1285 669 1326 inquit,
693 1291 701 1302 ‘
720 1286 918 1317 vocabulum

218 1332 261 1363 P.
286 1331 458 1372 Nigidius,
481 1335 580 1365 homo
608 1336 759 1375 impense
783 1336 919 1375 doctus,

217 1391 285 1412 non
311 1382 421 1414 minus
452 1389 572 1424 arguto
600 1386 783 1427 subtilique
805 1391 920 1427 etymo

217 1433 468 1476 interpretatur
484 1446 492 1466 ε
508 1435 629 1474 frater,
652 1437 771 1478 inquit,
782 1443 835 1468 est
850 1437 920 1468 dic-

218 1488 286 1525 tus,
310 1485 405 1525 quasi
422 1485 495 1516 fere
519 1486 629 1517 alter!
654 1487 741 1517 Vide
761 1487 919 1518 Nonium.

218 1534 263 1564 Et
290 1535 354 1566 hoc
379 1535 504 1566 firmari
528 1536 663 1567 videtur
691 1544 917 1577 cognomento

218 1584 354 1616 Romuli
372 1586 427 1626 qui
444 1586 568 1617 allellus
584 1586 696 1617 dictus
713 1593 780 1626 est,
797 1587 828 1617 id
853 1593 917 1626 est,

218 1636 394 1674 gemellus,
412 1636 453 1666 ab
465 1636 557 1667 alter.
582 1637 710 1668 Tamen
725 1638 830 1678 magis
846 1638 917 1677 pla·

218 1685 388 1723 cetfrater
403 1695 474 1716 esse
501 1697 518 1716 a
543 1686 679 1727 ψράτωρ,
708 1687 777 1717 sive
804 1687 917 1726 potius

220 1734 264 1765 ab
281 1735 410 1767 AEolico
426 1735 556 1777 φράτηρ.
587 1736 741 1777 Φράτορας
765 1737 853 1768 euim
872 1738 920 1767 di-

220 1784 344 1815 cebant
375 1787 520 1825 sodales,
551 1788 606 1828 qui
639 1792 735 1818 erant
770 1787 919 1827 ejusdem

220 1835 330 1865 tribus
361 1838 413 1866 vel
437 1837 539 1868 etiam
567 1837 717 1872 familiae,
743 1848 819 1868 nam
842 1843 920 1877 ‹ppa-

219 1884 289 1924 τριὰ
308 1890 372 1925 est,
386 1887 481 1926 quasi
497 1887 622 1927 πατριὰ,
640 1888 765 1918 inserto
781 1899 809 1926 ρ.
834 1888 919 1918 Inde

220 1939 257 1966 et
296 1936 435 1976 collegae
471 1938 687 1977 appellantur
733 1937 919 1975 confratres.

220 1986 312 2017 Dae.

263 2041 274 2056 ³
300 2036 443 2076 Fratz'lli]
467 2036 496 2068 A
510 2036 648 2078 φράττω,
662 2038 786 2068 munio.
810 2038 855 2069 Et
872 2038 919 2069 ita

220 2085 382 2117 videntur
394 2096 468 2118 esse
485 2088 553 2118 villi
571 2088 631 2127 illi,
647 2089 703 2129 qui
730 2089 762 2118 in
790 2089 859 2119 oris
883 2093 918 2120 et

221 2136 494 2168 extremitatibus
525 2139 689 2177 tapetium
721 2138 919 2178 relinquun-

222 2190 290 2223 tur,
312 2195 417 2226 quare
444 2187 571 2227 optime
589 2187 740 2228 fimbrioe.
784 2189 916 2219 Glossae

222 2239 366 2270 veteres,
405 2238 414 2252 ‘
440 2237 583 2276 Frafilli,
621 2236 774 2277 κροσσοί.’
831 2238 917 2269 Nam

223 2285 335 2316 Crossi
351 2290 430 2317 sunt
455 2286 576 2327 λέγναι,
601 2287 741 2328 λώματα,
762 2287 917 2319 fimbriae.

224 2336 320 2367 Idem.

265 2386 274 2405 ²
302 2386 466 2426 Fratrare]
490 2386 578 2418 Vide
595 2387 604 2404 ‘
622 2386 817 2419 Sororiare.'
840 2388 919 2419 Ant.

223 2434 308 2472 Aug.

267 2484 435 2527 Fratrare]
448 2487 492 2518 Et
500 2489 721 2525 fraterculare.
738 2488 824 2518 Vide
840 2489 848 2505 ‘
859 2488 918 2519 So-

226 2534 376 2566 roriare!
402 2537 482 2569 Dae.

268 2590 281 2603 ¹¹
306 2584 452 2625 Frutria]
476 2587 626 2620 Nonius:
664 2589 673 2605 ‘
691 2589 834 2620 Fratria:
863 2599 919 2628 ap-

226 2633 398 2672 pellantur
428 2634 568 2667 fratrum
600 2638 687 2669 inter
717 2649 752 2670 se
779 2641 921 2670 uxores.’

227 2684 341 2715 Gloss.
377 2686 386 2701 ⁴
405 2685 547 2726 Fratria,
562 2687 704 2725 εῖνάτηρ.’
735 2690 920 2721 Androma-

973 1184 1035 1215 cha
1051 1188 1086 1215 et
1102 1184 1237 1216 Helena
1253 1189 1350 1216 erant
1364 1184 1504 1216 fratriae.
1527 1183 1625 1215 Idem.

1016 1239 1031 1254 Χ
1056 1236 1210 1276 Frausus]
1240 1235 1352 1266 Livius
1373 1236 1430 1266 lib.
1449 1243 1561 1265 xxm.
1586 1234 1596 1250 ‘
1612 1232 1668 1273 qui

973 1286 1156 1325 capitalem
1181 1285 1334 1316 fraudem
1355 1285 1438 1324 ausi,
1465 1284 1587 1324 quique
1611 1292 1669 1323 pe-

974 1335 1081 1365 cuniae
1112 1335 1254 1375 judicati
1285 1335 1317 1366 in
1355 1335 1495 1365 vinculis
1532 1332 1670 1365 essent!

974 1385 1359 1425 Lege,fraudemsransi.
1392 1385 1533 1415 Plautus
1550 1384 1670 1415 Asina-

975 1435 1044 1465 ria:
1069 1437 1078 1452 ‘
1096 1436 1227 1475 Metuo,
1252 1436 1285 1466 in
1303 1443 1480 1466 commuue
1504 1444 1546 1464 ne
1570 1442 1670 1474 quam

974 1485 1128 1517 fraudem
1147 1485 1277 1517 frausus
1294 1484 1385 1516 siet.'
1407 1485 1477 1515 JOS.
1494 1483 1577 1515 Scal.

1018 1536 1172 1576 Frausus]
1209 1535 1322 1566 Plaut.
1351 1534 1509 1565 Asinaria
1538 1535 1615 1564 Act.
1632 1543 1672 1564 11.

971 1586 1025 1617 Sc.
1042 1589 1073 1616 2.
1109 1586 1117 1603 ‘
1137 1586 1212 1617 Non
1237 1585 1363 1624 placet,
1385 1588 1502 1614 metuo
1525 1584 1558 1613 in
1582 1593 1671 1614 com-

972 1644 1071 1665 mune
1088 1645 1129 1666 ne
1142 1645 1242 1676 quam
1258 1634 1413 1665 fraudem
1428 1633 1561 1664 frausus
1585 1633 1673 1664 siet!

974 1685 1061 1715 Vide
1077 1687 1086 1702 ‘
1107 1684 1280 1716 Nouium.’
1303 1685 1387 1714 Dac-

1017 1741 1030 1762 Υ
1056 1735 1212 1775 Fraxare]
1230 1735 1261 1765 A
1277 1733 1418 1775 φράττω,
1431 1733 1554 1772 munio,
1572 1732 1676 1774 quod,

975 1786 1030 1827 qui
1047 1787 1177 1826 vigilias
1193 1786 1333 1824 obeunt,
1349 1786 1371 1816 ii
1388 1785 1467 1820 sint,
1484 1784 1576 1814 velut
1591 1783 1674 1813 alio-

976 1846 1047 1867 rum
1063 1842 1197 1877 septum
1209 1842 1309 1877 atque
1322 1836 1580 1866 munimentum.
1603 1832 1676 1864 Ali·

976 1890 1028 1917 ter
1053 1887 1152 1927 paulo
1175 1892 1288 1917 tamen
1311 1886 1465 1925 Scaliger
1486 1885 1519 1915 in
1537 1884 1675 1924 conjec-

975 1938 1084 1969 taneis
1103 1948 1110 1968 :
1145 1938 1156 1955 ‘
1174 1939 1286 1977 Frago
1314 1937 1501 1977 antiquum,
1523 1940 1558 1966 ut
1576 1944 1676 1974 pago,

975 1993 1068 2028 tago,
1092 1992 1144 2019 est
1168 1989 1313 2025 lentare,
1334 1986 1496 2019 flectere:
1531 1986 1611 2026 παρὰ
1637 1984 1675 2015 τὸ

973 2037 1116 2078 φράγειν,
1125 2037 1215 2068 unde
1230 2036 1493 2077 φράγνυμι,(]ιιοά
1507 2034 1675 2074 significat

974 2089 1116 2123 lentare,
1128 2093 1177 2126 ut,
1192 2088 1345 2118 ‘lentare
1360 2084 1509 2124 remum‚’
1523 2084 1675 2122 Virgilio,

974 2142 1020 2176 et,
1045 2139 1203 2168 ‘lentare
1230 2135 1368 2175 arcnm‚’
1393 2135 1516 2166 Statio.
1555 2134 1610 2165 Ab
1634 2143 1674 2164 eo

973 2187 1118 2227 φράγειν,
1139 2192 1172 2218 et
1188 2185 1338 2227 φράττειν
1357 2185 1423 2216 dici
1447 2189 1595 2225 coeptum
1613 2194 1674 2224 pro

974 2237 1116 2276 ambire,
1134 2241 1168 2267 et
1182 2237 1338 2267 Latinum
1363 2236 1509 2276 priscum
1527 2234 1675 2273 fraxare,

973 2288 1081 2327 obire,
1098 2287 1242 2318 circuire
1263 2287 1408 2326 vigilias,
1433 2296 1451 2316 a
1478 2285 1587 2325 slago,
1605 2290 1640 2315 ut
1656 2296 1676 2316 a

976 2338 1072 2375 vello,
1104 2347 1202 2375 vexo,
1233 2340 1325 2377 tago,
1350 2340 1450 2374 tax0;
1486 2334 1675 2366 fraxatorcs

976 2398 1058 2428 ergo
1076 2387 1234 2418 custodes
1262 2387 1500 2418 circumientes
1524 2383 1676 2425 vigilias?

976 2440 1074 2470 Idem.

1018 2495 1030 2508 Ζ
1056 2487 1224 2527 Fregelloe]
1250 2487 1410 2527 Fregellae
1425 2485 1502 2516 urbs
1520 2485 1596 2514 olim
1615 2493 1674 2513 no-

976 2539 1051 2570 bilis
1065 2539 1106 2569 ad
1124 2537 1261 2568 fluvium
1278 2537 1377 2567 Lirim
1389 2537 1464 2569 sita,
1481 2534 1568 2565 unde
1583 2540 1674 2574 post-

977 2599 1074 2630 quam
1105 2588 1197 2619 cives
1228 2587 1364 2617 Romam
1397 2585 1673 2625 commigrarunt,

977 2640 1069 2670 locus
1087 2637 1143 2668 ubi
1172 2636 1369 2667 habitavere
1392 2635 1540 2674 Fregelloe
1565 2635 1674 2666 dictus

978 2696 1042 2722 est.
1069 2691 1164 2720 Idem.
