1835 2906
366 133 428 162 DE
462 129 731 160 VERBORUM
768 126 1139 159 SIGNIFlCA'rloN
1152 126 1174 155 Ε

1211 126 1304 156 ΜΒ.
1338 125 1454 155 xm.
1548 113 1631 156 511

182 229 488 271 Obsidionalis
505 241 664 270 corona
680 228 916 275 dicebatur,
938 238 1037 279 quae
1054 225 1108 275 ei,
1129 226 1204 279 qui
1223 226 1427 266 obsessos
1448 223 1630 278 [PAUL.

237 299 470 339 liberasset
506 298 562 337 ab
600 297 812 346 hostibus,
849 294 1063 336 dabatur:
1094 306 1146 334 ea
1182 293 1315 334 fiebat
1345 305 1403 333 ex
1435 292 1629 345 gramine

238 366 367 407 viridi
387 379 442 406 ex
463 378 516 405 eo
546 365 648 405 loco
684 364 912 417 decerpto,
948 363 993 403 in
1027 374 1116 416 quo
1151 366 1275 402 erant
1309 361 1493 402 inclusi:
1526 371 1626 412 quae

239 446 403 474 corona
419 445 591 486 magnae
607 432 878 473 auctoritatis
894 433 997 471 erat.
1040 429 1197 471 Civica
1214 441 1378 470 corona
1397 427 1631 481 singularis

240 502 395 542 salutis
434 502 604 553 signum
643 505 764 551 erat3
796 498 1086 540 obsidionalis
1125 497 1429 538 universorum
1463 496 1628 537 civium

239 574 526 611 servatorum.

184 638 473 681 obsidionem
506 634 674 691 potius¹
707 635 943 677 dicendum
978 648 1091 683 esse,
1124 647 1255 687 quam
1288 633 1407 674 obsi·
1466 630 1631 683 [FEST-

239 708 376 755 dium,
413 706 597 760 adjuvat
628 718 711 746 nos
743 703 995 745 testimonio
1018 716 1097 744 suo
1120 702 1289 743 Ennius
1310 702 1356 742 in
1376 700 1632 748 Telamone,

240 788 341 816 cum
363 775 452 816 ait:
485 774 641 815 Scibas
676 778 827 814 natum
858 772 1091 824 ingenuum
1127 771 1330 825 Ajacem,
1353 768 1426 810 cui
1447 772 1490 809 tu
1515 768 1639 808 obsi-

239 844 414 884 dionem
444 855 588 895 paras.

651 842 764 882 Item
795 841 883 882 alio
913 840 1042 881 loco:
1076 839 1244 880 Hector
1274 837 1453 892 quidem
1472 840 1486 860 ³
1518 835 1637 876 haud

240 915 389 951 cessat
409 910 680 967 obsidionem
703 908 953 949 obducere?

185 979 419 1020 Obsidium
455 982 665 1031 tanquam
700 976 970 1030 praesidium,
1006 975 1267 1024 subsidium,
1301 977 1419 1014 recte
1456 972 1631 1013 dicitur.

242 1047 383 1101 Cujus
404 1048 538 1087 etiam
560 1051 714 1086 auctor
737 1045 787 1086 C.
821 1045 985 1086 Laelius
1022 1056 1101 1097 pro
1139 1057 1185 1084 se
1213 1043 1366 1096 apud4
1394 1041 1606 1095 populum
1627 1053 1637 1077 :

241 1120 288 1156 ut
309 1116 352 1155 in
367 1120 381 1144 ⁵
416 1114 562 1156 Nobis
584 1119 710 1161 terra,
731 1114 927 1166 marique
949 1112 1078 1152 simul
1100 1110 1320 1152 obsidium
1341 1110 1560 1150 facerent:
1594 1112 1638 1148 et

242 1183 480 1224 Sallustius
513 1181 795 1222 historiarum
829 1180 999 1233 primo:
1031 1180 1196 1231 magnis
1217 1178 1379 1232 opibus
1400 1173 1638 1232 prosectis⁶

242 1251 461 1291 obsidium
483 1250 601 1302 cepit
622 1262 698 1302 per
719 1248 770 1289 L.
793 1247 1032 1288 Catilinam
1055 1247 1256 1298 legatum.

187 1318 504 1360 obsonitavere
517 1322 543 1340 ¹¹¹
567 1330 689 1370 saepe
712 1317 996 1357 obsonavere.
1039 1313 1151 1355 Cato
1172 1315 1215 1355 in
1237 1313 1462 1363 suasione,
1484 1324 1538 1352 ne
1555 1311 1641 1362 legi

800 1445 913 1458 eeeeee

919 1445 1032 1456 eeeeee

231 1542 249 1570 3
274 1539 337 1571 Ed.
354 1540 440 1570 Scal.
458 1539 580 1570 Hector
592 1539 665 1579 quid
677 1538 770 1569 haud.
804 1538 867 1567 Vir
884 1536 973 1568 doct.
990 1536 1024 1566 in
1041 1545 1148 1575 marg.
1166 1534 1253 1575 conj.
1270 1533 1471 1573 quidam—4
1490 1530 1568 1560 Ver.
1584 1529 1643 1560 lib.

188 1584 302 1614 cua-5
327 1584 395 1615 Pro
411 1586 446 1613 ut
461 1583 495 1613 in
508 1588 577 1614 vet.
593 1582 649 1613 lib.
660 1582 789 1612 utz'.-6
806 1580 894 1612 Scal.
913 1585 948 1611 et
963 1580 1049 1611 Dae.
1065 1579 1184 1619 legunt
1200 1577 1323 1616 magnis
1338 1574 1477 1616 operibus
1485 1573 1645 1614 perfectis.

844 1721 982 1754 NOTAE

191 1811 389 1842 Ammianus
407 1810 638 1842 Marcellinus.
672 1810 737 1841 Sed
756 1809 892 1840 Siccium

192 1867 314 1893 vocant
345 1861 538 1901 Dionysius,
564 1861 654 1891 Plin.
692 1860 891 1900 Fulgentius

193 1922 235 1942 ex
252 1912 406 1942 Varrone
423 1911 541 1942 Sitium
559 1921 619 1951 pro
645 1910 775 1941 Sicinm.
804 1910 892 1940 Sane

195 1972 277 2002 gens
298 1963 410 1992 Romae
438 1961 503 1992 fuit
530 1966 565 1992 et
579 1961 670 1992 Sicia
687 1967 722 1992 et
737 1960 890 1991 Sicinia:

193 2012 252 2042 sed
279 2022 320 2042 ex
336 2012 463 2043 Sicinia
488 2010 593 2042 fuisse
619 2013 823 2050 Dentatum,
850 2019 892 2040 ex

195 2068 346 2094 veterum
403 2062 616 2094 monimentis
669 2060 893 2093 demonstrari

195 2122 295 2153 posse
313 2112 472 2143 arbitror.
498 2113 595 2143 Idem.

237 2162 466 2207 {Obsidionem
492 2162 610 2203 potius]
642 2163 773 2193 Tamen
807 2161 892 2192 obsi-

196 2215 285 2245 dium
301 2215 477 2254 usurpavit
494 2214 581 2245 idem
595 2215 741 2244 Ennius:
761 2213 893 2245 ‘Quum

197 2266 289 2296 salvo
318 2265 448 2296 obsidio
477 2275 632 2305 magnum
660 2264 785 2295 Titana
819 2273 893 2303 pre-

197 2315 335 2346 mebat?
378 2315 467 2345 Vide
498 2314 600 2354 infra,
636 2315 690 2345 ubi
720 2316 754 2346 in
783 2314 897 2345 verbis

197 2366 350 2397 Sallustii
380 2366 561 2406 legendum
591 2365 715 2404 magnis
758 2365 899 2405 operibus

197 2417 358 2458 perfectis.
382 2417 490 2447 Idem.

241 2474 263 2489 m
291 2467 527 2507 Obsonitavere]
560 2467 601 2497 In
627 2466 740 2498 verbis
759 2465 896 2497 Catonis

200 2518 358 2550 mendum
385 2527 458 2549 esse
482 2517 626 2558 opinor:
667 2522 702 2548 et
725 2520 801 2557 post
826 2525 899 2546 ver-

201 2571 279 2601 bum
304 2573 409 2608 antea,
432 2568 615 2599 scriberem
645 2568 744 2607 denis,
767 2568 819 2598 vel
837 2567 898 2598 ali-

204 2621 284 2662 quid
301 2619 505 2661 hujusmodi.
530 2619 604 2649 Ant<
620 2617 706 2658 Aug.

249 2670 487 2710 obsonitavere]
511 2670 602 2700 Puto
619 2669 780 2700 Catonem
796 2667 901 2708 scrip-

205 2723 310 2753 sisse:
353 2722 416 2757 Qui
446 2724 536 2752 antea
566 2730 619 2761 per
646 2729 675 2749 se
709 2719 901 2759 ccem‘tacere9

945 1812 1050 1848 postea
1062 1806 1184 1838 centeni
1199 1804 1409 1836 obsonitavere
1423 1812 1432 1832 .·
1456 1800 1545 1832 unde
1561 1800 1647 1831 obso-

946 1859 1050 1888 nitare
1065 1858 1185 1887 Festus
1203 1860 1296 1886 recte
1311 1853 1451 1893 exponit
1464 1850 1647 1882 convivari.

947 1908 1037 1938 Vide
1064 1906 1217 1937 Macrob.
1247 1906 1288 1936 de
1316 1903 1417 1944 legib.
1445 1901 1650 1933 sumtum-iis.

948 1959 1004 1989 Ita
1020 1957 1107 1988 enini
1132 1956 1267 1988 omnino
1284 1954 1477 1994 legendum,
1504 1953 1577 1992 quia
1598 1953 1650 1982 lex

947 2009 1072 2040 cavebat
1099 2009 1136 2038 cle
1159 2015 1285 2037 numero
1307 2004 1515 2035 convivarum.
1562 2001 1648 2032 Ora-

950 2061 1037 2091 torie
1064 2059 1164 2099 igitur
1191 2058 1277 2088 Cato
1305 2054 1448 2096 opsponit
1470 2063 1527 2093 per
1553 2062 1584 2083 se
1607 2052 1653 2091 τῷ

949 2111 1096 2142 centeni:
1129 2109 1211 2140 item
1240 2116 1361 2138 caenare
1389 2107 1437 2144 τῷ
1464 2104 1650 2135 οόεοηὶῖανε.

949 2161 1020 2193 δος.
1038 2160 1125 2191 Scal.

994 2210 1231 2250 Obsonitavere]
1255 2208 1321 2239 Vix
1348 2211 1428 2248 puto
1454 2206 1576 2237 Latine
1591 2215 1651 2246 op-

952 2263 1032 2303 poni
1050 2271 1146 2302 posse
1160 2270 1262 2301 perse
1285 2259 1333 2298 τῷ
1359 2258 1488 2289 centeni.
1536 2257 1651 2290 Quare

954 2312 1176 2353 conjiciebam
1195 2311 1260 2351 legi
1281 2318 1392 2350 posse,
1404 2309 1465 2349 -quz'
1481 2310 1573 2338 antea
1586 2307 1652 2338 sin—

951 2365 1020 2404 guli
1046 2363 1230 2394 coenitavere
1254 2364 1374 2401 postea,
1390 2361 1442 2399 ὅγε.
1461 2358 1512 2388 vel
1535 2357 1651 2396 etiam,

955 2415 1008 2455 qui
1021 2419 1112 2445 antea
1124 2423 1180 2454 pro
1196 2422 1228 2443 se
1244 2412 1436 2445 comitet-ere,
1456 2412 1561 2450 postea
1584 2417 1651 2440 cen-

954 2467 1036 2496 tertis
1066 2464 1299 2495 obsonitavere.-
1338 2461 1403 2500 vel,
1437 2459 1524 2501 quod
1551 2458 1653 2489 unice

954 2517 1081 2556 placet,
1096 2519 1176 2555 puto
1193 2513 1312 2544 deesse
1329 2519 1502 2541 numerum
1524 2509 1654 2549 impen-

956 2575 1014 2601 sae,
1043 2575 1118 2606 quae
1144 2563 1278 2595 centenis
1302 2561 1520 2602 respondeat,
1546 2558 1656 2600 quasi,

955 2617 1007 2657 qui
1022 2619 1114 2646 antea
1129 2614 1217 2645 denis
1239 2613 1435 2653 coenitavere‚
1454 2614 1561 2653 postea
1585 2619 1655 2642 cen-

956 2666 1036 2697 tenis
1048 2665 1268 2696 obsonitavere.
1294 2663 1377 2694 Dae.
