1835 2906
192 121 277 162 340

246 226 376 267 vituli
396 225 552 266 etenim
575 224 681 265 Itali
715 231 818 266 sunt
849 225 972 266 dicti.

650 130 799 162 SEXTl
834 132 1034 162 POMPEll
1072 132 1207 162 FEST!

1035 224 1169 266 Italia
1197 226 1253 266 ab
1291 226 1408 268 Italo
1431 240 1542 281 rege,
1564 243 1637 271 ea-

248 294 345 334 dem
368 293 422 333 ab
444 291 637 334 Attelido
643 323 788 334 .....
811 293 1048 347 appellata.

190 359 364 400 Itonida
383 365 400 392 9
415 365 432 381 ‘¹
464 359 668 401 Minerva
690 374 715 401 a
736 361 838 401 loco
859 360 924 401 sic
943 360 1182 413 appellata.

187 426 215 467 J
226 437 357 467 UBAR
376 432 392 448 ¹
423 426 564 475 stella,
600 440 732 480 quam
755 426 904 468 Graeci
925 427 1149 481 appellant
1172 425 1359 482 φωσφόρον
1388 429 1454 469 vel
1476 425 1635 482 ἕσπερον,

244 494 327 535 hoc
357 498 440 543 est,
473 494 644 544 lucifer,
677 494 799 548 quod
834 494 1044 548 splendor
1073 495 1167 550 ejus
1188 494 1441 536 diffunditur
1476 496 1521 536 in
1544 509 1635 537 mo-

246 561 348 602 dum
364 561 488 615 jubae
504 561 657 602 leonis.

795 671 1005 684 enaeeeaeaeaeet
1013 672 1028 683 e

227 763 247 790 9
273 759 468 800 Legendum
485 763 600 791 monet
619 759 703 790 Dae.
733 759 830 790 [tonis
846 759 899 790 vel
916 760 1032 791 Itonia.

837 856 867 887 N
875 855 979 887 0⁷1¹AE

182 922 237 953 lia.
281 921 368 952 Sane
391 921 487 959 ἄττης
510 926 563 952 est
587 930 705 952 nomen
725 919 880 961 Lydium,

182 979 217 1005 et
233 973 428 1014 Phrygium.
473 972 587 1013 Lydos
601 981 679 1003 vero
694 972 727 1002 in
743 971 879 1002 Italiam

181 1026 327 1064 venisse,
342 1034 441 1056 nemo
457 1024 598 1055 dubitat.
629 1023 718 1057 Quin
735 1027 768 1053 et
786 1023 879 1053 Stra-

180 1077 302 1107 bonem
329 1074 503 1105 nobiscum
532 1072 646 1105 facere
673 1078 795 1113 postea
820 1072 878 1103 ‹le-

181 1124 433 1166 prehendimus,
450 1124 507 1154 lib.
520 1133 554 1154 v.
572 1122 600 1153 οἶ
613 1122 759 1162 Τυρῤηνοὶ
775 1122 878 1153 τοίνυν

180 1177 262 1216 παρὰ
276 1177 342 1207 τοῖς
358 1174 512 1214 Ῥωμαίοις
526 1175 702 1214 Ἐτροῦσκοι
718 1173 769 1204 καὶ
781 1174 877 1204 Τοῦσ-

182 1239 229 1258 κοι
238 1225 528 1267 προσαγορεύονται.
541 1226 569 1256 οἱ
581 1224 771 1261 δ’Ἵ-Ζλληνες
782 1224 878 1255 οὕτως

180 1277 340 1315 ὠνόμασαν
355 1276 466 1307 αὐτοὺς
487 1274 546 1306 ἀπὸ
567 1277 624 1306 τοῦ
646 1275 800 1315 Τυῤῥηνοῦ
822 1275 878 1305 τοῦ

175 1328 301 1367 “Ἀτυος,
315 1327 354 1359 ὥς
366 1333 453 1367 φασι,
463 1327 519 1358 τοῦ
530 1326 713 1358 στείλαντος
727 1326 761 1356 ἐκ
769 1325 877 1357 Λυδίας

179 1379 326 1410 ἀποίκους
355 1379 450 1419 δεῦρο.
498 1378 584 1409 Vide
619 1383 743 1409 cetera.
790 1377 876 1409 Vide

182 1429 397 1460 Herodotum
429 1429 486 1459 lib.
516 1438 540 1459 1.
568 1429 648 1458 item
679 1428 875 1468 Dionysium

180 1479 331 1510 Halicar.
347 1479 404 1509 lib.
423 1489 447 1509 1.
463 1479 531 1508 Jos.
549 1478 633 1508 Scul.

224 1529 334 1569 ltalia]
358 1529 506 1560 Primam
541 1529 633 1559 Festi
672 1529 876 1559 sententiam

179 1579 358 1610 confirmat
374 1579 503 1610 Gellius
521 1579 575 1609 lib.
595 1586 643 1609 xi.
663 1588 737 1618 cap.
755 1581 785 1608 l.
802 1580 809 1594 ‘
822 1579 876 1609 Ti-

178 1639 281 1661 maeus
298 1630 330 1660 in
347 1630 506 1665 historiis,
520 1637 601 1669 quas
613 1628 763 1658 oratioue
779 1627 877 1659 Grae-

179 1690 218 1711 ca
237 1680 278 1711 de
295 1679 395 1711 rebus
414 1688 492 1720 pop.
509 1679 604 1709 Rom.
622 1678 825 1717 composuit,
841 1683 876 1709 et

178 1731 229 1761 M.
244 1731 351 1761 Varro
368 1730 400 1760 in
415 1727 671 1769 antiquitatibus
690 1737 799 1758 rerum
817 1728 874 1759 hu—

177 1790 361 1815 manarum,
378 1785 502 1810 terram
526 1778 659 1808 Italiam
684 1777 725 1808 de
751 1778 874 1810 Graeco

177 1832 340 1863 vocabulo
352 1831 553 1871 appellatam
566 1830 873 1870 scripserunt‚quo·

176 1882 266 1912 niam
284 1882 385 1912 boves
409 1881 531 1911 Graeca
549 1881 656 1910 veteri
679 1880 792 1919 lingua
807 1879 872 1910 ἰτα-

177 1931 227 1961 λοὶ
258 1931 398 1962 vocitati
428 1929 530 1961 sunt.'
580 1930 676 1960 Idem
715 1935 747 1961 et
782 1931 870 1971 apud

177 1983 365 2013 Varronem
389 1982 483 2021 legas
504 1981 546 2011 de
574 1981 621 2011 Re
647 1980 744 2011 Rust.
762 1981 816 2011 lib.
833 1991 871 2011 ιι.

176 2041 251 2073 cap.
283 2037 313 2063 5.
344 2033 352 2049 ⁶
371 2031 507 2063 Graecia
535 2030 623 2061 enim
654 2031 804 2071 antiqua,
834 2037 871 2062 ut

176 2083 292 2114 scribit
318 2082 477 2120 Timaeus,
499 2086 613 2111 tauros
637 2080 780 2111 vocabat
806 2081 869 2111 ῖτα-

175 2132 260 2170 λοὺς,
276 2141 293 2162 a
308 2141 448 2172 quiorum
466 2130 717 2171 pulchritudine
734 2135 768 2160 et
786 2129 869 2161 fietu

174 2183 357 2213 vitulorum
376 2181 506 2212 ltaliam
519 2180 700 2211 dixerunt.’
743 2181 869 2211 Secun-

176 2233 252 2263 dam
279 2233 322 2264 de
349 2232 438 2264 Italo
464 2241 543 2272 rege
570 2231 678 2262 secuti
702 2230 867 2270 Thucydi-

174 2283 246 2323 des,
261 2283 427 2315 Antonius
443 2283 688 2323 Syracusanus,
703 2282 868 2322 Hyginus.

175 2335 327 2365 Quorum
355 2334 479 2373 primus
502 2342 576 2363 eum
599 2333 748 2363 Siculum
774 2332 868 2370 dicit,

175 2383 261 2414 alter
277 2383 468 2414 OEnotrium
484 2393 492 2421 3
511 2382 664 2422 Hyginus
681 2381 807 2422 Ulyssis
824 2391 866 2411 ex

172 2433 340 2473 Telegono
355 2438 526 2473 nepotem.
565 2431 657 2462 Infra
669 2431 865 2462 ubAlteliclo.

171 2482 228 2514 Sic
265 2483 391 2522 optime
427 2481 699 2522 distinguendum
736 2482 866 2512 monuit

173 2532 325 2572 Scaliger
341 2544 347 2560 :
365 2532 401 2562 ab
417 2532 494 2563 Alte
510 2532 606 2572 Lydo.
652 2533 740 2562 Sane
750 2532 866 2569 Ἄττης

172 2587 224 2613 est
240 2591 359 2612 nomen
378 2582 531 2620 Lydium,
547 2588 582 2614 et
607 2582 792 2619 ΓιιίῑἈττης
813 2583 865 2613 vel

174 2632 276 2672 Attys
301 2632 411 2662 Manis
434 2632 548 2672 Lydiae
567 2634 653 2673 regis
674 2633 781 2664 filius:
807 2634 864 2664 seu

173 2683 246 2713 haec
271 2682 380 2713 omnia
405 2691 503 2713 merae
521 2692 626 2722 nugae.
674 2684 715 2714 Et
739 2684 865 2724 optime

936 921 1086 952 Doctiss.
1125 920 1330 958 Euchartus,
1365 920 1422 960 qui
1453 923 1632 961 postquam

936 971 1094 1011 probavit
1124 971 1233 1002 Italiae
1269 971 1389 1001 littora
1417 970 1633 1002 Phoenicibus

934 1022 1039 1052 fuisse
1061 1022 1210 1062 cognita,
1227 1021 1370 1061 priscam
1395 1020 1527 1051 Italiam
1553 1022 1632 1052 nihil

934 1073 1022 1103 aliud
1040 1071 1153 1108 fuisse,
1171 1082 1268 1113 quam
1293 1071 1488 1102 Brutiorum
1513 1081 1631 1112 agrum

933 1132 1009 1154 cum
1039 1128 1136 1164 parte
1164 1122 1334 1156 Lucaniae,
1367 1122 1631 1162 Brutiorumque

932 1182 1048 1213 agrum
1066 1173 1141 1214 pice
1165 1171 1364 1205 abundasse,
1383 1171 1518 1201 tandem
1535 1180 1633 1210 aper-

933 1224 1060 1255 tissime
1077 1222 1322 1254 demonstravit
1350 1222 1481 1253 Italiam
1505 1221 1629 1253 dictam

932 1274 973 1305 ab
990 1274 1153 1312 Hebraeo,
1169 1274 1244 1309 itur,
1257 1273 1288 1303 id
1304 1272 1454 1311 est,pix:
1478 1273 1487 1289 ‘
1505 1272 1631 1311 itaria‚’

931 1325 1026 1366 quasi
1043 1324 1167 1354 dixeris
1182 1325 1190 1340 ‘
1207 1322 1355 1363 picearia
1372 1320 1489 1361 regio.'
1513 1321 1629 1352 Graeci

932 1375 1060 1406 mollito
1074 1385 1154 1405 sono
1167 1375 1293 1405 Italiam
1316 1374 1444 1403 dixere.
1491 1372 1579 1403 Nam
1599 1373 1629 1404 R

932 1431 966 1456 et
984 1427 1011 1456 L
1027 1425 1127 1457 facile
1152 1428 1413 1456 commntantur.
1459 1422 1539 1461 Itur,
1557 1423 1627 1463 pix,

932 1476 996 1506 alio
1013 1476 1145 1506 nomine
1162 1475 1317 1506 Hebraeis
1332 1473 1530 1504 doctoribus
1543 1474 1628 1504 calab

930 1526 1068 1564 dicitur,
1084 1536 1102 1556 a
1118 1536 1183 1567 quo
1194 1525 1309 1556 vicinae
1325 1524 1452 1555 Brutiis
1463 1524 1627 1555 Calabriae

931 1586 1066 1615 nomen,
1091 1586 1164 1617 quae
1186 1582 1221 1606 et
1246 1576 1320 1616 ipsa
1341 1575 1434 1615 pinu,
1456 1579 1490 1604 et
1519 1574 1626 1614 picea,

930 1626 1071 1667 aliisque
1095 1625 1269 1656 arboribus
1293 1623 1440 1665 piciferis
1458 1628 1510 1654 est
1528 1623 1627 1655 valde

929 1675 1038 1716 ferax,
1053 1676 1140 1707 unde
1154 1681 1190 1707 et
1203 1676 1319 1706 eadem
1333 1675 1453 1706 Graece
1465 1674 1627 1705 Πευκετία.

929 1728 1079 1758 Peucetia
1102 1727 1194 1758 dicta
1217 1726 1276 1756 ἀπὸ
1298 1727 1359 1756 τῶν
1381 1726 1500 1756 πευκῶν
1517 1726 1526 1743 ⁴
1541 1735 1559 1756 a
1576 1726 1625 1766 pi·

929 1779 997 1809 ceis
1012 1776 1210 1818 arboribus.’
1224 1777 1305 1808 Dae.

971 1834 984 1848 ¹¹
1008 1827 1149 1867 Itonida]
1175 1828 1264 1867 Lege
1291 1827 1392 1858 lconis
1423 1827 1474 1858 vel
1506 1827 1622 1857 Itonia.

929 1878 1061 1909 Callim.
1080 1878 1111 1908 in
1130 1878 1300 1909 Cererem.
1316 1876 1433 1907 τΗνθον
1456 1876 1624 1907 Ἰτωνιάδος

927 1941 977 1966 μιν
991 1928 1150 1966 Ἀθηναίας
1166 1928 1210 1959 ἐπ’
1227 1926 1324 1959 ἀέθλα
1339 1926 1510 1968 Ὀρμενίδαι
1531 1926 1623 1958 καλέ-

927 1992 1023 2012 οντες.
1048 1984 1056 1998 ‘
1071 1982 1245 2011 Venerunt
1268 1981 1373 2020 ipsum
1390 1979 1429 2009 ad
1456 1978 1621 2010 Itoniadis

926 2032 1089 2062 Minervae
1113 2037 1284 2062 certamen
1311 2029 1505 2061 Ormenidae
1524 2037 1622 2059 voca·

926 2082 1015 2113 turis·
1060 2082 1126 2112 Ubi
1142 2082 1252 2112 Schol.
1279 2083 1287 2098 ‘
1304 2081 1389 2110 ἰτὼν
1399 2079 1487 2109 πόλις
1499 2082 1619 2109 Θεσσα-

923 2131 1001 2169 λίας,
1029 2130 1098 2161 ἔνθα
1122 2132 1244 2168 τιμῖιται
1268 2131 1389 2166 Ἀθηνᾶ.
1438 2129 1514 2159 Iton
1539 2128 1617 2158 urbs

922 2182 1117 2221 Thessalum,
1134 2182 1190 2211 uhi
1206 2181 1327 2212 colitur
1348 2178 1526 2210 Minerva!
1551 2178 1617 2208 Im-

923 2242 975 2262 mo
991 2232 1091 2262 etiam
1110 2237 1143 2262 et
1162 2231 1265 2261 Itonia
1283 2236 1374 2261 recte
1399 2230 1463 2268 legi
1481 2232 1615 2268 potest:

922 2281 969 2311 sic
986 2281 994 2296 ‘
1007 2280 1139 2311 cassida
1152 2280 1203 2311 'et
1218 2281 1227 2297 ‘
1242 2279 1344 2310 cassis
1357 2278 1376 2316 ;’
1398 2279 1406 2294 ⁴
1422 2276 1618 2317 chlamyda’

922 2335 957 2361 et
973 2331 982 2346 ‘
994 2332 1140 2371 chlamys
1152 2331 1170 2368 ;'
1198 2333 1206 2346 ‘
1219 2330 1393 2360 Tritonida
1407 2328 1413 2340 ¹
1430 2333 1465 2358 et
1480 2328 1488 2343 ⁴
1506 2327 1617 2358 Trito-

921 2381 1003 2418 nis;‘
1028 2386 1034 2398 ‘
1053 2380 1238 2420 Colchidas
1252 2380 1406 2411 ‘Colchis
1420 2377 1440 2416 ς’
1464 2379 1472 2396 ‘
1493 2377 1614 2414 Elida‚'

922 2435 929 2447 ‘
945 2432 1013 2462 Elis
1027 2431 1047 2462 2’
1070 2436 1104 2461 et
1120 2435 1284 2461 sexcenta
1300 2430 1376 2459 alia.
1400 2428 1497 2458 Idem.

963 2488 977 2502 x
1000 2479 1115 2519 ι[αὐαν]
1143 2481 1240 2510 Varr.
1273 2479 1331 2510 lib.
1359 2487 1405 2508 vt.
1436 2477 1476 2507 de
1508 2477 1544 2507 L.
1572 2477 1611 2507 L.

921 2534 928 2549 ‘
948 2532 1055 2564 Jubar
1071 2532 1197 2562 dicitur
1212 2530 1311 2560 stella
1334 2526 1463 2566 lucifer,
1487 2536 1559 2566 quae
1578 2527 1610 2556 in

921 2591 1048 2612 summo
1064 2581 1164 2611 habet
1180 2578 1333 2610 diffusum
1352 2579 1474 2613 lumen,
1491 2581 1527 2606 ut
1542 2576 1609 2606 Leo

921 2633 952 2662 in
971 2632 1083 2672 capite
1102 2630 1242 2672 jubam.’
1288 2628 1351 2658 Sed
1370 2632 1462 2657 recte
1480 2626 1520 2655 de
1539 2635 1607 2655 ves-

921 2692 1002 2722 pero
1019 2683 1117 2713 etiam
1136 2682 1229 2719 jubar
1245 2680 1308 2710 dici
1326 2678 1451 2709 monuit
1476 2677 1606 2707 Festus.
