1835 2906
184 164 240 205 60

186 265 402 317 Alebria,d
419 266 529 307 bene
551 263 720 306 alentia.

625 167 773 199 SEXTI
808 166 1008 197 POMPEH
1045 164 1179 195 FESTI

186 336 429 384 Aleonem‚²
448 334 698 374 aleatorem.
757 327 972 370 Naevius:
1003 325 1290 380 pessimorum
1312 323 1520 378 pessime,
1543 337 1618 365 au-

244 403 347 452 dax,
370 413 523 454 ganeo,
543 399 704 448 lurco,4
723 397 830 437 aleo.

189 465 418 518 Aletudo,f
436 466 629 520 corporis
650 463 878 519 pinguedo.

189 536 336 590 ΑΙςὲι,ς
358 548 491 589 quam
510 546 630 575 mare
653 532 707 573 ad
724 533 846 572 littus
864 528 1056 584 projicit.
1076 526 1287 579 Virgilius
1306 525 1350 565 in
1369 524 1616 565 Bucolicis:

247 603 454 657 Projecta
473 602 603 643 vilior
623 601 735 653 alga.

190 670 332 724 Algeo
346 675 362 699 g
384 683 442 710 ex
463 668 625 710 Graeco
648 669 758 721 ἀλγῶ
779 665 950 713 dicitur,
969 663 1013 703 id
1037 666 1116 711 est,
1137 661 1290 702 doleo:
1320 663 1370 699 ut
1397 657 1453 699 sit
1474 656 1622 710 frigus,

247 738 369 779 dolor
389 737 565 791 quidam
581 735 864 776 membrorum
885 732 1025 784 rigore
1046 727 1307 783 conjectuS.⁶

192 804 352 846 Alicab
373 805 544 854 dicitur,
565 802 683 857 quod
704 801 783 842 alit
804 812 976 853 corpus.

788 920 808 933 O
812 919 907 932 “““

910 917 1025 931 ““““

233 1017 253 1045 4
276 1014 370 1045 Vett.
392 1011 470 1045 edd.
493 1012 661 1043 lustra—5
687 1010 771 1041 Post
797 1008 882 1049 Alga
909 1007 943 1038 in
974 1007 1028 1038 ed.
1057 1004 1144 1037 Scal.
1174 1003 1335 1034 inseritur
1364 1000 1533 1033 herbae—6
1557 998 1626 1031 Alii

193 1058 346 1088 collectus.

837 1169 979 1202 NOTAE

194 1255 204 1271 ⁶
225 1252 310 1283 Haec
333 1252 403 1282 avis
427 1261 445 1282 a
468 1249 599 1282 Graecis
621 1248 755 1287 ἀλκυὼν,
773 1257 791 1277 a
811 1256 885 1277 nos-

194 1303 257 1334 tris
285 1302 402 1333 alcedo
427 1300 575 1332 dicitur!
619 1299 732 1329 Plaut.
754 1298 885 1329 Poenul.

196 1353 297 1385 ‘Jam
314 1352 440 1383 Hercle
471 1356 506 1382 tu
537 1349 681 1390 periisti,
707 1348 770 1379 nisi
796 1348 885 1378 illam

194 1403 274 1433 mihi
308 1408 374 1433 tam
410 1401 623 1442 tranquillam
658 1398 741 1430 facis
775 1399 885 1431 Quam

194 1462 287 1484 mare
304 1457 355 1483 est
377 1453 452 1482 olim
475 1461 551 1482 cum
575 1451 620 1481 ibi
641 1449 757 1481 alcedo
779 1450 887 1490 pullos

195 1503 311 1534 educit
327 1501 428 1533 suos!
452 1501 549 1532 Idem.

238 1551 254 1572 '1
275 1550 419 1590 Alebria]
444 1550 673 1582 Glossarium:
698 1549 707 1566 ‘
721 1547 888 1588 Alebrius,

197 1602 355 1641 εὔτροφος,
369 1601 506 1640 Opem-bs,
521 1599 673 1640 τροφεύς.’
717 1600 787 1629 Pro
803 1601 890 1638 θρεπ-

196 1651 251 1682 τὸς
270 1652 356 1682 male
379 1650 478 1681 hodie
502 1649 629 1690 θρεμβὸς
652 1648 685 1678 in
708 1648 891 1679 Glossario.

197 1701 321 1733 Isidori
343 1700 494 1732 Glossae:
519 1701 527 1716 ‘
546 1699 684 1738 Alebra,
698 1698 798 1737 bona,
820 1697 892 1738 qui-

199 1751 261 1782 bus
278 1749 419 1781 alimur-‚¹
442 1751 450 1766 ‘
462 1748 592 1783 Alibre,
605 1747 891 1779 alimentum.'Di-

201 1801 338 1833 omedes
354 1801 376 1831 1.
393 1809 417 1830 1.
440 1799 510 1830 Per
527 1798 712 1839 genitivum
730 1798 791 1836 sic,
815 1807 891 1828 cum

200 1863 220 1884 a
236 1860 380 1893 persona
396 1850 542 1879 ablatum
566 1848 644 1888 quid
662 1847 890 1887 significatur:

201 1901 319 1937 veluti,
338 1900 390 1931 Ab
407 1904 541 1930 oratore
558 1898 696 1938 accepi:
721 1896 750 1927 A
769 1905 802 1926 re
827 1897 893 1926 ale-

202 1953 255 1984 bri
290 1951 462 1983 Ciceronis
492 1950 701 1980 intellectum
731 1951 796 1978 est.
827 1948 896 1978 Jos.

203 2005 287 2036 Scal.

247 2051 390 2092 Alebria]
412 2051 466 2083 Ab
482 2051 491 2068 ‘
510 2049 630 2081 alendo
643 2048 650 2061 ’
668 2051 705 2079 ut
717 2052 725 2065 ‘
740 2046 876 2079 aletudo
888 2045 896 2058 '

203 2103 302 2135 infra.
325 2103 406 2134 Dae.

247 2160 260 2175 θ
283 2153 444 2193 Aleonem]
478 2152 518 2183 In
542 2160 642 2181 versu
668 2148 780 2181 Naevii
801 2151 894 2179 vete-

206 2215 259 2237 res
269 2205 436 2236 editiones
450 2202 622 2233 habebant
632 2202 742 2240 lus-tm,
754 2209 820 2231 nou
834 2201 897 2229 lur-

205 2267 252 2287 co.
297 2257 342 2286 Et
360 2257 407 2286 ita
420 2253 531 2284 inveni
547 2253 580 2283 in
597 2252 789 2282 membrana
805 2255 898 2281 vete-

207 2308 252 2337 ris
279 2306 456 2338 Glossarii.
500 2303 601 2344 Apud
632 2302 800 2333 Catullum
826 2310 898 2331 ver-

208 2365 263 2387 sus
290 2356 322 2386 in
357 2353 586 2393 manuscripto
616 2352 735 2383 codice
763 2351 797 2381 in
825 2350 899 2381 Ma·

208 2415 356 2437 murram
387 2406 436 2435 ita
465 2405 611 2444 legitur:
648 2403 762 2433 Omnia
789 2411 900 2441 magna

209 2457 276 2488 haec
303 2458 400 2486 sunt.-
423 2458 523 2485 tamen
544 2455 593 2484 hic
620 2457 651 2485 et
676 2453 828 2484 maximus
854 2451 900 2482 ul-

210 2511 284 2538 tor:
309 2506 380 2536 Non
408 2505 506 2543 homo,
534 2504 586 2533 sed
613 2513 682 2534 vere
711 2503 760 2532 M.
791 2511 904 2540 magna

209 2557 330 2587 minax.
375 2554 568 2594 Legendum
594 2563 699 2584 sane:
725 2556 826 2583 tamen
855 2552 904 2582 hic

211 2610 257 2638 est
272 2605 419 2637 maximu’
434 2606 542 2635 lustro.
586 2603 814 2642 Transpositae
831 2607 904 2633 tan-

213 2662 284 2688 tum
312 2660 407 2686 erant
434 2655 554 2686 literae.
599 2653 754 2684 Minacem
791 2658 902 2684 autem

214 2705 570 2748 vocat-jactabundum,
582 2708 616 2736 et
628 2703 685 2745 qui
697 2704 800 2735 multa
813 2712 904 2744 mag-

939 1244 1035 1276 nifice
1053 1242 1095 1274 de
1108 1251 1143 1273 se
1159 1240 1338 1282 praedicet.
1383 1239 1459 1270 Hoc
1476 1239 1564 1270 enim
1580 1240 1633 1269 est*

940 1294 1070 1327 minari.
1129 1291 1318 1324 Horatius:
1358 1289 1489 1332 ‘Atqui
1522 1289 1630 1320 vultus

940 1349 1014 1376 erat
1050 1353 1170 1384 magna
1197 1348 1232 1374 et
1262 1343 1424 1383 praeclara
1454 1339 1633 1372 minantis)

940 1394 1039 1429 Quod
1069 1394 1264 1425 Graecorum
1291 1394 1479 1424 imitatione
1505 1391 1632 1422 dictum

941 1451 1005 1481 est,
1027 1445 1083 1486 qui
1107 1445 1138 1475 in
1166 1444 1283 1475 eadem
1309 1454 1342 1474 re
1367 1442 1469 1473 verbo
1497 1440 1634 1471 ἀπειλεῖν

941 1501 1092 1528 utuntur.
1137 1494 1289 1526 Catullus
1312 1503 1394 1533 ergo
1414 1492 1563 1523 minacem
1580 1501 1635 1521 vo·

944 1552 1012 1586 cat,
1025 1556 1124 1589 quem
1139 1551 1257 1587 postea
1273 1543 1412 1575 Romani
1423 1542 1637 1581 Aretacognm,

945 1603 981 1629 nt
1006 1597 1177 1628 docuimus
1204 1595 1236 1625 in
1264 1593 1529 1625 eruditissimum
1557 1592 1636 1631 poe-

946 1653 1015 1680 tam
1031 1647 1226 1679 Ausonium.
1271 1645 1379 1675 Locus
1398 1643 1452 1673 ille
1470 1641 1594 1673 Catulli
1618 1651 1637 1672 a

946 1699 1042 1730 nobis
1068 1695 1265 1728 emendatus
1290 1693 1427 1725 illustris
1451 1698 1514 1731 est,
1532 1696 1566 1722 et
1590 1692 1638 1721 in-

945 1748 1063 1788 signis:
1091 1745 1258 1786 ac‚siquis
1274 1744 1357 1774 alius
1371 1743 1459 1773 inter
1474 1742 1639 1782 epigram—

946 1805 1048 1838 mata,
1063 1797 1344 1838 elegantissimus.
1357 1796 1426 1825 Jos.
1440 1793 1524 1824 Scul.

989 1847 1152 1887 Aleonem]
1176 1846 1228 1877 Ab
1242 1851 1250 1864 ‘
1264 1845 1360 1884 alea,'
1372 1843 1490 1883 ‘ale0,’
1503 1844 1641 1875 i.‘a1ea-

949 1899 1025 1930 tor!
1070 1898 1110 1928 In
1133 1906 1230 1926 versu
1253 1895 1365 1927 Naevii
1389 1898 1520 1925 veteres
1543 1893 1643 1925 editt.

949 1950 1072 1980 habent
1100 1949 1209 1985 lustro,
1236 1955 1301 1977 non
1329 1947 1422 1975 lurco.
1467 1944 1532 1975 Sed
1565 1953 1641 1975 cum

948 2009 1048 2039 ganeo
1064 2002 1099 2028 et
1115 1999 1211 2028 lustro
1231 1995 1319 2026 idem
1337 1995 1415 2033 sint,
1433 1994 1564 2024 retineo
1580 1993 1641 2022 lur-

951 2061 994 2085 co,
1014 2049 1055 2079 de
1072 2058 1137 2089 quo
1154 2046 1231 2077 vide
1246 2046 1277 2076 in
1295 2047 1372 2076 lura.
1396 2044 1483 2074 Dae.

998 2098 1008 2119 5
1025 2096 1175 2137 Aletudo]
1199 2097 1309 2136 Supra
1323 2097 1331 2111 ‘
1346 2092 1493 2124 alel›ria.'
1510 2093 1607 2123 Idem.

992 2154 1008 2176 ἕ
1032 2147 1146 2187 Algeo]
1164 2146 1302 2187 Optime
1313 2143 1644 2176 BonaventuraVul-

951 2200 1067 2232 canius
1095 2199 1127 2228 in
1154 2198 1222 2228 suis
1248 2196 1289 2226 ad
1317 2199 1398 2226 vett.
1423 2194 1536 2224 Gloss.
1558 2193 1645 2224 notis

952 2249 1133 2291 legendum
1158 2247 1245 2278 vidit
1261 2245 1358 2285 infra,
1372 2249 1406 2276 ut
1421 2245 1462 2275 sit
1485 2245 1573 2282 algar
1592 2245 1645 2274 ‹lo-

953 2301 998 2331 lor
1013 2300 1135 2340 quidam
1155 2297 1354 2328 membrorum
1376 2295 1478 2334 rigore
1493 2295 1646 2325 collectus.

955 2350 1045 2381 Hinc
1062 2349 1194 2387 algiosus
1210 2346 1361 2386 δύσριγος.
1384 2345 1493 2376 Idem.

997 2399 1011 2420 *¹
1037 2400 1140 2440 Alica]
1172 2397 1292 2428 Tritici
1324 2397 1375 2426 vel
1409 2395 1507 2426 farris
1542 2404 1647 2435 genus

955 2451 1047 2482 Plin.
1069 2449 1125 2480 lib.
1143 2457 1253 2480 xvru.
1279 2457 1354 2487 cap.
1374 2449 1406 2478 7.
1432 2446 1521 2477 unde
1544 2445 1647 2476 etiam

958 2510 1019 2541 pro
1040 2500 1124 2539 pulte
1147 2498 1297 2529 Martiali
1320 2497 1420 2537 Epig.
1433 2499 1464 2527 6.
1487 2496 1544 2527 lib.
1562 2505 1647 2527 xnr.

959 2552 967 2567 ‘
988 2552 1058 2582 Nos
1097 2550 1228 2588 alicam,
1256 2548 1395 2578 mulsum
1423 2546 1548 2587 poterit
1586 2545 1647 2576 tibi

957 2602 1093 2633 mittere
1109 2598 1226 2631 dives!
1255 2598 1344 2630 Vide
1360 2597 1450 2629 Plin.
1467 2596 1524 2628 lib.
1541 2603 1647 2627 xvnr.

957 2663 1034 2695 cap.
1049 2655 1098 2684 11.
1116 2652 1212 2683 Idem.
