1835 2906
223 110 308 153 578

663 120 815 152 SEXTI
851 120 1058 151 POMPEII
1092 119 1230 150 FESTI

282 216 460 259 nautico
480 229 579 266 usu,
611 217 687 271 qui
716 219 844 258 conto
874 217 1134 270 pertentant,
1165 218 1524 269 cognoscuntque
1543 219 1667 259 navi-

283 288 435 338 gantes
456 296 584 337 aquae
605 283 891 325 altitudinem.
952 281 1023 322 Ob
1045 295 1178 336 quam
1204 295 1385 324 causam
1402 283 1466 324 ait
1483 283 1668 327 Verrius

285 353 421 394 etiam
454 352 694 394 secundam
726 352 940 406 syllabam
969 363 1047 404 per
1068 350 1106 391 Ο
1129 351 1270 392 solere
1300 352 1460 393 scribi:
1490 352 1596 394 mihi
1623 354 1668 394 id

283 420 445 461 falsum
466 419 659 462 videtur:
689 432 791 460 nam
820 423 888 459 est
917 418 993 459 illa
1022 419 1337 472 percunctatio,
1359 419 1480 473 quod
1509 421 1564 470 is,
1595 421 1670 474 qui

285 489 461 529 curiose
492 488 598 542 quid
630 489 885 540 interrogat,
915 500 993 542 per
1023 491 1180 529 cuncta
1208 488 1346 538 visit‚4
1374 492 1422 528 ut
1452 493 1565 530 recte
1597 501 1674 542 per

285 556 330 598 U
349 556 519 598 literam
538 556 768 600 scribatur.

229 624 513 666 Percontatio
550 623 726 669 videtur
758 621 877 663 dicta
914 634 973 662 ex
1007 635 1090 662 usu
1124 622 1318 672 nautico,
1354 623 1457 677 quia
1496 622 1674 673 [PAUL.

284 705 427 751 aquae·
453 691 725 733 altitudinem
763 695 895 732 conto
932 693 1202 743 pertentant.
1258 689 1351 731 Alii
1390 691 1542 732 volunt
1574 704 1674 745 per-

286 759 612 800 cunctationem
633 757 737 806 dici,
758 757 877 812 quod
899 757 1070 799 scilicet
1089 758 1143 808 is,
1163 758 1241 812 qui
1260 759 1459 800 curiosus
1489 763 1572 810 est,
1595 772 1674 813 per

287 834 447 869 cuncta
468 828 714 879 interrogat.

227 895 571 937 Percunctatum
588 893 906 948 patrisfamiliae
920 906 1076 934 nomen
1089 899 1105 923 ‘³
1125 907 1177 934 ne
1196 893 1296 947 quis
1314 906 1488 935 servum
1508 894 1679 947 [FEST.

283 963 484 1013 mitteret,
516 963 609 1015 lege
632 967 831 1004 sanctum
850 961 988 1002 fuisse
1019 963 1081 1003 ait
1109 961 1219 1003 Cato
1253 961 1298 1002 in
1326 974 1393 1011 ea,
1422 974 1507 1015 qua
1535 961 1675 1014 legem

287 1028 497 1070 Orchiam
517 1029 759 1070 dissuadet.

230 1096 457 1138 Perditum
479 1102 559 1147 est,
580 1097 701 1151 quod
733 1097 910 1146 interit,⁵
942 1110 995 1139 ac
1016 1097 1262 1152 recuperari
1283 1109 1367 1137 non
1387 1109 1465 1150 po·
1494 1095 1677 1149 [PAUL.

287 1168 388 1205 test.

229 1231 495 1281 Perediam,r
516 1236 561 1272 et
581 1232 792 1272 bibesiam
811 1232 999 1273 Plautus
1038 1245 1136 1272 cum
1173 1231 1301 1281 dixit,
1335 1231 1514 1284 intelligi
1537 1230 1679 1272 voluit

287 1299 580 1353 cupiditatem
602 1300 778 1350 edendi,
800 1304 844 1341 et
862 1300 1053 1341 bibendi.

232 1366 481 1416 Perediam,
503 1370 548 1408 et
572 1367 789 1419 bibesiam
818 1367 1006 1408 Plautus
1027 1367 1153 1408 finxit
1184 1380 1266 1407 sua
1296 1380 1483 1408 consue·
1516 1365 1679 1415 [FEST.

286 1433 452 1482 tudine,
474 1447 574 1476 cum
610 1435 796 1488 intelligi
821 1435 960 1476 voluit
999 1434 1285 1488 cupiditatem
1325 1434 1500 1484 edendi,
1539 1439 1584 1474 et
1613 1433 1679 1474 bi-

287 1502 449 1542 bendi.⁶

231 1567 439 1622 Peregere
451 1575 466 1599 ⁷
483 1574 494 1591 ³
513 1569 746 1611 dicebatur
762 1568 1115 1623 expergefacere.

842 1689 960 1701 eeeee

962 1689 1081 1701 ’’’’’’

274 1765 293 1793 4
318 1762 327 1778 ‘
343 1763 412 1793 Pro
427 1773 481 1802 per
497 1766 607 1794 cuncta
622 1764 697 1794 visit
717 1768 802 1795 vett.
819 1763 902 1795 libb.
925 1764 1123 1803 percunctari
1145 1764 1208 1795 sil:
1234 1763 1321 1794 uude
1353 1765 1481 1804 optime
1506 1764 1566 1794 viri
1592 1764 1684 1794 docti

229 1814 285 1844 per
302 1809 428 1835 cunctas
441 1815 490 1836 res
506 1805 553 1837 it!
578 1807 725 1837 Dac.——5
750 1807 829 1837 Vet.
854 1807 912 1838 lib.
937 1807 1139 1838 interitu—6
1165 1807 1249 1837 H‘aec
1274 1812 1353 1838 sunt
1380 1807 1484 1838 verba
1510 1808 1613 1845 Festi,
1637 1808 1685 1837 in-

233 1847 307 1886 quit
334 1848 420 1879 Scal.
446 1848 529 1879 licet
562 1847 593 1878 in
623 1853 707 1879 vett.
749 1849 829 1881 libb.
858 1859 923 1880 non
950 1855 1029 1880 suut
1055 1852 1269 1890 reperta-7
1297 1850 1393 1890 Legit
1422 1850 1512 1882 Scal.
1536 1850 1685 1890 Pergere.

234 1890 314 1921 Vet.
332 1891 391 1922 lib.
406 1891 508 1922 habet
524 1891 677 1930 Peregre.

890 1998 1033 2030 NOTAE

276 2078 290 2097 q
309 2073 549 2103 Percunctatum
562 2074 796 2113 patrissamiliae
810 2073 935 2114 nomen]

233 2121 343 2162 Hujus
368 2122 450 2162 legis
474 2123 599 2154 nullum
624 2124 703 2154 alibi
729 2125 932 2164 vestigium:

232 2171 417 2203 notandum
449 2178 562 2204 tamen
606 2173 688 2204 illud
718 2175 934 2215 antiquitatis

232 2228 499 2262 monumentum,
521 2224 732 2255 inhonestum
748 2229 783 2255 et
799 2225 933 2255 indeco-

234 2283 306 2304 rum
329 2273 431 2305 fuisse
450 2274 540 2315 apud
564 2275 691 2315 priseos
715 2275 790 2306 illos
812 2276 932 2306 Roma-

233 2332 293 2353 nos
330 2333 464 2355 servum
502 2325 641 2356 mittere
673 2330 932 2366 percunctatum

233 2373 479 2411 patrisfamiliae
511 2384 644 2411 nomen,
676 2385 774 2416 quem
806 2384 933 2406 morem

235 2434 276 2453 ex
293 2424 435 2456 heroicis
450 2425 660 2465 temporibus
678 2434 830 2456 manasse
850 2424 933 2455 veri-

236 2475 342 2504 simile
361 2479 423 2506 est.
448 2476 546 2506 Idem.

278 2528 289 2542 ¹
307 2524 486 2565 Perediam]
513 2525 627 2557 Plaut.
646 2525 678 2556 in
696 2526 831 2557 Curcul.
856 2526 934 2555 Ant.

238 2570 323 2609 Aug.

281 2623 445 2654 Perediam
462 2629 491 2655 ct
520 2625 678 2665 bibcsinm]
703 2626 768 2656 Eas
793 2628 933 2656 venuste

238 2673 405 2713 parasitus
423 2675 518 2714 quasi
535 2676 783 2715 provinciarum
801 2675 935 2706 uomina

989 2077 1198 2104 commentus
1236 2076 1299 2103 est.
1361 2071 1498 2103 Curcul.
1537 2075 1603 2103 act.
1628 2080 1686 2102 ιιι.

989 2124 998 2139 ⁴
1018 2123 1182 2153 Rhodiam
1207 2127 1308 2162 atque
1333 2121 1486 2161 Lyciam,
1507 2120 1686 2152 Perediam

989 2178 1024 2204 et
1047 2173 1293 2210 Perbibesiam,
1321 2174 1383 2203 ἃς.
1429 2171 1572 2211 subegit
1597 2173 1688 2203 solus

989 2223 1080 2254 intra
1097 2223 1214 2263 viginti
1232 2221 1328 2253 dies!
1354 2222 1437 2252 Dac-

1031 2278 1042 2293 ⁵
1072 2272 1244 2312 Peregere]
1280 2273 1372 2313 Lego
1407 2273 1562 2311 Per-gere:
1599 2272 1687 2304 unde

989 2324 998 2340 ‘
1017 2322 1224 2363 pei-giscorz’
1241 2328 1275 2353 et
1294 2323 1516 2363 compositum
1542 2324 1550 2339 ‘
1567 2332 1687 2363 exper-

989 2373 1124 2415 giscor?
1146 2375 1216 2405 Jos.
1231 2373 1313 2404 Scal.

1032 2424 1202 2464 Peregere]
1220 2425 1307 2464 Lego
1321 2423 1476 2462 Pergere:
1487 2422 1574 2452 unde
1590 2423 1598 2438 ‘
1613 2430 1686 2461 per-

988 2475 1121 2515 giscor‚¹
1149 2475 1196 2505 ait
1217 2474 1308 2505 Scal.
1356 2473 1423 2504 Sed
1448 2472 1527 2502 nihil
1555 2477 1683 2501 mutan-

988 2524 1088 2555 dum:
1112 2534 1255 2564 peregere
1279 2523 1365 2553 enim
1390 2521 1560 2558 dicebant,
1577 2529 1595 2549 a
1619 2531 1684 2561 quo

988 2576 997 2592 ‘
1017 2578 1180 2615 pergere,'
1214 2575 1221 2590 ‘
1243 2571 1413 2614 pergisci,'
1445 2572 1453 2587 ‘
1472 2570 1683 2610 expergisci)

988 2626 1068 2657 Ddc.
