1835 2906
352 174 413 204 DE
451 173 721 203 VERBORUM
755 171 1166 202 SlGNlFICATIONE
1201 174 1297 205 LIB.
1333 176 1405 204 111.

1522 164 1606 206 205

164 267 350 309 Curitim
367 274 384 290 ¹²
414 267 443 309 J
448 281 635 309 unonem
670 267 960 322 appellabant,
982 267 1088 320 quia
1108 268 1286 309 eandem
1308 270 1417 312 ferre
1439 270 1605 311 hastam

218 336 444 390 putabant.

162 403 419 445 Curriculo*
450 416 530 457 pro
557 402 716 444 cursim
745 401 982 455 ponebant.

216 483 296 511 vos
320 471 439 512 abire
463 470 692 511 curriculo.

1043 401 1229 443 Plautus
1246 416 1254 442 :
1288 403 1429 453 Licet,
1451 404 1604 458 inquit,

160 537 414 580 Curriculus
437 538 753 580 deminutivum
775 541 841 578 est
863 551 890 578 a
912 551 1053 579 curru.

160 605 298 648 Curtii
320 607 449 648 locus
468 612 499 630 ¹⁰
513 611 531 635 y
561 605 811 660 appellatur
832 619 859 647 a
880 605 1048 657 Curtio,
1070 607 1145 661 qui
1167 619 1218 647 eo
1239 606 1339 647 loco
1361 606 1405 646 in
1428 606 1605 660 profun-

216 674 446 715 dissimum
468 687 516 714 se
537 674 592 714 ob
614 674 801 715 salutem
819 675 975 728 populi
999 674 1187 715 Romani
1204 674 1390 728 projecit
1404 674 1585 716 hiatum.

160 742 342 783 Curules
359 747 374 763 ²
402 741 505 795 equi
527 741 820 795 quadrigales.

880 741 1064 784 Curules
1091 743 1371 796 magistratus
1389 742 1605 796 appellati

214 813 327 858 sunt,
350 810 455 863 quia
474 822 602 850 curru
623 809 907 851 vehebantur.

158 875 418 917 Cussilirem
437 883 452 898 ²¹
483 890 563 930 pro
584 878 745 929 ignavo
768 878 978 919 dicebant
1001 878 1182 931 antiqui.

157 943 444 985 Custodelam
474 944 680 987 dicebant
715 946 898 999 antiqui,
935 959 1066 999 quam
1096 958 1212 986 nunc
1240 945 1427 986 dicimus
1459 949 1605 985 custo·

212 1013 346 1054 diam.

155 1079 406 1121 Custoditio
430 1084 496 1121 est
518 1093 657 1133 opera
677 1081 732 1121 ad
755 1081 1091 1122 custodiendum
1113 1080 1216 1134 quid
1241 1084 1432 1132 sumpta.

155 1146 312 1189 Cutisb
343 1147 549 1189 Graecam
580 1147 715 1188 habet
748 1148 988 1201 originem:
1019 1148 1129 1189 hanc
1160 1148 1275 1188 enim
1305 1146 1372 1186 illi
1404 1142 1508 1191 κότος
1539 1144 1604 1184 di·

211 1220 325 1257 cunt

757 1300 874 1312 eeeeee

196 1370 235 1398 10
261 1367 456 1409 Legendum
484 1372 599 1399 monet
624 1368 709 1399 Dae.
733 1368 828 1399 lacus.

878 1301 994 1312 oooooo

807 1453 947 1484 NOTAE

152 1517 233 1548 rites
258 1526 278 1547 a
302 1515 447 1546 Curibus
469 1515 656 1556 appellati)
701 1517 746 1548 Et
773 1516 850 1548 inde

150 1567 263 1599 forsan
280 1567 370 1599 Juno
386 1566 512 1598 Sabina
530 1567 640 1603 Quiris
659 1567 761 1598 etiam
779 1567 850 1599 dic-

152 1623 198 1649 ta.
222 1619 322 1650 Idem.

193 1674 206 1689 ¹¹
233 1669 384 1710 Curitim]
407 1670 495 1701 Vide
519 1669 528 1686 ‘
543 1667 663 1700 Curis!
688 1669 785 1699 Idem.

192 1725 207 1739 ³
243 1720 422 1761 Curriculo]
461 1721 570 1751 Locus
602 1719 731 1757 Plauti,
749 1729 846 1760 quem

150 1770 264 1800 laudat
281 1770 414 1807 Festus,
439 1774 491 1800 est
508 1779 550 1801 ex
567 1768 605 1799 iis
627 1768 748 1800 fabulis
766 1779 848 1810 qua-

150 1830 221 1851 rum
239 1820 373 1851 nomina
397 1830 463 1851 non
487 1824 680 1861 supersunt.
724 1819 790 1850 Sed
809 1829 849 1850 ea

150 1882 231 1904 voce
247 1871 335 1903 idem
354 1872 434 1903 alibi
454 1872 580 1911 saepius
598 1879 675 1901 usus
692 1875 755 1901 est.
801 1871 848 1901 Ut

149 1923 290 1954 Mostei.
326 1925 335 1940 ⁴
353 1922 420 1953 Sed
438 1932 501 1961 ego
517 1930 633 1952 sumne
650 1918 768 1951 infelix
792 1921 848 1961 qui

148 1982 213 2003 non
231 1972 314 2003 abeo
331 1972 501 2003 curriculo
516 1971 649 2001 domum
668 1969 694 2000 ?'
747 1970 847 2002 Quod

149 2025 270 2055 Festus
298 2023 411 2054 cursim
435 2022 588 2063 exponit.
634 2020 681 2052 At
708 2021 848 2053 doctiss.

148 2074 288 2104 Vossius
312 2083 375 2103 non
401 2078 519 2104 censet
546 2081 619 2102 esse
638 2071 848 2111 adverbium,

148 2123 207 2155 sed
236 2134 254 2155 a
279 2124 413 2155 nomine
431 2123 616 2154 curriculum
638 2127 672 2152 et
696 2121 849 2152 curriculo

148 2184 222 2204 esse
237 2183 338 2205 cursu.
385 2173 473 2204 Nam
491 2173 579 2203 idem
593 2171 680 2202 dixit
693 2172 846 2203 Trinum.

152 2233 186 2254 v.
201 2228 231 2255 4.
256 2229 264 2242 ‘
279 2224 385 2255 Curre
403 2224 435 2254 in
452 2223 609 2263 Pyraeum
626 2227 729 2262 atque
747 2231 846 2252 unum

148 2274 350 2305 curriculum
367 2273 464 2305 face.’
492 2274 537 2304 Et
550 2272 582 2303 id
600 2273 706 2313 magis
723 2273 847 2313 placet.

152 2324 249 2355 Idem.

192 2381 205 2402 y
231 2375 336 2405 Curtii
349 2374 444 2414 locus]
469 2375 560 2414 Lege
578 2376 672 2406 lacus.
716 2374 756 2405 In
775 2373 845 2404 foro

150 2432 237 2458 erat.
283 2425 351 2457 Sed
378 2426 419 2456 de
441 2427 501 2456 hac
516 2426 656 2457 historia
673 2426 762 2466 apud
779 2427 846 2456 Ve-

150 2482 241 2508 teres
259 2485 323 2506 non
342 2479 486 2507 constat.
516 2474 582 2505 Alii
602 2475 752 2505 aMarco
765 2475 847 2506 Cur-

151 2527 212 2564 tio,
228 2526 282 2557 aiii
309 2527 415 2556 multo
438 2529 515 2556 ante
542 2534 560 2555 a
577 2525 696 2555 Curtio
724 2525 847 2563 Meno,

149 2577 191 2608 T.
206 2577 292 2608 Tatii
321 2576 437 2615 milite,
464 2574 592 2605 dietum
619 2575 747 2605 volunt.
795 2576 846 2606 De

152 2626 254 2666 priori
273 2627 385 2666 plures
402 2624 630 2656 consentiunt.
665 2623 752 2654 Vide
771 2623 846 2654 Liv.

148 2676 210 2706 111).
227 2685 290 2707 vn.
316 2680 399 2707 sect.
422 2679 454 2706 6.
482 2675 652 2715 triplicem
676 2674 846 2704 historiam

154 2724 252 2757 affert
265 2727 388 2763 Varro,
400 2735 499 2767 quem
516 2724 592 2756 vide
612 2724 731 2755 iib.1v.
751 2724 847 2755 Idem.

947 1524 959 1538 z
985 1518 1130 1559 Carales]
1159 1517 1257 1557 Equi,
1287 1516 1344 1557 qui
1371 1523 1519 1552 currum,
1548 1513 1603 1543 nbi

905 1569 988 1599 sella
1016 1568 1142 1599 curulis
1166 1572 1252 1605 erat,
1280 1565 1474 1597 trahebant.
1520 1564 1604 1594 Erat

904 1624 1016 1649 autem
1039 1618 1119 1647 sella
1142 1617 1268 1648 curulis
1295 1616 1456 1646 eburnea.
1505 1613 1603 1644 Unde

903 1670 912 1686 ‘
927 1669 1052 1700 Curule
1067 1667 1168 1698 ebur’
1184 1667 1334 1707 appellat
1351 1665 1472 1696 Horat.
1486 1663 1603 1694 Graeci

903 1717 1104 1758 ἐλεφάντινον
1126 1717 1242 1757 δίφρον.
1297 1716 1518 1756 Magistratus
1546 1714 1603 1754 qui

902 1770 965 1800 hac
983 1770 1064 1800 sella
1081 1774 1260 1799 uterentur
1276 1767 1397 1798 curules
1412 1765 1506 1796 dicti.
1530 1765 1582 1795 Id.

946 1824 960 1839 ²
979 1819 1176 1858 Cussilirem]
1192 1817 1290 1847 Prius
1307 1816 1415 1846 dictos
1431 1819 1514 1855 puto
1529 1814 1603 1844 Cns-

901 1870 1013 1900 sz'lires.
1059 1869 1116 1899 Sic
1132 1867 1244 1898 vocati
1270 1865 1395 1906 ignavi,
1419 1870 1455 1895 et
1480 1864 1602 1895 oscita-

903 1919 1020 1958 bundi,
1044 1919 1099 1959 qui
1124 1927 1186 1958 per
1204 1917 1272 1947 vias
1287 1915 1379 1946 urbis
1396 1914 1496 1945 otiosi
1512 1914 1602 1944 ince-

903 1968 986 1999 dunt
1004 1968 1121 2006 varici,
1145 1972 1179 1998 et
1199 1966 1299 1997 lentis
1316 1964 1481 2006 passibus.
1527 1964 1602 1994 Me-

903 2019 1045 2059 taphora
1061 2018 1103 2048 ab
1120 2016 1323 2053 aratoribus,
1348 2016 1404 2056 qui
1431 2024 1548 2054 porcas
1566 2014 1600 2044 in

903 2078 983 2106 agro
1000 2067 1143 2098 faciunt.
1191 2066 1342 2106 Oportet
1358 2064 1446 2095 enini
1462 2073 1518 2094 eos
1543 2072 1600 2103 pe-

903 2118 960 2148 des
978 2118 1092 2148 ambos
1111 2117 1143 2147 in
1160 2116 1263 2147 sulcis
1281 2124 1340 2145 seu
1366 2114 1435 2144 liris
1461 2122 1601 2153 ponere,

903 2173 938 2199 et
957 2178 1091 2209 porcam
1112 2168 1145 2198 in
1172 2167 1282 2197 medio
1307 2165 1453 2195 habere:
1480 2169 1516 2194 ut
1543 2173 1599 2194 ne-

902 2229 996 2250 cesse
1014 2219 1057 2249 sit
1074 2219 1235 2249 varicitus
1261 2215 1430 2254 incedere,
1447 2214 1536 2255 quod
1552 2214 1600 2244 di-

901 2271 1045 2301 cebatur
1061 2271 1070 2286 ‘
1085 2269 1212 2300 Cossim
1232 2268 1331 2298 lirare
1345 2265 1366 2296 :¹
1389 2264 1478 2296 unde
1497 2264 1600 2295 Cossi-

900 2322 986 2352 lz'res.
1013 2321 1145 2358 Cossini,
1159 2329 1219 2359 pro
1235 2317 1349 2355 coxim,
1361 2322 1410 2347 est
1427 2315 1600 2346 varicitus.

903 2372 988 2402 Vide
1028 2371 1190 2402 Nonium.
1256 2368 1372 2398 Attius
1410 2365 1571 2405 Parergis
1590 2376 1598 2395 :

903 2422 912 2438 ‘
928 2423 1023 2453 Bene
1042 2421 1229 2461 proscissas
1246 2418 1463 2457 Cossigerare
1481 2415 1598 2446 ordine

902 2470 1044 2511 porca&
1061 2469 1192 2501 bidenti
1208 2468 1298 2499 ferro
1316 2471 1426 2498 rectas
1441 2465 1600 2496 dei-uere.

902 2523 1096 2553 Formatum
1123 2519 1259 2550 verbum
1284 2528 1326 2549 ex
1357 2517 1476 2547 Cossim
1492 2521 1527 2547 et
1541 2525 1597 2554 ag-

900 2582 1020 2611 gerare.
1043 2571 1115 2603 Jos.
1132 2571 1221 2601 Scal.

944 2623 957 2643 ¹²
984 2620 1090 2660 Cutis]
1115 2621 1193 2651 Non
1213 2618 1309 2650 video
1326 2617 1494 2659 quomodo
1511 2626 1528 2647 a
1545 2616 1598 2647 κύ-

901 2684 953 2703 τος
977 2670 1065 2712 quod
1094 2669 1361 2710 profunditatem
1387 2673 1494 2702 notat.
1518 2667 1597 2697 cutis

903 2721 1008 2762 possit
1032 2721 1166 2752 deduci.
1213 2721 1256 2751 Et
1282 2729 1362 2750 vera
1386 2722 1437 2749 est
1462 2718 1594 2757 conjee‹
