<?xml version="1.0" encoding="UTF-8"?>
<!DOCTYPE html PUBLIC "-//W3C//DTD XHTML 1.0 Transitional//EN"
    "http://www.w3.org/TR/xhtml1/DTD/xhtml1-transitional.dtd">
<html xmlns="http://www.w3.org/1999/xhtml" xml:lang="en" lang="en">
 <head>
  <title>
</title>
<meta http-equiv="Content-Type" content="text/html;charset=utf-8" />
  <meta name='ocr-system' content='tesseract 3.04.00' />
  <meta name='ocr-capabilities' content='ocr_page ocr_carea ocr_par ocr_line ocrx_word'/>
</head>
<body>
  <div class='ocr_page' id='page_1' title='image "./mverriiflacciqua01verruoft_0087.png"; bbox 0 0 1835 2906; ppageno 0'>
   <div class='ocr_carea' id='block_1_1' title="bbox 375 150 1365 207">
    <p class='ocr_par' dir='ltr' id='par_1_1' title="bbox 375 150 1365 207">
     <span class='ocr_line' id='line_1_1' title="bbox 375 150 1365 207; baseline 0.006 -6"><span class='ocrx_word' id='word_1_1' title='bbox 375 171 436 201; x_wconf 73' lang='lat' dir='ltr'>nn</span> <span class='ocrx_word' id='word_1_2' title='bbox 472 150 737 202; x_wconf 68' lang='lat' dir='ltr'>vE&#39;RssoRUM</span> <span class='ocrx_word' id='word_1_3' title='bbox 772 171 1175 204; x_wconf 70' lang='lat' dir='ltr'>siGNichrioNss</span> <span class='ocrx_word' id='word_1_4' title='bbox 1212 176 1303 205; x_wconf 74' lang='lat' dir='ltr'>mn.</span> <span class='ocrx_word' id='word_1_5' title='bbox 1337 178 1365 207; x_wconf 85' lang='lat'>1.</span> 
     </span>
    </p>
   </div>
   <div class='ocr_carea' id='block_1_2' title="bbox 1538 169 1592 209">
    <p class='ocr_par' dir='ltr' id='par_1_2' title="bbox 1538 169 1592 209">
     <span class='ocr_line' id='line_1_2' title="bbox 1538 169 1592 209; baseline 0 0"><span class='ocrx_word' id='word_1_6' title='bbox 1538 169 1592 209; x_wconf 80' lang='lat'>77</span> 
     </span>
    </p>
   </div>
   <div class='ocr_carea' id='block_1_3' title="bbox 150 263 1595 794">
    <p class='ocr_par' dir='ltr' id='par_1_3' title="bbox 161 263 1560 320">
     <span class='ocr_line' id='line_1_3' title="bbox 161 263 1560 320; baseline 0.004 -15"><span class='ocrx_word' id='word_1_7' title='bbox 161 263 397 317; x_wconf 67' lang='lat' dir='ltr'>Anginamt</span> <span class='ocrx_word' id='word_1_8' title='bbox 417 266 628 307; x_wconf 83' lang='lat' dir='ltr'>vinariam</span> <span class='ocrx_word' id='word_1_9' title='bbox 649 267 808 307; x_wconf 86' lang='lat' dir='ltr'>habere</span> <span class='ocrx_word' id='word_1_10' title='bbox 830 266 1043 315; x_wconf 77' lang='lat' dir='ltr'>dicuntur,</span> <span class='ocrx_word' id='word_1_11' title='bbox 1065 267 1139 320; x_wconf 89' lang='lat' dir='ltr'>qui</span> <span class='ocrx_word' id='word_1_12' title='bbox 1162 267 1262 308; x_wconf 90' lang='lat' dir='ltr'>vino</span> <span class='ocrx_word' id='word_1_13' title='bbox 1280 268 1560 311; x_wconf 82' lang='lat' dir='ltr'>suffocantur.</span> 
     </span>
    </p>

    <p class='ocr_par' dir='ltr' id='par_1_4' title="bbox 155 330 1594 455">
     <span class='ocr_line' id='line_1_4' title="bbox 155 330 1594 389; baseline 0.005 -18"><span class='ocrx_word' id='word_1_14' title='bbox 155 330 471 384; x_wconf 73' lang='lat' dir='ltr'>Angiportus‚¹¹</span> <span class='ocrx_word' id='word_1_15' title='bbox 499 334 575 375; x_wconf 90' lang='lat' dir='ltr'>iter</span> <span class='ocrx_word' id='word_1_16' title='bbox 606 333 976 386; x_wconf 82' lang='lat' dir='ltr'>compendiarium</span> <span class='ocrx_word' id='word_1_17' title='bbox 1008 335 1052 375; x_wconf 92' lang='lat' dir='ltr'>in</span> <span class='ocrx_word' id='word_1_18' title='bbox 1084 335 1280 387; x_wconf 89' lang='lat' dir='ltr'>oppido:</span> <span class='ocrx_word' id='word_1_19' title='bbox 1313 349 1367 376; x_wconf 91' lang='lat' dir='ltr'>eo</span> <span class='ocrx_word' id='word_1_20' title='bbox 1398 337 1513 389; x_wconf 91' lang='lat' dir='ltr'>quod</span> <span class='ocrx_word' id='word_1_21' title='bbox 1537 338 1594 378; x_wconf 84' lang='lat' dir='ltr'>sit</span> 
     </span>
     <span class='ocr_line' id='line_1_5' title="bbox 209 400 1207 455; baseline 0.004 -17"><span class='ocrx_word' id='word_1_22' title='bbox 209 402 416 450; x_wconf 81' lang='lat' dir='ltr'>angustus</span> <span class='ocrx_word' id='word_1_23' title='bbox 439 405 604 452; x_wconf 77' lang='lat' dir='ltr'>portus,</span> <span class='ocrx_word' id='word_1_24' title='bbox 624 400 667 440; x_wconf 91' lang='lat' dir='ltr'>id</span> <span class='ocrx_word' id='word_1_25' title='bbox 689 403 768 448; x_wconf 83' lang='lat' dir='ltr'>est,</span> <span class='ocrx_word' id='word_1_26' title='bbox 787 400 931 441; x_wconf 84' lang='lat' dir='ltr'>aditus</span> <span class='ocrx_word' id='word_1_27' title='bbox 952 401 995 441; x_wconf 90' lang='lat' dir='ltr'>in</span> <span class='ocrx_word' id='word_1_28' title='bbox 1019 405 1207 455; x_wconf 87' lang='lat' dir='ltr'>portum.</span> 
     </span>
    </p>

    <p class='ocr_par' dir='ltr' id='par_1_5' title="bbox 153 463 1595 725">
     <span class='ocr_line' id='line_1_6' title="bbox 153 463 1595 522; baseline 0.006 -19"><span class='ocrx_word' id='word_1_29' title='bbox 153 463 333 517; x_wconf 81' lang='lat' dir='ltr'>AngorX</span> <span class='ocrx_word' id='word_1_30' title='bbox 362 471 430 508; x_wconf 83' lang='lat' dir='ltr'>est</span> <span class='ocrx_word' id='word_1_31' title='bbox 462 467 593 508; x_wconf 84' lang='lat' dir='ltr'>animi</span> <span class='ocrx_word' id='word_1_32' title='bbox 616 467 683 507; x_wconf 90' lang='lat' dir='ltr'>vel</span> <span class='ocrx_word' id='word_1_33' title='bbox 707 469 902 521; x_wconf 88' lang='lat' dir='ltr'>corporis</span> <span class='ocrx_word' id='word_1_34' title='bbox 923 469 1157 518; x_wconf 81' lang='lat' dir='ltr'>cruciatus,</span> <span class='ocrx_word' id='word_1_35' title='bbox 1188 470 1366 522; x_wconf 79' lang='lat' dir='ltr'><strong>proprie</strong></span> <span class='ocrx_word' id='word_1_36' title='bbox 1387 483 1413 510; x_wconf 84' lang='lat' dir='ltr'>a</span> <span class='ocrx_word' id='word_1_37' title='bbox 1436 470 1595 512; x_wconf 82' lang='lat' dir='ltr'>Graeco</span> 
     </span>
     <span class='ocr_line' id='line_1_7' title="bbox 209 531 1594 588; baseline 0.006 -18"><span class='ocrx_word' id='word_1_38' title='bbox 209 531 401 588; x_wconf 77' lang='grc' dir='ltr'><em>συνάγχη,</em></span> <span class='ocrx_word' id='word_1_39' title='bbox 423 535 466 575; x_wconf 90' lang='lat' dir='ltr'>id</span> <span class='ocrx_word' id='word_1_40' title='bbox 490 541 571 585; x_wconf 88' lang='lat' dir='ltr'>est,</span> <span class='ocrx_word' id='word_1_41' title='bbox 593 535 956 587; x_wconf 81' lang='lat' dir='ltr'><strong>strangulatione,</strong></span> <span class='ocrx_word' id='word_1_42' title='bbox 985 536 1153 578; x_wconf 88' lang='lat' dir='ltr'>dictus:</span> <span class='ocrx_word' id='word_1_43' title='bbox 1185 537 1299 577; x_wconf 85' lang='lat' dir='ltr'>unde</span> <span class='ocrx_word' id='word_1_44' title='bbox 1329 540 1371 577; x_wconf 85' lang='lat' dir='ltr'>et</span> <span class='ocrx_word' id='word_1_45' title='bbox 1402 538 1594 578; x_wconf 84' lang='lat' dir='ltr'>saucium</span> 
     </span>
     <span class='ocr_line' id='line_1_8' title="bbox 209 599 1591 656; baseline 0.004 -17"><span class='ocrx_word' id='word_1_46' title='bbox 209 599 333 641; x_wconf 89' lang='lat' dir='ltr'>dolor</span> <span class='ocrx_word' id='word_1_47' title='bbox 362 603 515 654; x_wconf 80' lang='lat' dir='ltr'>angina</span> <span class='ocrx_word' id='word_1_48' title='bbox 543 607 734 643; x_wconf 83' lang='lat' dir='ltr'>vocatur.</span> <span class='ocrx_word' id='word_1_49' title='bbox 781 601 1000 645; x_wconf 80' lang='lat' dir='ltr'>Plautus:</span> <span class='ocrx_word' id='word_1_50' title='bbox 1034 604 1186 644; x_wconf 90' lang='lat' dir='ltr'>vellem</span> <span class='ocrx_word' id='word_1_51' title='bbox 1213 616 1282 644; x_wconf 90' lang='lat' dir='ltr'>me</span> <span class='ocrx_word' id='word_1_52' title='bbox 1313 604 1358 643; x_wconf 91' lang='lat' dir='ltr'>in</span> <span class='ocrx_word' id='word_1_53' title='bbox 1387 605 1591 656; x_wconf 80' lang='lat' dir='ltr'>anginam</span> 
     </span>
     <span class='ocr_line' id='line_1_9' title="bbox 207 668 1340 725; baseline 0.004 -20"><span class='ocrx_word' id='word_1_54' title='bbox 207 668 329 715; x_wconf 84' lang='lat' dir='ltr'>verti,</span> <span class='ocrx_word' id='word_1_55' title='bbox 352 681 438 721; x_wconf 85' lang='lat' dir='ltr'>quo</span> <span class='ocrx_word' id='word_1_56' title='bbox 459 668 559 709; x_wconf 88' lang='lat' dir='ltr'>huic</span> <span class='ocrx_word' id='word_1_57' title='bbox 582 668 770 709; x_wconf 82' lang='lat' dir='ltr'>aniculae</span> <span class='ocrx_word' id='word_1_58' title='bbox 791 669 945 711; x_wconf 83' lang='lat' dir='ltr'>fauces</span> <span class='ocrx_word' id='word_1_59' title='bbox 966 684 1340 725; x_wconf 84' lang='lat' dir='ltr'>praeoccuparem.</span> 
     </span>
    </p>

    <p class='ocr_par' dir='ltr' id='par_1_6' title="bbox 150 731 1591 794">
     <span class='ocr_line' id='line_1_10' title="bbox 150 731 1591 794; baseline 0.006 -23"><span class='ocrx_word' id='word_1_60' title='bbox 150 731 385 785; x_wconf 77' lang='lat' dir='ltr'>AngulUS,y</span> <span class='ocrx_word' id='word_1_61' title='bbox 411 748 438 776; x_wconf 88' lang='lat' dir='ltr'>a</span> <span class='ocrx_word' id='word_1_62' title='bbox 459 734 617 777; x_wconf 79' lang='lat' dir='ltr'>Graeco</span> <span class='ocrx_word' id='word_1_63' title='bbox 639 734 834 790; x_wconf 70' lang='grc' dir='ltr'>ἀγκύλον;</span> <span class='ocrx_word' id='word_1_64' title='bbox 866 738 959 779; x_wconf 87' lang='lat' dir='ltr'>sive</span> <span class='ocrx_word' id='word_1_65' title='bbox 986 739 1041 779; x_wconf 88' lang='lat' dir='ltr'>ab</span> <span class='ocrx_word' id='word_1_66' title='bbox 1071 751 1139 789; x_wconf 91' lang='lat' dir='ltr'>eo,</span> <span class='ocrx_word' id='word_1_67' title='bbox 1167 739 1282 792; x_wconf 91' lang='lat' dir='ltr'>quod</span> <span class='ocrx_word' id='word_1_68' title='bbox 1305 741 1373 779; x_wconf 81' lang='lat' dir='ltr'>est</span> <span class='ocrx_word' id='word_1_69' title='bbox 1397 738 1526 794; x_wconf 81' lang='grc' dir='ltr'><em>ἐγγὺς,</em></span> <span class='ocrx_word' id='word_1_70' title='bbox 1548 739 1591 779; x_wconf 90' lang='lat' dir='ltr'>id</span> 
     </span>
    </p>
   </div>
   <div class='ocr_carea' id='block_1_4' title="bbox 802 871 941 902">
    <p class='ocr_par' dir='ltr' id='par_1_7' title="bbox 802 871 941 902">
     <span class='ocr_line' id='line_1_11' title="bbox 802 871 941 902; baseline 0 0"><span class='ocrx_word' id='word_1_71' title='bbox 802 871 941 902; x_wconf 81' lang='lat' dir='ltr'>NOTAE</span> 
     </span>
    </p>
   </div>
   <div class='ocr_carea' id='block_1_5' title="bbox 140 952 843 2747">
    <p class='ocr_par' dir='ltr' id='par_1_8' title="bbox 146 952 843 1392">
     <span class='ocr_line' id='line_1_12' title="bbox 192 952 843 995; baseline 0.008 -14"><span class='ocrx_word' id='word_1_72' title='bbox 192 952 384 993; x_wconf 80' lang='lat' dir='ltr'>Angeronoe]</span> <span class='ocrx_word' id='word_1_73' title='bbox 400 954 452 985; x_wconf 81' lang='lat' dir='ltr'>Ab</span> <span class='ocrx_word' id='word_1_74' title='bbox 468 955 602 994; x_wconf 80' lang='lat' dir='ltr'>angina,</span> <span class='ocrx_word' id='word_1_75' title='bbox 619 955 645 985; x_wconf 89' lang='lat' dir='ltr'>si</span> <span class='ocrx_word' id='word_1_76' title='bbox 671 956 843 995; x_wconf 76' lang='lat' dir='ltr'>sequimur</span> 
     </span>
     <span class='ocr_line' id='line_1_13' title="bbox 150 1001 843 1044; baseline 0.009 -13"><span class='ocrx_word' id='word_1_77' title='bbox 150 1001 295 1032; x_wconf 81' lang='lat' dir='ltr'><strong>Festum.</strong></span> <span class='ocrx_word' id='word_1_78' title='bbox 340 1004 403 1034; x_wconf 85' lang='lat' dir='ltr'>Sed</span> <span class='ocrx_word' id='word_1_79' title='bbox 423 1005 533 1044; x_wconf 81' lang='lat' dir='ltr'>potius</span> <span class='ocrx_word' id='word_1_80' title='bbox 548 1005 590 1036; x_wconf 82' lang='lat' dir='ltr'>ab</span> <span class='ocrx_word' id='word_1_81' title='bbox 606 1006 760 1043; x_wconf 62' lang='lat' dir='ltr'>augendo</span> <span class='ocrx_word' id='word_1_82' title='bbox 775 1016 843 1044; x_wconf 87' lang='lat' dir='ltr'>ore,</span> 
     </span>
     <span class='ocr_line' id='line_1_14' title="bbox 147 1053 842 1095; baseline 0.007 -15"><span class='ocrx_word' id='word_1_83' title='bbox 147 1057 199 1081; x_wconf 80' lang='lat' dir='ltr'>est</span> <span class='ocrx_word' id='word_1_84' title='bbox 214 1053 301 1082; x_wconf 83' lang='lat' dir='ltr'>enini</span> <span class='ocrx_word' id='word_1_85' title='bbox 320 1053 391 1084; x_wconf 90' lang='lat' dir='ltr'>Dea</span> <span class='ocrx_word' id='word_1_86' title='bbox 417 1055 552 1085; x_wconf 86' lang='lat' dir='ltr'>silentii.</span> <span class='ocrx_word' id='word_1_87' title='bbox 597 1055 702 1086; x_wconf 88' lang='lat' dir='ltr'>Solin.</span> <span class='ocrx_word' id='word_1_88' title='bbox 720 1065 794 1095; x_wconf 85' lang='lat' dir='ltr'>cap.</span> <span class='ocrx_word' id='word_1_89' title='bbox 813 1059 842 1086; x_wconf 93' lang='lat' dir='ltr'>l.</span> 
     </span>
     <span class='ocr_line' id='line_1_15' title="bbox 148 1101 841 1145; baseline 0.01 -15"><span class='ocrx_word' id='word_1_90' title='bbox 148 1101 156 1116; x_wconf 92' lang='lat'>‘</span> <span class='ocrx_word' id='word_1_91' title='bbox 175 1101 270 1132; x_wconf 84' lang='lat' dir='ltr'>Inter</span> <span class='ocrx_word' id='word_1_92' title='bbox 289 1104 539 1143; x_wconf 78' lang='lat' dir='ltr'>antiquissimas</span> <span class='ocrx_word' id='word_1_93' title='bbox 564 1115 644 1136; x_wconf 86' lang='lat' dir='ltr'>sane</span> <span class='ocrx_word' id='word_1_94' title='bbox 662 1106 841 1145; x_wconf 75' lang='lat' dir='ltr'>religiones</span> 
     </span>
     <span class='ocr_line' id='line_1_16' title="bbox 147 1151 842 1192; baseline 0.007 -12"><span class='ocrx_word' id='word_1_95' title='bbox 147 1151 306 1182; x_wconf 85' lang='lat' dir='ltr'>sacellum</span> <span class='ocrx_word' id='word_1_96' title='bbox 320 1154 443 1184; x_wconf 83' lang='lat' dir='ltr'>colitur</span> <span class='ocrx_word' id='word_1_97' title='bbox 458 1154 661 1192; x_wconf 82' lang='lat' dir='ltr'>Angeronae,</span> <span class='ocrx_word' id='word_1_98' title='bbox 675 1155 726 1185; x_wconf 89' lang='lat' dir='ltr'>cui</span> <span class='ocrx_word' id='word_1_99' title='bbox 741 1156 842 1185; x_wconf 82' lang='lat' dir='ltr'>sacri-</span> 
     </span>
     <span class='ocr_line' id='line_1_17' title="bbox 146 1199 841 1235; baseline 0.007 -5"><span class='ocrx_word' id='word_1_100' title='bbox 146 1199 268 1231; x_wconf 87' lang='lat' dir='ltr'>ficatur</span> <span class='ocrx_word' id='word_1_101' title='bbox 294 1208 372 1233; x_wconf 89' lang='lat' dir='ltr'>ante</span> <span class='ocrx_word' id='word_1_102' title='bbox 399 1203 486 1234; x_wconf 85' lang='lat' dir='ltr'>diem</span> <span class='ocrx_word' id='word_1_103' title='bbox 514 1204 746 1235; x_wconf 88' lang='lat' dir='ltr'>duodecimum</span> <span class='ocrx_word' id='word_1_104' title='bbox 773 1206 841 1235; x_wconf 87' lang='lat' dir='ltr'>Ka-</span> 
     </span>
     <span class='ocr_line' id='line_1_18' title="bbox 146 1251 842 1294; baseline 0.009 -14"><span class='ocrx_word' id='word_1_105' title='bbox 146 1251 320 1283; x_wconf 80' lang='lat' dir='ltr'>lendarum</span> <span class='ocrx_word' id='word_1_106' title='bbox 358 1253 615 1286; x_wconf 80' lang='lat' dir='ltr'>Januariarum:</span> <span class='ocrx_word' id='word_1_107' title='bbox 651 1264 724 1294; x_wconf 84' lang='lat' dir='ltr'>quae</span> <span class='ocrx_word' id='word_1_108' title='bbox 764 1256 842 1286; x_wconf 87' lang='lat' dir='ltr'>Dea</span> 
     </span>
     <span class='ocr_line' id='line_1_19' title="bbox 146 1303 841 1346; baseline 0.007 -15"><span class='ocrx_word' id='word_1_109' title='bbox 146 1303 273 1340; x_wconf 78' lang='lat' dir='ltr'>praesul</span> <span class='ocrx_word' id='word_1_110' title='bbox 288 1303 413 1334; x_wconf 81' lang='lat' dir='ltr'>silentii</span> <span class='ocrx_word' id='word_1_111' title='bbox 437 1304 531 1335; x_wconf 84' lang='lat' dir='ltr'>istius</span> <span class='ocrx_word' id='word_1_112' title='bbox 555 1314 714 1345; x_wconf 84' lang='lat' dir='ltr'>praenexo</span> <span class='ocrx_word' id='word_1_113' title='bbox 731 1306 841 1346; x_wconf 81' lang='lat' dir='ltr'>obsig-</span> 
     </span>
     <span class='ocr_line' id='line_1_20' title="bbox 146 1354 842 1392; baseline 0.007 -11"><span class='ocrx_word' id='word_1_114' title='bbox 146 1356 291 1392; x_wconf 82' lang='lat' dir='ltr'>natoque</span> <span class='ocrx_word' id='word_1_115' title='bbox 309 1363 365 1384; x_wconf 90' lang='lat' dir='ltr'>ore</span> <span class='ocrx_word' id='word_1_116' title='bbox 380 1354 591 1385; x_wconf 83' lang='lat' dir='ltr'>simulacrum</span> <span class='ocrx_word' id='word_1_117' title='bbox 610 1355 736 1385; x_wconf 85' lang='lat' dir='ltr'>habet.&#39;</span> <span class='ocrx_word' id='word_1_118' title='bbox 759 1356 842 1386; x_wconf 79' lang='lat' dir='ltr'>Duc.</span> 
     </span>
    </p>

    <p class='ocr_par' dir='ltr' id='par_1_9' title="bbox 143 1404 842 1882">
     <span class='ocr_line' id='line_1_21' title="bbox 186 1404 841 1447; baseline 0.005 -13"><span class='ocrx_word' id='word_1_119' title='bbox 186 1404 195 1422; x_wconf 75' lang='lat'>¹</span> <span class='ocrx_word' id='word_1_120' title='bbox 212 1404 388 1445; x_wconf 72' lang='lat' dir='ltr'>Auginum]</span> <span class='ocrx_word' id='word_1_121' title='bbox 413 1406 573 1447; x_wconf 83' lang='lat' dir='ltr'>Quisquis</span> <span class='ocrx_word' id='word_1_122' title='bbox 586 1406 673 1437; x_wconf 85' lang='lat' dir='ltr'>dixit</span> <span class='ocrx_word' id='word_1_123' title='bbox 686 1407 841 1445; x_wconf 72' lang='lat' dir='ltr'>anginam</span> 
     </span>
     <span class='ocr_line' id='line_1_22' title="bbox 145 1452 842 1496; baseline 0.007 -14"><span class='ocrx_word' id='word_1_124' title='bbox 145 1452 307 1485; x_wconf 82' lang='lat' dir='ltr'>vinariam</span> <span class='ocrx_word' id='word_1_125' title='bbox 329 1456 397 1495; x_wconf 81' lang='lat' dir='ltr'>pati</span> <span class='ocrx_word' id='word_1_126' title='bbox 422 1466 510 1495; x_wconf 87' lang='lat' dir='ltr'>eum,</span> <span class='ocrx_word' id='word_1_127' title='bbox 525 1456 581 1496; x_wconf 88' lang='lat' dir='ltr'>qui</span> <span class='ocrx_word' id='word_1_128' title='bbox 598 1456 675 1487; x_wconf 89' lang='lat' dir='ltr'>vino</span> <span class='ocrx_word' id='word_1_129' title='bbox 699 1455 842 1488; x_wconf 83' lang='lat' dir='ltr'>suffoca-</span> 
     </span>
     <span class='ocr_line' id='line_1_23' title="bbox 145 1507 840 1546; baseline 0.004 -11"><span class='ocrx_word' id='word_1_130' title='bbox 145 1508 248 1541; x_wconf 77' lang='lat' dir='ltr'>retur,</span> <span class='ocrx_word' id='word_1_131' title='bbox 271 1510 407 1536; x_wconf 82' lang='lat' dir='ltr'>secutus</span> <span class='ocrx_word' id='word_1_132' title='bbox 431 1512 485 1537; x_wconf 85' lang='lat' dir='ltr'>est</span> <span class='ocrx_word' id='word_1_133' title='bbox 511 1516 599 1543; x_wconf 89' lang='lat' dir='ltr'>eum,</span> <span class='ocrx_word' id='word_1_134' title='bbox 617 1507 673 1546; x_wconf 84' lang='lat' dir='ltr'>qui</span> <span class='ocrx_word' id='word_1_135' title='bbox 698 1508 840 1538; x_wconf 49' lang='lat' dir='ltr'>Demos*</span> 
     </span>
     <span class='ocr_line' id='line_1_24' title="bbox 143 1552 838 1596; baseline 0.01 -15"><span class='ocrx_word' id='word_1_136' title='bbox 143 1552 277 1584; x_wconf 87' lang='lat' dir='ltr'>thenem</span> <span class='ocrx_word' id='word_1_137' title='bbox 316 1555 405 1586; x_wconf 77' lang='lat' dir='ltr'>dixit</span> <span class='ocrx_word' id='word_1_138' title='bbox 434 1554 636 1596; x_wconf 73' lang='grc' dir='ltr'>ἀργυράγχην</span> <span class='ocrx_word' id='word_1_139' title='bbox 672 1555 764 1596; x_wconf 78' lang='grc' dir='ltr'>ἔχειν.</span> <span class='ocrx_word' id='word_1_140' title='bbox 804 1558 838 1588; x_wconf 89' lang='lat' dir='ltr'>in</span> 
     </span>
     <span class='ocr_line' id='line_1_25' title="bbox 145 1602 841 1647; baseline 0.009 -15"><span class='ocrx_word' id='word_1_141' title='bbox 145 1602 335 1635; x_wconf 80' lang='lat' dir='ltr'>Glossario:</span> <span class='ocrx_word' id='word_1_142' title='bbox 360 1606 368 1621; x_wconf 89' lang='lat'>‘</span> <span class='ocrx_word' id='word_1_143' title='bbox 389 1605 556 1646; x_wconf 85' lang='lat' dir='ltr'>Anguina,</span> <span class='ocrx_word' id='word_1_144' title='bbox 574 1606 702 1647; x_wconf 77' lang='grc' dir='ltr'><em>ἄγκυρα,</em></span> <span class='ocrx_word' id='word_1_145' title='bbox 728 1607 841 1647; x_wconf 74' lang='grc' dir='ltr'>συνάγ-</span> 
     </span>
     <span class='ocr_line' id='line_1_26' title="bbox 143 1653 842 1697; baseline 0.009 -15"><span class='ocrx_word' id='word_1_146' title='bbox 143 1663 201 1689; x_wconf 89' lang='grc' dir='ltr'>χη,</span> <span class='ocrx_word' id='word_1_147' title='bbox 231 1653 414 1694; x_wconf 71' lang='grc' dir='ltr'>κύναγχος.’</span> <span class='ocrx_word' id='word_1_148' title='bbox 458 1657 557 1688; x_wconf 81' lang='lat' dir='ltr'>Quod</span> <span class='ocrx_word' id='word_1_149' title='bbox 593 1657 842 1697; x_wconf 85' lang='lat' dir='ltr'>interpretatur</span> 
     </span>
     <span class='ocr_line' id='line_1_27' title="bbox 144 1702 841 1746; baseline 0.007 -14"><span class='ocrx_word' id='word_1_150' title='bbox 144 1703 153 1718; x_wconf 90' lang='lat'>‘</span> <span class='ocrx_word' id='word_1_151' title='bbox 170 1702 374 1743; x_wconf 83' lang='lat' dir='ltr'>Anguinam,</span> <span class='ocrx_word' id='word_1_152' title='bbox 384 1704 540 1746; x_wconf 77' lang='grc' dir='ltr'><em>ἅγκυραν,’</em></span> <span class='ocrx_word' id='word_1_153' title='bbox 550 1706 766 1737; x_wconf 77' lang='lat' dir='ltr'>confirmatur</span> <span class='ocrx_word' id='word_1_154' title='bbox 777 1711 841 1738; x_wconf 86' lang='lat' dir='ltr'>tes-</span> 
     </span>
     <span class='ocr_line' id='line_1_28' title="bbox 143 1753 840 1796; baseline 0.007 -15"><span class='ocrx_word' id='word_1_155' title='bbox 143 1753 280 1783; x_wconf 87' lang='lat' dir='ltr'>timonio</span> <span class='ocrx_word' id='word_1_156' title='bbox 298 1755 439 1785; x_wconf 83' lang='lat' dir='ltr'>Cinnae:</span> <span class='ocrx_word' id='word_1_157' title='bbox 465 1758 473 1772; x_wconf 92' lang='lat'>‘</span> <span class='ocrx_word' id='word_1_158' title='bbox 491 1755 603 1796; x_wconf 86' lang='lat' dir='ltr'><strong>Atque</strong></span> <span class='ocrx_word' id='word_1_159' title='bbox 620 1756 766 1795; x_wconf 84' lang='lat' dir='ltr'>anguina</span> <span class='ocrx_word' id='word_1_160' title='bbox 789 1766 840 1786; x_wconf 92' lang='lat' dir='ltr'>re-</span> 
     </span>
     <span class='ocr_line' id='line_1_29' title="bbox 144 1802 840 1840; baseline 0.007 -8"><span class='ocrx_word' id='word_1_161' title='bbox 144 1802 193 1840; x_wconf 85' lang='lat' dir='ltr'>git</span> <span class='ocrx_word' id='word_1_162' title='bbox 216 1803 372 1834; x_wconf 82' lang='lat' dir='ltr'>stabilem</span> <span class='ocrx_word' id='word_1_163' title='bbox 388 1804 573 1835; x_wconf 80' lang='lat' dir='ltr'>fortissima</span> <span class='ocrx_word' id='word_1_164' title='bbox 595 1806 754 1837; x_wconf 58' lang='lat' dir='ltr'>cursum!</span> <span class='ocrx_word' id='word_1_165' title='bbox 770 1807 840 1838; x_wconf 75' lang='lat' dir='ltr'><strong><em>JOS.</em></strong></span> 
     </span>
     <span class='ocr_line' id='line_1_30' title="bbox 143 1852 228 1882; baseline 0.012 -1"><span class='ocrx_word' id='word_1_166' title='bbox 143 1852 228 1882; x_wconf 76' lang='lat' dir='ltr'>SCssl·</span> 
     </span>
    </p>

    <p class='ocr_par' dir='ltr' id='par_1_10' title="bbox 140 1902 841 2185">
     <span class='ocr_line' id='line_1_31' title="bbox 185 1902 838 1946; baseline 0.009 -14"><span class='ocrx_word' id='word_1_167' title='bbox 185 1902 344 1941; x_wconf 74' lang='lat' dir='ltr'>Angz‘nam</span> <span class='ocrx_word' id='word_1_168' title='bbox 368 1903 536 1944; x_wconf 61' lang='lat' dir='ltr'>vinariam]</span> <span class='ocrx_word' id='word_1_169' title='bbox 561 1905 617 1936; x_wconf 87' lang='lat' dir='ltr'>Sic</span> <span class='ocrx_word' id='word_1_170' title='bbox 639 1905 750 1946; x_wconf 87' lang='lat' dir='ltr'>lepide</span> <span class='ocrx_word' id='word_1_171' title='bbox 768 1908 838 1938; x_wconf 92' lang='lat' dir='ltr'>De-</span> 
     </span>
     <span class='ocr_line' id='line_1_32' title="bbox 143 1952 839 1988; baseline 0.009 -7"><span class='ocrx_word' id='word_1_172' title='bbox 143 1952 257 1982; x_wconf 72' lang='lat' dir='ltr'>mades</span> <span class='ocrx_word' id='word_1_173' title='bbox 293 1953 378 1984; x_wconf 51' lang='lat' dir='ltr'>(linit</span> <span class='ocrx_word' id='word_1_174' title='bbox 412 1955 674 1985; x_wconf 78' lang='lat' dir='ltr'>Demosthenem</span> <span class='ocrx_word' id='word_1_175' title='bbox 713 1956 839 1988; x_wconf 88' lang='lat' dir='ltr'>habere</span> 
     </span>
     <span class='ocr_line' id='line_1_33' title="bbox 140 2002 841 2047; baseline 0.009 -16"><span class='ocrx_word' id='word_1_176' title='bbox 140 2003 149 2018; x_wconf 80' lang='lat'><em>⁴</em></span> <span class='ocrx_word' id='word_1_177' title='bbox 168 2002 321 2042; x_wconf 82' lang='lat' dir='ltr'>anginam</span> <span class='ocrx_word' id='word_1_178' title='bbox 369 2009 577 2045; x_wconf 65' lang='lat' dir='ltr'>argenteam,</span> <span class='ocrx_word' id='word_1_179' title='bbox 614 2006 841 2047; x_wconf 74' lang='grc' dir='ltr'>ἀργυράγχην,’</span> 
     </span>
     <span class='ocr_line' id='line_1_34' title="bbox 142 2051 838 2093; baseline 0.01 -12"><span class='ocrx_word' id='word_1_180' title='bbox 142 2051 231 2091; x_wconf 88' lang='lat' dir='ltr'>quod</span> <span class='ocrx_word' id='word_1_181' title='bbox 248 2057 387 2090; x_wconf 81' lang='lat' dir='ltr'>argemo</span> <span class='ocrx_word' id='word_1_182' title='bbox 412 2059 593 2093; x_wconf 87' lang='lat' dir='ltr'>corruptus</span> <span class='ocrx_word' id='word_1_183' title='bbox 614 2056 693 2085; x_wconf 91' lang='lat' dir='ltr'>nihil</span> <span class='ocrx_word' id='word_1_184' title='bbox 711 2056 838 2088; x_wconf 83' lang='lat' dir='ltr'>dixerit</span> 
     </span>
     <span class='ocr_line' id='line_1_35' title="bbox 141 2103 837 2147; baseline 0.011 -16"><span class='ocrx_word' id='word_1_185' title='bbox 141 2106 259 2133; x_wconf 79' lang='lat' dir='ltr'>contra</span> <span class='ocrx_word' id='word_1_186' title='bbox 275 2103 437 2140; x_wconf 80' lang='lat' dir='ltr'>Milesios,</span> <span class='ocrx_word' id='word_1_187' title='bbox 463 2104 522 2135; x_wconf 83' lang='lat' dir='ltr'>sed</span> <span class='ocrx_word' id='word_1_188' title='bbox 539 2114 573 2136; x_wconf 91' lang='lat' dir='ltr'>se</span> <span class='ocrx_word' id='word_1_189' title='bbox 585 2106 707 2146; x_wconf 84' lang='lat' dir='ltr'>angina</span> <span class='ocrx_word' id='word_1_190' title='bbox 731 2108 837 2147; x_wconf 84' lang='lat' dir='ltr'>premi</span> 
     </span>
     <span class='ocr_line' id='line_1_36' title="bbox 142 2153 429 2185; baseline 0.01 -3"><span class='ocrx_word' id='word_1_191' title='bbox 142 2153 319 2183; x_wconf 82' lang='lat' dir='ltr'>simularit.</span> <span class='ocrx_word' id='word_1_192' title='bbox 347 2154 429 2185; x_wconf 83' lang='lat' dir='ltr'>Dae.</span> 
     </span>
    </p>

    <p class='ocr_par' dir='ltr' id='par_1_11' title="bbox 141 2204 837 2747">
     <span class='ocr_line' id='line_1_37' title="bbox 184 2204 836 2248; baseline 0.011 -14"><span class='ocrx_word' id='word_1_193' title='bbox 184 2209 196 2224; x_wconf 70' lang='grc' dir='ltr'>υ</span> <span class='ocrx_word' id='word_1_194' title='bbox 219 2204 430 2247; x_wconf 75' lang='lat' dir='ltr'>Angiportus]</span> <span class='ocrx_word' id='word_1_195' title='bbox 456 2206 630 2247; x_wconf 83' lang='lat' dir='ltr'>Angustus</span> <span class='ocrx_word' id='word_1_196' title='bbox 655 2213 786 2248; x_wconf 80' lang='lat' dir='ltr'>portus,</span> <span class='ocrx_word' id='word_1_197' title='bbox 803 2210 836 2242; x_wconf 89' lang='lat' dir='ltr'>id</span> 
     </span>
     <span class='ocr_line' id='line_1_38' title="bbox 143 2255 837 2296; baseline 0.01 -12"><span class='ocrx_word' id='word_1_198' title='bbox 143 2260 201 2294; x_wconf 78' lang='lat' dir='ltr'>est,</span> <span class='ocrx_word' id='word_1_199' title='bbox 222 2255 331 2285; x_wconf 74' lang='lat' dir='ltr'>aditus</span> <span class='ocrx_word' id='word_1_200' title='bbox 355 2256 390 2286; x_wconf 89' lang='lat' dir='ltr'>in</span> <span class='ocrx_word' id='word_1_201' title='bbox 415 2257 747 2296; x_wconf 80' lang='lat' dir='ltr'>pormm‚obscurius</span> <span class='ocrx_word' id='word_1_202' title='bbox 764 2260 837 2291; x_wconf 86' lang='lat' dir='ltr'>dic·</span> 
     </span>
     <span class='ocr_line' id='line_1_39' title="bbox 142 2306 836 2347; baseline 0.01 -13"><span class='ocrx_word' id='word_1_203' title='bbox 142 2310 210 2334; x_wconf 90' lang='lat' dir='ltr'>tum</span> <span class='ocrx_word' id='word_1_204' title='bbox 236 2311 306 2342; x_wconf 84' lang='lat' dir='ltr'>est;</span> <span class='ocrx_word' id='word_1_205' title='bbox 330 2306 392 2336; x_wconf 83' lang='lat' dir='ltr'>nisi</span> <span class='ocrx_word' id='word_1_206' title='bbox 421 2306 613 2346; x_wconf 79' lang='lat' dir='ltr'>addas‚hoc</span> <span class='ocrx_word' id='word_1_207' title='bbox 631 2313 695 2347; x_wconf 81' lang='lat' dir='ltr'>est,</span> <span class='ocrx_word' id='word_1_208' title='bbox 719 2309 752 2340; x_wconf 87' lang='lat' dir='ltr'>in</span> <span class='ocrx_word' id='word_1_209' title='bbox 779 2310 836 2341; x_wconf 91' lang='lat' dir='ltr'>do-</span> 
     </span>
     <span class='ocr_line' id='line_1_40' title="bbox 142 2355 836 2399; baseline 0.01 -16"><span class='ocrx_word' id='word_1_210' title='bbox 142 2363 243 2383; x_wconf 87' lang='lat' dir='ltr'>mum.</span> <span class='ocrx_word' id='word_1_211' title='bbox 287 2355 394 2385; x_wconf 82' lang='lat' dir='ltr'>Varro</span> <span class='ocrx_word' id='word_1_212' title='bbox 412 2355 496 2386; x_wconf 87' lang='lat' dir='ltr'>libro</span> <span class='ocrx_word' id='word_1_213' title='bbox 508 2362 639 2396; x_wconf 86' lang='lat' dir='ltr'>quarto,</span> <span class='ocrx_word' id='word_1_214' title='bbox 653 2358 694 2388; x_wconf 88' lang='lat' dir='ltr'>ab</span> <span class='ocrx_word' id='word_1_215' title='bbox 711 2368 836 2399; x_wconf 86' lang='lat' dir='ltr'>angen-</span> 
     </span>
     <span class='ocr_line' id='line_1_41' title="bbox 142 2404 835 2448; baseline 0.01 -15"><span class='ocrx_word' id='word_1_216' title='bbox 142 2404 184 2434; x_wconf 90' lang='lat' dir='ltr'>do</span> <span class='ocrx_word' id='word_1_217' title='bbox 208 2408 242 2434; x_wconf 85' lang='lat' dir='ltr'>et</span> <span class='ocrx_word' id='word_1_218' title='bbox 268 2410 390 2444; x_wconf 68' lang='lat' dir='ltr'>poi-1113</span> <span class='ocrx_word' id='word_1_219' title='bbox 416 2410 451 2435; x_wconf 88' lang='lat' dir='ltr'>et</span> <span class='ocrx_word' id='word_1_220' title='bbox 478 2407 608 2446; x_wconf 88' lang='lat' dir='ltr'>quinto,</span> <span class='ocrx_word' id='word_1_221' title='bbox 636 2408 713 2448; x_wconf 83' lang='lat' dir='ltr'>quia</span> <span class='ocrx_word' id='word_1_222' title='bbox 737 2408 771 2439; x_wconf 89' lang='lat' dir='ltr'>in</span> <span class='ocrx_word' id='word_1_223' title='bbox 796 2419 835 2440; x_wconf 88' lang='lat' dir='ltr'>eo</span> 
     </span>
     <span class='ocr_line' id='line_1_42' title="bbox 141 2454 834 2498; baseline 0.009 -14"><span class='ocrx_word' id='word_1_224' title='bbox 141 2454 222 2485; x_wconf 84' lang='lat' dir='ltr'>nihil</span> <span class='ocrx_word' id='word_1_225' title='bbox 247 2459 359 2494; x_wconf 86' lang='lat' dir='ltr'>potest</span> <span class='ocrx_word' id='word_1_226' title='bbox 392 2455 457 2493; x_wconf 74' lang='lat' dir='ltr'>agi.</span> <span class='ocrx_word' id='word_1_227' title='bbox 496 2456 637 2489; x_wconf 83' lang='lat' dir='ltr'>Festus:</span> <span class='ocrx_word' id='word_1_228' title='bbox 673 2459 834 2498; x_wconf 86' lang='lat' dir='ltr'>‘portum</span> 
     </span>
     <span class='ocr_line' id='line_1_43' title="bbox 142 2504 835 2546; baseline 0.009 -12"><span class='ocrx_word' id='word_1_229' title='bbox 142 2514 202 2544; x_wconf 89' lang='lat' dir='ltr'>pro</span> <span class='ocrx_word' id='word_1_230' title='bbox 227 2504 324 2535; x_wconf 85' lang='lat' dir='ltr'>domo</span> <span class='ocrx_word' id='word_1_231' title='bbox 342 2506 374 2535; x_wconf 84' lang='lat' dir='ltr'>in</span> <span class='ocrx_word' id='word_1_232' title='bbox 399 2505 574 2536; x_wconf 85' lang='lat' dir='ltr'>duodecim</span> <span class='ocrx_word' id='word_1_233' title='bbox 600 2508 746 2546; x_wconf 85' lang='lat' dir='ltr'>positum</span> <span class='ocrx_word' id='word_1_234' title='bbox 766 2520 835 2540; x_wconf 89' lang='lat' dir='ltr'>om-</span> 
     </span>
     <span class='ocr_line' id='line_1_44' title="bbox 141 2554 834 2596; baseline 0.007 -11"><span class='ocrx_word' id='word_1_235' title='bbox 141 2564 199 2585; x_wconf 85' lang='lat' dir='ltr'>nes</span> <span class='ocrx_word' id='word_1_236' title='bbox 217 2554 450 2585; x_wconf 80' lang='lat' dir='ltr'>consentiunt’</span> <span class='ocrx_word' id='word_1_237' title='bbox 469 2560 502 2585; x_wconf 89' lang='lat' dir='ltr'>et</span> <span class='ocrx_word' id='word_1_238' title='bbox 518 2556 705 2596; x_wconf 84' lang='lat' dir='ltr'>Ulpianus:</span> <span class='ocrx_word' id='word_1_239' title='bbox 730 2563 739 2575; x_wconf 91' lang='lat'>‘</span> <span class='ocrx_word' id='word_1_240' title='bbox 752 2560 834 2590; x_wconf 89' lang='lat' dir='ltr'>Por-</span> 
     </span>
     <span class='ocr_line' id='line_1_45' title="bbox 141 2606 834 2649; baseline 0.007 -14"><span class='ocrx_word' id='word_1_241' title='bbox 141 2611 192 2635; x_wconf 85' lang='lat' dir='ltr'>tus</span> <span class='ocrx_word' id='word_1_242' title='bbox 218 2609 268 2635; x_wconf 86' lang='lat' dir='ltr'>est</span> <span class='ocrx_word' id='word_1_243' title='bbox 298 2606 474 2636; x_wconf 88' lang='lat' dir='ltr'>conclusus</span> <span class='ocrx_word' id='word_1_244' title='bbox 502 2608 594 2637; x_wconf 85' lang='lat' dir='ltr'>locus</span> <span class='ocrx_word' id='word_1_245' title='bbox 622 2617 686 2647; x_wconf 88' lang='lat' dir='ltr'>quo</span> <span class='ocrx_word' id='word_1_246' title='bbox 712 2609 834 2649; x_wconf 89' lang='lat' dir='ltr'>impor-</span> 
     </span>
     <span class='ocr_line' id='line_1_46' title="bbox 142 2656 834 2696; baseline 0.009 -11"><span class='ocrx_word' id='word_1_247' title='bbox 142 2660 271 2692; x_wconf 81' lang='lat' dir='ltr'>tantur,</span> <span class='ocrx_word' id='word_1_248' title='bbox 288 2661 322 2686; x_wconf 89' lang='lat' dir='ltr'>et</span> <span class='ocrx_word' id='word_1_249' title='bbox 339 2656 416 2686; x_wconf 89' lang='lat' dir='ltr'>inde</span> <span class='ocrx_word' id='word_1_250' title='bbox 433 2662 656 2696; x_wconf 72' lang='lat' dir='ltr'>exportantur</span> <span class='ocrx_word' id='word_1_251' title='bbox 681 2668 834 2692; x_wconf 84' lang='lat' dir='ltr'>merces:</span> 
     </span>
     <span class='ocr_line' id='line_1_47' title="bbox 142 2705 834 2747; baseline 0.01 -13"><span class='ocrx_word' id='word_1_252' title='bbox 142 2705 230 2736; x_wconf 84' lang='lat' dir='ltr'>unde</span> <span class='ocrx_word' id='word_1_253' title='bbox 246 2707 457 2747; x_wconf 85' lang='lat' dir='ltr'>angiportum</span> <span class='ocrx_word' id='word_1_254' title='bbox 472 2708 597 2739; x_wconf 86' lang='lat' dir='ltr'>dictum</span> <span class='ocrx_word' id='word_1_255' title='bbox 615 2709 690 2740; x_wconf 86' lang='lat' dir='ltr'>est.’</span> <span class='ocrx_word' id='word_1_256' title='bbox 725 2711 834 2741; x_wconf 83' lang='lat' dir='ltr'>Dona·</span> 
     </span>
    </p>
   </div>
   <div class='ocr_carea' id='block_1_6' title="bbox 888 956 1596 2751">
    <p class='ocr_par' dir='ltr' id='par_1_12' title="bbox 896 956 1596 1195">
     <span class='ocr_line' id='line_1_48' title="bbox 898 956 1594 998; baseline 0.004 -12"><span class='ocrx_word' id='word_1_257' title='bbox 898 960 952 987; x_wconf 91' lang='lat' dir='ltr'>tus</span> <span class='ocrx_word' id='word_1_258' title='bbox 970 956 1001 987; x_wconf 89' lang='lat' dir='ltr'>iu</span> <span class='ocrx_word' id='word_1_259' title='bbox 1020 956 1165 996; x_wconf 82' lang='lat' dir='ltr'>Adelph.</span> <span class='ocrx_word' id='word_1_260' title='bbox 1198 961 1206 974; x_wconf 87' lang='lat'><em>‘</em></span> <span class='ocrx_word' id='word_1_261' title='bbox 1222 957 1445 998; x_wconf 80' lang='lat' dir='ltr'>Angiportum</span> <span class='ocrx_word' id='word_1_262' title='bbox 1464 963 1517 989; x_wconf 83' lang='lat' dir='ltr'>est</span> <span class='ocrx_word' id='word_1_263' title='bbox 1538 969 1594 989; x_wconf 87' lang='lat' dir='ltr'>an-</span> 
     </span>
     <span class='ocr_line' id='line_1_49' title="bbox 898 1008 1595 1050; baseline 0.004 -13"><span class='ocrx_word' id='word_1_264' title='bbox 898 1012 996 1047; x_wconf 82' lang='lat' dir='ltr'>gusta</span> <span class='ocrx_word' id='word_1_265' title='bbox 1020 1013 1053 1037; x_wconf 88' lang='lat' dir='ltr'>et</span> <span class='ocrx_word' id='word_1_266' title='bbox 1077 1012 1174 1038; x_wconf 87' lang='lat' dir='ltr'>curta</span> <span class='ocrx_word' id='word_1_267' title='bbox 1202 1008 1266 1047; x_wconf 89' lang='lat' dir='ltr'>via,</span> <span class='ocrx_word' id='word_1_268' title='bbox 1294 1010 1385 1049; x_wconf 87' lang='lat' dir='ltr'>quasi</span> <span class='ocrx_word' id='word_1_269' title='bbox 1413 1011 1595 1050; x_wconf 81' lang='lat' dir='ltr'>anguipor-</span> 
     </span>
     <span class='ocr_line' id='line_1_50' title="bbox 897 1057 1595 1097; baseline 0.004 -10"><span class='ocrx_word' id='word_1_270' title='bbox 897 1062 950 1087; x_wconf 86' lang='lat' dir='ltr'>tus</span> <span class='ocrx_word' id='word_1_271' title='bbox 965 1057 986 1087; x_wconf 86' lang='lat'>:&#39;</span> <span class='ocrx_word' id='word_1_272' title='bbox 1011 1057 1079 1097; x_wconf 91' lang='lat' dir='ltr'>alii,</span> <span class='ocrx_word' id='word_1_273' title='bbox 1098 1057 1186 1097; x_wconf 85' lang='lat' dir='ltr'>quod</span> <span class='ocrx_word' id='word_1_274' title='bbox 1204 1058 1292 1088; x_wconf 84' lang='lat' dir='ltr'>inter</span> <span class='ocrx_word' id='word_1_275' title='bbox 1306 1063 1419 1097; x_wconf 87' lang='lat' dir='ltr'>portus</span> <span class='ocrx_word' id='word_1_276' title='bbox 1435 1060 1477 1089; x_wconf 81' lang='lat' dir='ltr'>sit</span> <span class='ocrx_word' id='word_1_277' title='bbox 1501 1060 1595 1091; x_wconf 78' lang='lat' dir='ltr'>locus</span> 
     </span>
     <span class='ocr_line' id='line_1_51' title="bbox 899 1108 1596 1148; baseline 0.006 -12"><span class='ocrx_word' id='word_1_278' title='bbox 899 1111 1070 1147; x_wconf 72' lang='lat' dir='ltr'>angustus,</span> <span class='ocrx_word' id='word_1_279' title='bbox 1094 1108 1156 1138; x_wconf 90' lang='lat' dir='ltr'>hoc</span> <span class='ocrx_word' id='word_1_280' title='bbox 1178 1113 1243 1148; x_wconf 85' lang='lat' dir='ltr'>est,</span> <span class='ocrx_word' id='word_1_281' title='bbox 1258 1109 1345 1138; x_wconf 87' lang='lat' dir='ltr'>inter</span> <span class='ocrx_word' id='word_1_282' title='bbox 1362 1109 1491 1140; x_wconf 52' lang='lat' dir='ltr'>domos</span> <span class='ocrx_word' id='word_1_283' title='bbox 1515 1110 1596 1140; x_wconf 67' lang='lat' dir='ltr'>Ant,</span> 
     </span>
     <span class='ocr_line' id='line_1_52' title="bbox 896 1156 983 1195; baseline 0.011 -9"><span class='ocrx_word' id='word_1_284' title='bbox 896 1156 983 1195; x_wconf 78' lang='lat' dir='ltr'>Aug.</span> 
     </span>
    </p>

    <p class='ocr_par' dir='ltr' id='par_1_13' title="bbox 896 1207 1596 1500">
     <span class='ocr_line' id='line_1_53' title="bbox 940 1207 1593 1249; baseline 0.003 -11"><span class='ocrx_word' id='word_1_285' title='bbox 940 1207 1149 1248; x_wconf 77' lang='lat' dir='ltr'>Angiportus]</span> <span class='ocrx_word' id='word_1_286' title='bbox 1160 1209 1223 1239; x_wconf 87' lang='lat' dir='ltr'>Via</span> <span class='ocrx_word' id='word_1_287' title='bbox 1238 1213 1394 1249; x_wconf 83' lang='lat' dir='ltr'>angusta,</span> <span class='ocrx_word' id='word_1_288' title='bbox 1410 1208 1452 1240; x_wconf 88' lang='lat' dir='ltr'>ab</span> <span class='ocrx_word' id='word_1_289' title='bbox 1467 1219 1593 1249; x_wconf 73' lang='lat' dir='ltr'>angen-</span> 
     </span>
     <span class='ocr_line' id='line_1_54' title="bbox 898 1257 1596 1297; baseline 0.003 -11"><span class='ocrx_word' id='word_1_290' title='bbox 898 1257 940 1287; x_wconf 87' lang='lat' dir='ltr'>do</span> <span class='ocrx_word' id='word_1_291' title='bbox 956 1262 990 1287; x_wconf 86' lang='lat' dir='ltr'>et</span> <span class='ocrx_word' id='word_1_292' title='bbox 1015 1263 1125 1297; x_wconf 82' lang='lat' dir='ltr'>portu,</span> <span class='ocrx_word' id='word_1_293' title='bbox 1142 1259 1252 1289; x_wconf 80' lang='lat' dir='ltr'>Varro</span> <span class='ocrx_word' id='word_1_294' title='bbox 1270 1259 1328 1290; x_wconf 90' lang='lat' dir='ltr'>lib.</span> <span class='ocrx_word' id='word_1_295' title='bbox 1343 1268 1392 1290; x_wconf 83' lang='lat' dir='ltr'>lv.</span> <span class='ocrx_word' id='word_1_296' title='bbox 1428 1259 1596 1297; x_wconf 72' lang='lat' dir='ltr'>Donatus⁷</span> 
     </span>
     <span class='ocr_line' id='line_1_55' title="bbox 897 1307 1594 1351; baseline 0.006 -14"><span class='ocrx_word' id='word_1_297' title='bbox 897 1307 939 1337; x_wconf 89' lang='lat' dir='ltr'>ab</span> <span class='ocrx_word' id='word_1_298' title='bbox 963 1318 1071 1348; x_wconf 84' lang='lat' dir='ltr'>angue</span> <span class='ocrx_word' id='word_1_299' title='bbox 1089 1314 1124 1339; x_wconf 89' lang='lat' dir='ltr'>et</span> <span class='ocrx_word' id='word_1_300' title='bbox 1141 1315 1252 1349; x_wconf 85' lang='lat' dir='ltr'>portu,</span> <span class='ocrx_word' id='word_1_301' title='bbox 1269 1310 1483 1350; x_wconf 80' lang='lat' dir='ltr'>angiportum</span> <span class='ocrx_word' id='word_1_302' title='bbox 1500 1312 1594 1351; x_wconf 86' lang='lat' dir='ltr'>qnasi</span> 
     </span>
     <span class='ocr_line' id='line_1_56' title="bbox 898 1358 1594 1398; baseline 0.006 -11"><span class='ocrx_word' id='word_1_303' title='bbox 898 1358 1148 1398; x_wconf 84' lang='lat' dir='ltr'>anguiportum‚</span> <span class='ocrx_word' id='word_1_304' title='bbox 1165 1359 1198 1389; x_wconf 95' lang='lat' dir='ltr'>id</span> <span class='ocrx_word' id='word_1_305' title='bbox 1217 1365 1279 1397; x_wconf 79' lang='lat' dir='ltr'>est,</span> <span class='ocrx_word' id='word_1_306' title='bbox 1298 1361 1381 1390; x_wconf 84' lang='lat' dir='ltr'>viam</span> <span class='ocrx_word' id='word_1_307' title='bbox 1407 1359 1594 1391; x_wconf 77' lang='lat' dir='ltr'>flexuosam</span> 
     </span>
     <span class='ocr_line' id='line_1_57' title="bbox 896 1407 1594 1449; baseline 0.007 -12"><span class='ocrx_word' id='word_1_308' title='bbox 896 1407 928 1437; x_wconf 89' lang='lat' dir='ltr'>in</span> <span class='ocrx_word' id='word_1_309' title='bbox 948 1409 1081 1440; x_wconf 86' lang='lat' dir='ltr'>modum</span> <span class='ocrx_word' id='word_1_310' title='bbox 1099 1410 1230 1449; x_wconf 83' lang='lat' dir='ltr'>anguis.</span> <span class='ocrx_word' id='word_1_311' title='bbox 1277 1411 1403 1442; x_wconf 82' lang='lat' dir='ltr'>Portus</span> <span class='ocrx_word' id='word_1_312' title='bbox 1420 1411 1509 1441; x_wconf 89' lang='lat' dir='ltr'>enim</span> <span class='ocrx_word' id='word_1_313' title='bbox 1526 1411 1594 1442; x_wconf 89' lang='lat' dir='ltr'>An-</span> 
     </span>
     <span class='ocr_line' id='line_1_58' title="bbox 896 1458 1451 1500; baseline 0.007 -13"><span class='ocrx_word' id='word_1_314' title='bbox 896 1458 996 1497; x_wconf 78' lang='lat' dir='ltr'>tiquis</span> <span class='ocrx_word' id='word_1_315' title='bbox 1011 1459 1097 1489; x_wconf 84' lang='lat' dir='ltr'>viam</span> <span class='ocrx_word' id='word_1_316' title='bbox 1115 1459 1342 1500; x_wconf 84' lang='lat' dir='ltr'>significabat.</span> <span class='ocrx_word' id='word_1_317' title='bbox 1368 1461 1451 1492; x_wconf 72' lang='lat' dir='ltr'>Dae.</span> 
     </span>
    </p>

    <p class='ocr_par' dir='ltr' id='par_1_14' title="bbox 893 1509 1594 1701">
     <span class='ocr_line' id='line_1_59' title="bbox 936 1509 1594 1551; baseline 0.003 -12"><span class='ocrx_word' id='word_1_318' title='bbox 936 1512 951 1527; x_wconf 88' lang='lat' dir='ltr'>x</span> <span class='ocrx_word' id='word_1_319' title='bbox 966 1509 1093 1550; x_wconf 72' lang='lat' dir='ltr'>Angor]</span> <span class='ocrx_word' id='word_1_320' title='bbox 1120 1510 1234 1541; x_wconf 89' lang='lat' dir='ltr'>Plaut.</span> <span class='ocrx_word' id='word_1_321' title='bbox 1250 1510 1284 1541; x_wconf 92' lang='lat' dir='ltr'>in</span> <span class='ocrx_word' id='word_1_322' title='bbox 1301 1511 1451 1542; x_wconf 88' lang='lat' dir='ltr'>Mostell.</span> <span class='ocrx_word' id='word_1_323' title='bbox 1479 1511 1594 1551; x_wconf 83' lang='lat' dir='ltr'>paucis</span> 
     </span>
     <span class='ocr_line' id='line_1_60' title="bbox 893 1559 1594 1601; baseline 0.004 -12"><span class='ocrx_word' id='word_1_324' title='bbox 893 1559 1090 1592; x_wconf 80' lang='lat' dir='ltr'>immutatis.</span> <span class='ocrx_word' id='word_1_325' title='bbox 1114 1560 1123 1577; x_wconf 91' lang='lat'>‘</span> <span class='ocrx_word' id='word_1_326' title='bbox 1139 1560 1180 1592; x_wconf 87' lang='lat' dir='ltr'>In</span> <span class='ocrx_word' id='word_1_327' title='bbox 1196 1560 1351 1601; x_wconf 83' lang='lat' dir='ltr'>anginam</span> <span class='ocrx_word' id='word_1_328' title='bbox 1365 1571 1426 1600; x_wconf 84' lang='lat' dir='ltr'>ego</span> <span class='ocrx_word' id='word_1_329' title='bbox 1440 1571 1527 1592; x_wconf 88' lang='lat' dir='ltr'>nunc</span> <span class='ocrx_word' id='word_1_330' title='bbox 1541 1571 1594 1592; x_wconf 92' lang='lat' dir='ltr'>me</span> 
     </span>
     <span class='ocr_line' id='line_1_61' title="bbox 898 1610 1594 1647; baseline 0.004 -8"><span class='ocrx_word' id='word_1_331' title='bbox 898 1610 996 1640; x_wconf 86' lang='lat' dir='ltr'>velim</span> <span class='ocrx_word' id='word_1_332' title='bbox 1025 1610 1126 1647; x_wconf 85' lang='lat' dir='ltr'>verti,</span> <span class='ocrx_word' id='word_1_333' title='bbox 1152 1615 1188 1641; x_wconf 87' lang='lat' dir='ltr'>ut</span> <span class='ocrx_word' id='word_1_334' title='bbox 1215 1610 1375 1642; x_wconf 83' lang='lat' dir='ltr'>veneficae</span> <span class='ocrx_word' id='word_1_335' title='bbox 1396 1612 1444 1642; x_wconf 91' lang='lat' dir='ltr'>illi</span> <span class='ocrx_word' id='word_1_336' title='bbox 1463 1613 1594 1642; x_wconf 86' lang='lat' dir='ltr'>Fauces</span> 
     </span>
     <span class='ocr_line' id='line_1_62' title="bbox 897 1662 1327 1701; baseline 0.002 -10"><span class='ocrx_word' id='word_1_337' title='bbox 897 1662 1128 1701; x_wconf 82' lang='lat' dir='ltr'>prehendan1.’</span> <span class='ocrx_word' id='word_1_338' title='bbox 1152 1662 1327 1701; x_wconf 77' lang='lat' dir='ltr'>Ant.A1cg.</span> 
     </span>
    </p>

    <p class='ocr_par' dir='ltr' id='par_1_15' title="bbox 891 1711 1594 2393">
     <span class='ocr_line' id='line_1_63' title="bbox 939 1711 1592 1751; baseline 0.002 -9"><span class='ocrx_word' id='word_1_339' title='bbox 939 1712 1067 1751; x_wconf 75' lang='lat' dir='ltr'>Angor]</span> <span class='ocrx_word' id='word_1_340' title='bbox 1100 1712 1228 1747; x_wconf 86' lang='lat' dir='ltr'>Scribe,</span> <span class='ocrx_word' id='word_1_341' title='bbox 1259 1722 1276 1741; x_wconf 87' lang='lat' dir='ltr'>a</span> <span class='ocrx_word' id='word_1_342' title='bbox 1302 1712 1427 1743; x_wconf 82' lang='lat' dir='ltr'>Graeco</span> <span class='ocrx_word' id='word_1_343' title='bbox 1457 1711 1592 1751; x_wconf 72' lang='grc' dir='ltr'>ἀγχόνη.</span> 
     </span>
     <span class='ocr_line' id='line_1_64' title="bbox 896 1761 1593 1802; baseline 0.003 -12"><span class='ocrx_word' id='word_1_344' title='bbox 896 1761 1004 1791; x_wconf 82' lang='lat' dir='ltr'>Miror</span> <span class='ocrx_word' id='word_1_345' title='bbox 1021 1771 1039 1792; x_wconf 83' lang='lat' dir='ltr'>a</span> <span class='ocrx_word' id='word_1_346' title='bbox 1056 1761 1259 1792; x_wconf 84' lang='lat' dir='ltr'>doctissimis</span> <span class='ocrx_word' id='word_1_347' title='bbox 1275 1762 1355 1793; x_wconf 85' lang='lat' dir='ltr'>viris</span> <span class='ocrx_word' id='word_1_348' title='bbox 1373 1762 1516 1802; x_wconf 82' lang='lat' dir='ltr'>margini</span> <span class='ocrx_word' id='word_1_349' title='bbox 1534 1773 1593 1802; x_wconf 83' lang='lat' dir='ltr'>ap-</span> 
     </span>
     <span class='ocr_line' id='line_1_65' title="bbox 895 1810 1594 1852; baseline 0.004 -13"><span class='ocrx_word' id='word_1_350' title='bbox 895 1811 1041 1850; x_wconf 86' lang='lat' dir='ltr'>positum</span> <span class='ocrx_word' id='word_1_351' title='bbox 1066 1810 1290 1850; x_wconf 82' lang='grc' dir='ltr'>ἇγχηνέλλειν.</span> <span class='ocrx_word' id='word_1_352' title='bbox 1336 1811 1412 1842; x_wconf 86' lang='lat' dir='ltr'>Hoc</span> <span class='ocrx_word' id='word_1_353' title='bbox 1439 1811 1518 1852; x_wconf 86' lang='lat' dir='ltr'>quid</span> <span class='ocrx_word' id='word_1_354' title='bbox 1537 1813 1594 1849; x_wconf 77' lang='lat' dir='ltr'>sit,</span> 
     </span>
     <span class='ocr_line' id='line_1_66' title="bbox 893 1861 1593 1902; baseline 0.003 -12"><span class='ocrx_word' id='word_1_355' title='bbox 893 1870 935 1890; x_wconf 88' lang='lat' dir='ltr'>ne</span> <span class='ocrx_word' id='word_1_356' title='bbox 953 1861 1016 1900; x_wconf 86' lang='lat' dir='ltr'>ipsi</span> <span class='ocrx_word' id='word_1_357' title='bbox 1034 1861 1168 1901; x_wconf 89' lang='lat' dir='ltr'>quidem</span> <span class='ocrx_word' id='word_1_358' title='bbox 1187 1862 1310 1892; x_wconf 87' lang='lat' dir='ltr'>sciunt.</span> <span class='ocrx_word' id='word_1_359' title='bbox 1355 1861 1421 1891; x_wconf 86' lang='lat' dir='ltr'>Sed</span> <span class='ocrx_word' id='word_1_360' title='bbox 1444 1863 1593 1902; x_wconf 78' lang='lat' dir='ltr'>quisquis</span> 
     </span>
     <span class='ocr_line' id='line_1_67' title="bbox 892 1910 1594 1952; baseline 0.003 -12"><span class='ocrx_word' id='word_1_361' title='bbox 892 1910 954 1940; x_wconf 89' lang='lat' dir='ltr'>hoc</span> <span class='ocrx_word' id='word_1_362' title='bbox 981 1920 1080 1941; x_wconf 85' lang='lat' dir='ltr'>ausus</span> <span class='ocrx_word' id='word_1_363' title='bbox 1102 1917 1167 1949; x_wconf 85' lang='lat' dir='ltr'>est,</span> <span class='ocrx_word' id='word_1_364' title='bbox 1183 1921 1250 1942; x_wconf 89' lang='lat' dir='ltr'>non</span> <span class='ocrx_word' id='word_1_365' title='bbox 1276 1911 1426 1949; x_wconf 82' lang='lat' dir='ltr'>dubium,</span> <span class='ocrx_word' id='word_1_366' title='bbox 1441 1912 1518 1952; x_wconf 89' lang='lat' dir='ltr'>quin</span> <span class='ocrx_word' id='word_1_367' title='bbox 1546 1912 1594 1942; x_wconf 76' lang='lat' dir='ltr'>ita</span> 
     </span>
     <span class='ocr_line' id='line_1_68' title="bbox 894 1958 1591 1999; baseline 0.004 -11"><span class='ocrx_word' id='word_1_368' title='bbox 894 1959 1015 1999; x_wconf 83' lang='lat' dir='ltr'>legerit</span> <span class='ocrx_word' id='word_1_369' title='bbox 1032 1960 1062 1990; x_wconf 92' lang='lat' dir='ltr'>in</span> <span class='ocrx_word' id='word_1_370' title='bbox 1089 1958 1198 1991; x_wconf 80' lang='lat' dir='ltr'>lexico</span> <span class='ocrx_word' id='word_1_371' title='bbox 1223 1971 1295 1997; x_wconf 89' lang='lat' dir='ltr'>suo,</span> <span class='ocrx_word' id='word_1_372' title='bbox 1311 1970 1385 1991; x_wconf 69' lang='lat' dir='ltr'>rum</span> <span class='ocrx_word' id='word_1_373' title='bbox 1411 1961 1591 1999; x_wconf 79' lang='lat' dir='ltr'>legendnm</span> 
     </span>
     <span class='ocr_line' id='line_1_69' title="bbox 895 2009 1593 2050; baseline 0.003 -11"><span class='ocrx_word' id='word_1_374' title='bbox 895 2009 1007 2048; x_wconf 84' lang='lat' dir='ltr'>potius</span> <span class='ocrx_word' id='word_1_375' title='bbox 1025 2014 1126 2048; x_wconf 80' lang='lat' dir='ltr'>esset,</span> <span class='ocrx_word' id='word_1_376' title='bbox 1141 2009 1266 2050; x_wconf 75' lang='grc' dir='ltr'>ἄγχειν,</span> <span class='ocrx_word' id='word_1_377' title='bbox 1284 2011 1396 2041; x_wconf 77' lang='grc' dir='ltr'>ἵλλειν.</span> <span class='ocrx_word' id='word_1_378' title='bbox 1431 2010 1520 2041; x_wconf 88' lang='lat' dir='ltr'>Nam</span> <span class='ocrx_word' id='word_1_379' title='bbox 1536 2010 1593 2049; x_wconf 71' lang='grc' dir='ltr'>ἅγ-</span> 
     </span>
     <span class='ocr_line' id='line_1_70' title="bbox 891 2061 1593 2100; baseline 0.003 -11"><span class='ocrx_word' id='word_1_380' title='bbox 891 2071 952 2099; x_wconf 83' lang='grc' dir='ltr'>χω,</span> <span class='ocrx_word' id='word_1_381' title='bbox 967 2065 1018 2091; x_wconf 90' lang='lat' dir='ltr'>est</span> <span class='ocrx_word' id='word_1_382' title='bbox 1033 2061 1126 2092; x_wconf 74' lang='grc' dir='ltr'>ἵλλω.</span> <span class='ocrx_word' id='word_1_383' title='bbox 1172 2061 1275 2100; x_wconf 86' lang='lat' dir='ltr'>Vide,</span> <span class='ocrx_word' id='word_1_384' title='bbox 1289 2071 1386 2100; x_wconf 87' lang='lat' dir='ltr'>quam</span> <span class='ocrx_word' id='word_1_385' title='bbox 1404 2070 1494 2100; x_wconf 82' lang='lat' dir='ltr'>saepe</span> <span class='ocrx_word' id='word_1_386' title='bbox 1513 2061 1593 2091; x_wconf 86' lang='lat' dir='ltr'>boni</span> 
     </span>
     <span class='ocr_line' id='line_1_71' title="bbox 892 2109 1593 2149; baseline 0 -9"><span class='ocrx_word' id='word_1_387' title='bbox 892 2115 927 2140; x_wconf 87' lang='lat' dir='ltr'>et</span> <span class='ocrx_word' id='word_1_388' title='bbox 941 2109 1033 2141; x_wconf 89' lang='lat' dir='ltr'>docti</span> <span class='ocrx_word' id='word_1_389' title='bbox 1052 2111 1114 2141; x_wconf 90' lang='lat' dir='ltr'>viri</span> <span class='ocrx_word' id='word_1_390' title='bbox 1125 2120 1201 2141; x_wconf 88' lang='lat' dir='ltr'>suos</span> <span class='ocrx_word' id='word_1_391' title='bbox 1218 2111 1279 2141; x_wconf 88' lang='lat' dir='ltr'>sibi</span> <span class='ocrx_word' id='word_1_392' title='bbox 1295 2111 1408 2141; x_wconf 90' lang='lat' dir='ltr'>oculos</span> <span class='ocrx_word' id='word_1_393' title='bbox 1420 2110 1482 2149; x_wconf 86' lang='lat' dir='ltr'>ipsi</span> <span class='ocrx_word' id='word_1_394' title='bbox 1497 2110 1593 2140; x_wconf 83' lang='lat' dir='ltr'>fasci·</span> 
     </span>
     <span class='ocr_line' id='line_1_72' title="bbox 892 2160 1591 2200; baseline -0.001 -10"><span class='ocrx_word' id='word_1_395' title='bbox 892 2166 984 2192; x_wconf 84' lang='lat' dir='ltr'>nant.</span> <span class='ocrx_word' id='word_1_396' title='bbox 1015 2162 1085 2193; x_wconf 73' lang='lat' dir='ltr'>dos.</span> <span class='ocrx_word' id='word_1_397' title='bbox 1104 2162 1188 2194; x_wconf 83' lang='lat' dir='ltr'>Scal.</span> <span class='ocrx_word' id='word_1_398' title='bbox 1226 2162 1334 2192; x_wconf 80' lang='lat' dir='ltr'>Locus</span> <span class='ocrx_word' id='word_1_399' title='bbox 1359 2160 1474 2190; x_wconf 82' lang='lat' dir='ltr'>Plauti</span> <span class='ocrx_word' id='word_1_400' title='bbox 1491 2170 1591 2200; x_wconf 87' lang='lat' dir='ltr'>quem</span> 
     </span>
     <span class='ocr_line' id='line_1_73' title="bbox 891 2210 1590 2252; baseline 0.001 -11"><span class='ocrx_word' id='word_1_401' title='bbox 891 2210 980 2242; x_wconf 90' lang='lat' dir='ltr'>infra</span> <span class='ocrx_word' id='word_1_402' title='bbox 995 2212 1126 2252; x_wconf 84' lang='lat' dir='ltr'>Festus,</span> <span class='ocrx_word' id='word_1_403' title='bbox 1141 2217 1194 2243; x_wconf 85' lang='lat' dir='ltr'>est</span> <span class='ocrx_word' id='word_1_404' title='bbox 1209 2222 1227 2242; x_wconf 79' lang='lat' dir='ltr'>e</span> <span class='ocrx_word' id='word_1_405' title='bbox 1244 2211 1394 2242; x_wconf 72' lang='lat' dir='ltr'>Mos-tell.</span> <span class='ocrx_word' id='word_1_406' title='bbox 1412 2220 1437 2241; x_wconf 80' lang='grc' dir='ltr'>ι.</span> <span class='ocrx_word' id='word_1_407' title='bbox 1452 2214 1483 2242; x_wconf 86' lang='lat'>3.</span> <span class='ocrx_word' id='word_1_408' title='bbox 1523 2216 1531 2229; x_wconf 92' lang='lat'><em>‘</em></span> <span class='ocrx_word' id='word_1_409' title='bbox 1549 2211 1590 2242; x_wconf 89' lang='lat' dir='ltr'>In</span> 
     </span>
     <span class='ocr_line' id='line_1_74' title="bbox 894 2261 1589 2302; baseline 0 -11"><span class='ocrx_word' id='word_1_410' title='bbox 894 2262 1047 2300; x_wconf 81' lang='lat' dir='ltr'>anginam</span> <span class='ocrx_word' id='word_1_411' title='bbox 1066 2273 1129 2302; x_wconf 81' lang='lat' dir='ltr'>ego</span> <span class='ocrx_word' id='word_1_412' title='bbox 1151 2272 1238 2293; x_wconf 89' lang='lat' dir='ltr'>nunc</span> <span class='ocrx_word' id='word_1_413' title='bbox 1255 2262 1352 2292; x_wconf 90' lang='lat' dir='ltr'>velim</span> <span class='ocrx_word' id='word_1_414' title='bbox 1370 2261 1468 2299; x_wconf 83' lang='lat' dir='ltr'>verti,</span> <span class='ocrx_word' id='word_1_415' title='bbox 1485 2266 1521 2291; x_wconf 90' lang='lat' dir='ltr'>ut</span> <span class='ocrx_word' id='word_1_416' title='bbox 1534 2271 1589 2291; x_wconf 86' lang='lat' dir='ltr'>ve-</span> 
     </span>
     <span class='ocr_line' id='line_1_75' title="bbox 892 2311 1589 2352; baseline 0.001 -10"><span class='ocrx_word' id='word_1_417' title='bbox 892 2311 1011 2343; x_wconf 79' lang='lat' dir='ltr'>ueficae</span> <span class='ocrx_word' id='word_1_418' title='bbox 1028 2313 1074 2343; x_wconf 92' lang='lat' dir='ltr'>illi</span> <span class='ocrx_word' id='word_1_419' title='bbox 1099 2314 1229 2343; x_wconf 88' lang='lat' dir='ltr'>Fauces</span> <span class='ocrx_word' id='word_1_420' title='bbox 1245 2311 1462 2351; x_wconf 83' lang='lat' dir='ltr'>prehendam,</span> <span class='ocrx_word' id='word_1_421' title='bbox 1487 2317 1589 2352; x_wconf 86' lang='lat' dir='ltr'>atque</span> 
     </span>
     <span class='ocr_line' id='line_1_76' title="bbox 892 2361 1588 2393; baseline 0.003 -2"><span class='ocrx_word' id='word_1_422' title='bbox 892 2361 1023 2392; x_wconf 90' lang='lat' dir='ltr'>enicem</span> <span class='ocrx_word' id='word_1_423' title='bbox 1041 2362 1216 2392; x_wconf 84' lang='lat' dir='ltr'>scelestam</span> <span class='ocrx_word' id='word_1_424' title='bbox 1229 2361 1490 2391; x_wconf 59' lang='lat' dir='ltr'>simulatricem?</span> <span class='ocrx_word' id='word_1_425' title='bbox 1507 2362 1588 2393; x_wconf 81' lang='lat' dir='ltr'>Dae.</span> 
     </span>
    </p>

    <p class='ocr_par' dir='ltr' id='par_1_16' title="bbox 888 2410 1589 2751">
     <span class='ocr_line' id='line_1_77' title="bbox 934 2410 1589 2451; baseline 0.003 -10"><span class='ocrx_word' id='word_1_426' title='bbox 934 2416 946 2436; x_wconf 73' lang='lat' dir='ltr'>y</span> <span class='ocrx_word' id='word_1_427' title='bbox 970 2411 1127 2450; x_wconf 80' lang='lat' dir='ltr'>Anguzus]</span> <span class='ocrx_word' id='word_1_428' title='bbox 1162 2411 1228 2441; x_wconf 83' lang='lat' dir='ltr'>Hie</span> <span class='ocrx_word' id='word_1_429' title='bbox 1258 2410 1409 2450; x_wconf 66' lang='lat' dir='ltr'>quaedam</span> <span class='ocrx_word' id='word_1_430' title='bbox 1441 2412 1589 2451; x_wconf 79' lang='lat' dir='ltr'>trajecta</span> 
     </span>
     <span class='ocr_line' id='line_1_78' title="bbox 891 2461 1587 2502; baseline 0.004 -12"><span class='ocrx_word' id='word_1_431' title='bbox 891 2461 1024 2499; x_wconf 87' lang='lat' dir='ltr'>putavit</span> <span class='ocrx_word' id='word_1_432' title='bbox 1037 2461 1251 2491; x_wconf 82' lang='lat' dir='ltr'>doctissimus</span> <span class='ocrx_word' id='word_1_433' title='bbox 1263 2461 1414 2500; x_wconf 82' lang='lat' dir='ltr'>Vossius,</span> <span class='ocrx_word' id='word_1_434' title='bbox 1425 2463 1478 2502; x_wconf 89' lang='lat' dir='ltr'>qui</span> <span class='ocrx_word' id='word_1_435' title='bbox 1494 2463 1587 2499; x_wconf 59' lang='lat' dir='ltr'>legit,</span> 
     </span>
     <span class='ocr_line' id='line_1_79' title="bbox 888 2510 1585 2552; baseline 0.003 -12"><span class='ocrx_word' id='word_1_436' title='bbox 888 2510 1043 2549; x_wconf 62' lang='lat' dir='ltr'>Augustis,</span> <span class='ocrx_word' id='word_1_437' title='bbox 1064 2522 1082 2541; x_wconf 83' lang='lat' dir='ltr'>a</span> <span class='ocrx_word' id='word_1_438' title='bbox 1101 2511 1211 2541; x_wconf 78' lang='lat' dir='ltr'>Graeco</span> <span class='ocrx_word' id='word_1_439' title='bbox 1233 2510 1384 2549; x_wconf 76' lang='grc' dir='ltr'>ἀγκύλον,</span> <span class='ocrx_word' id='word_1_440' title='bbox 1399 2514 1478 2552; x_wconf 78' lang='lat' dir='ltr'>quod</span> <span class='ocrx_word' id='word_1_441' title='bbox 1489 2514 1585 2543; x_wconf 79' lang='lat' dir='ltr'>adun-</span> 
     </span>
     <span class='ocr_line' id='line_1_80' title="bbox 888 2560 1586 2601; baseline 0.003 -11"><span class='ocrx_word' id='word_1_442' title='bbox 888 2564 986 2598; x_wconf 74' lang='lat' dir='ltr'>catur,</span> <span class='ocrx_word' id='word_1_443' title='bbox 1003 2561 1066 2591; x_wconf 77' lang='lat' dir='ltr'>sit-e</span> <span class='ocrx_word' id='word_1_444' title='bbox 1080 2562 1117 2592; x_wconf 84' lang='lat' dir='ltr'>ab</span> <span class='ocrx_word' id='word_1_445' title='bbox 1139 2571 1173 2592; x_wconf 85' lang='lat' dir='ltr'>eo</span> <span class='ocrx_word' id='word_1_446' title='bbox 1188 2564 1266 2601; x_wconf 82' lang='lat' dir='ltr'>quod</span> <span class='ocrx_word' id='word_1_447' title='bbox 1289 2565 1334 2592; x_wconf 76' lang='lat' dir='ltr'>est</span> <span class='ocrx_word' id='word_1_448' title='bbox 1351 2560 1459 2600; x_wconf 77' lang='grc' dir='ltr'><strong><em>ἐγγύς.</em></strong></span> <span class='ocrx_word' id='word_1_449' title='bbox 1504 2562 1586 2592; x_wconf 91' lang='lat' dir='ltr'>Sen-</span> 
     </span>
     <span class='ocr_line' id='line_1_81' title="bbox 890 2610 1584 2651; baseline 0.004 -12"><span class='ocrx_word' id='word_1_450' title='bbox 890 2619 943 2639; x_wconf 87' lang='lat' dir='ltr'>sus</span> <span class='ocrx_word' id='word_1_451' title='bbox 967 2615 1030 2649; x_wconf 82' lang='lat' dir='ltr'>est,</span> <span class='ocrx_word' id='word_1_452' title='bbox 1054 2612 1212 2651; x_wconf 86' lang='lat' dir='ltr'>angulum</span> <span class='ocrx_word' id='word_1_453' title='bbox 1230 2610 1357 2642; x_wconf 88' lang='lat' dir='ltr'>factum</span> <span class='ocrx_word' id='word_1_454' title='bbox 1383 2621 1456 2642; x_wconf 84' lang='lat' dir='ltr'>esse</span> <span class='ocrx_word' id='word_1_455' title='bbox 1473 2612 1525 2641; x_wconf 90' lang='lat' dir='ltr'>vel</span> <span class='ocrx_word' id='word_1_456' title='bbox 1543 2612 1584 2642; x_wconf 83' lang='lat' dir='ltr'>ab</span> 
     </span>
     <span class='ocr_line' id='line_1_82' title="bbox 889 2660 1584 2702; baseline 0.001 -12"><span class='ocrx_word' id='word_1_457' title='bbox 889 2660 1035 2698; x_wconf 73' lang='grc' dir='ltr'>ἀγκύλοε,</span> <span class='ocrx_word' id='word_1_458' title='bbox 1048 2661 1216 2697; x_wconf 82' lang='lat' dir='ltr'>incurvus,</span> <span class='ocrx_word' id='word_1_459' title='bbox 1231 2662 1306 2702; x_wconf 87' lang='lat' dir='ltr'>quia</span> <span class='ocrx_word' id='word_1_460' title='bbox 1322 2661 1426 2692; x_wconf 81' lang='lat' dir='ltr'>omnis</span> <span class='ocrx_word' id='word_1_461' title='bbox 1443 2663 1584 2701; x_wconf 79' lang='lat' dir='ltr'>angulus</span> 
     </span>
     <span class='ocr_line' id='line_1_83' title="bbox 890 2710 1583 2751; baseline 0.003 -10"><span class='ocrx_word' id='word_1_462' title='bbox 890 2710 1090 2751; x_wconf 86' lang='lat' dir='ltr'>aduncatur,</span> <span class='ocrx_word' id='word_1_463' title='bbox 1118 2712 1180 2744; x_wconf 90' lang='lat' dir='ltr'>hoc</span> <span class='ocrx_word' id='word_1_464' title='bbox 1205 2717 1270 2751; x_wconf 78' lang='lat' dir='ltr'>est,</span> <span class='ocrx_word' id='word_1_465' title='bbox 1297 2711 1502 2751; x_wconf 82' lang='lat' dir='ltr'>incurvatur,</span> <span class='ocrx_word' id='word_1_466' title='bbox 1532 2713 1583 2743; x_wconf 79' lang='lat' dir='ltr'>vel</span> 
     </span>
    </p>
   </div>
  </div>
 </body>
</html>
