1835 2906
238 138 321 181 194

682 150 830 183 SEXTI
867 150 1067 181 POMPEI!
1105 150 1239 182 FESTl

294 247 428 288 nnius
444 251 455 268 ³
486 247 608 300 origo
634 259 692 288 ex
722 247 884 289 Graeco
906 246 1104 297 trahitur,
1133 246 1252 300 quod
1275 246 1337 288 illi
1361 245 1516 302 κραίνειν
1537 247 1685 289 dicunt

293 315 514 368 perficere.

239 381 391 424 Crines
407 383 419 405 t
446 396 473 424 a
492 382 758 424 discretione
778 381 899 432 dicti,
921 395 1056 436 quam
1070 381 1219 424 Graeci
1235 380 1354 436 κρίσιν
1368 387 1403 412 ¹4
1433 382 1659 436 appellant
1676 396 1684 420 :

293 463 393 491 nam
413 451 543 492 iidem
567 464 646 492 eos
668 448 824 507 κςινῖδας
844 456 1020 491 vocant.

239 517 495 569 Crocatio,¹⁵
511 524 528 542 ¹¹
560 531 788 560 corvorum
806 518 929 559 vocis
950 517 1210 572 appellatio.

237 584 536 635 Crocotilum‚⁸
574 586 705 627 valde
738 585 878 627 exile.

295 653 523 695 crocotilis
545 653 790 695 crusculis.²

938 585 1154 627 Plautus:
1187 584 1385 627 Extortis
1422 585 1553 626 talisy
1586 597 1684 625 cum

842 772 979 785 “00⁴“
984 772 1079 784 cetto

281 840 321 869 14
347 836 413 868 Alii
429 837 588 879 διάκρισιν.
632 837 711 869 vid.
728 836 874 869 inst—15
900 837 1100 878 Legendum
1117 843 1233 870 monet
1255 838 1340 870 Dae.
1362 837 1519 868 Crocitio:
1545 840 1579 868 et
1597 845 1687 871 mox,

240 881 405 921 Crotilum,
428 884 529 912 tenue.

891 953 1035 987 NOTAE

281 1035 291 1049 ⁸
317 1031 413 1070 cnjus
427 1031 533 1071 unius]
557 1029 665 1062 Verbi
675 1040 776 1062 cresco
790 1030 932 1062 scilicet.

238 1079 330 1111 Vide
351 1090 468 1120 snpra.
492 1081 591 1112 Idem.

279 1132 288 1148 ¹
314 1131 438 1172 Crines]
465 1131 553 1162 Nam
582 1130 684 1162 iidem
713 1141 770 1162 eos
803 1131 933 1171 κρινίδας

236 1185 371 1211 vocant.
418 1181 574 1213 Falsum:
599 1187 635 1212 et
651 1182 804 1222 suspicor
820 1191 862 1212 ne
878 1181 933 1212 hic

236 1230 373 1270 quidem
399 1231 557 1262 Graecam
581 1241 696 1263 vocem
723 1232 931 1263 desiderari:

235 1279 294 1310 sed
312 1280 425 1320 potius
451 1282 655 1322 legendum:
684 1283 768 1314 Nam
791 1284 859 1313 ideo
884 1293 933 1314 eos

233 1331 335 1360 crines
358 1335 469 1362 vocant
491 1343 501 1362 .-
533 1333 614 1372 iden,
642 1333 763 1374 inquit,
794 1339 934 1374 propter

236 1380 344 1421 κρίσιν,
366 1383 467 1414 crines
482 1387 602 1414 vocant.
624 1383 699 1415 Jos.
721 1384 810 1415 Scal.

282 1433 410 1474 Crines]
437 1433 464 1464 A
492 1434 591 1473 κρίνω,
609 1434 735 1472 divido,
762 1434 933 1466 discerno.

235 1482 335 1514 Unde
352 1489 387 1514 et
404 1483 664 1515 discerniculum
682 1493 762 1515 acus
776 1494 840 1525 qua
862 1495 932 1516 mu-

234 1533 336 1564 lieres
354 1535 495 1574 capillos
521 1534 734 1570 discernunt,
762 1535 931 1567 dividunt.

234 1583 302 1614 Sed
319 1582 439 1615 falsum
456 1589 509 1615 est
531 1585 622 1626 quod
648 1585 824 1625 subjungit
852 1587 932 1617 Fes-

234 1638 303 1671 ωε,
341 1644 412 1664 nam
441 1635 535 1665 iidem
564 1643 614 1665 eos
645 1634 778 1675 κρινίδας
811 1640 932 1668 vocant.

234 1683 432 1724 Legendum
458 1689 559 1726 putat
583 1685 752 1726 Scaliger,
788 1686 855 1716 ideo
884 1695 934 1716 eos

231 1733 335 1764 crines
348 1738 468 1765 vocant.
513 1735 613 1768 Quod
636 1744 797 1776 perquam
817 1735 934 1766 verisi-

233 1783 313 1814 mile
329 1789 394 1815 est.
441 1784 527 1823 Ideo,
545 1785 664 1825 inquit,
681 1790 824 1825 propter
835 1784 934 1825 κρίσιν

234 1833 299 1872 vel,
310 1839 347 1865 ut
364 1835 395 1864 in
410 1836 559 1874 margine
576 1835 739 1875 διάκρισιν,
752 1837 866 1868 Crines
881 1847 931 1867 co-

233 1887 314 1915 cant.
347 1884 392 1915 Et
404 1894 438 1915 re
456 1895 534 1916 vera
549 1886 646 1917 crinin
661 1896 790 1918 comam
809 1888 840 1917 in
859 1888 932 1927 plu·

234 1942 288 1964 res
315 1935 418 1975 σειρὰς
442 1936 513 1967 sive
541 1937 677 1968 ordines
701 1938 842 1968 divisam
861 1939 931 1971 dis-

233 1988 427 2025 cretamque
444 1985 625 2027 signiflcat.
650 1986 732 2018 Dae.

276 2039 289 2053 ¹¹
316 2036 474 2077 Crocatio]
509 2036 705 2077 Legendnm
741 2039 881 2078 crocitio,
911 2051 929 2072 a

233 2084 337 2116 verbo
358 2087 485 2125 crocire,
501 2087 678 2119 crocitare.
724 2087 836 2120 Aulul.
860 2091 932 2121 ‘Si-

232 2136 301 2166 mul
318 2136 461 2168 radebat
482 2138 624 2178 pedibus
641 2144 767 2170 terram
793 2145 828 2171 et
851 2150 932 2173 voce

232 2186 385 2217 crocibat
400 2187 479 2220 sua.'
495 2188 592 2219 Idem.

276 2242 290 2257 ³
318 2238 521 2278 Crocotilum]
545 2239 741 2280 Legendum
772 2242 930 2283 crotilum,

233 2290 347 2324 tenue;
371 2289 460 2321 unde
491 2294 499 2306 ⁴
515 2290 752 2321 succrotilum'
775 2297 810 2322 et
835 2296 930 2324 ‘suc-

233 2337 378 2376 crotila,’
395 2348 470 2378 quae
487 2338 564 2370 vide
581 2348 639 2371 suo
655 2340 741 2371 loco.
766 2341 866 2373 Idem.

276 2392 288 2412 5
313 2388 460 2419 Extortis
475 2389 566 2429 talis]
588 2390 673 2421 Cum
691 2391 768 2423 talis
785 2391 928 2425 inflexis.

233 2438 290 2469 Sic
320 2438 352 2468 in
389 2440 398 2455 ⁴
418 2440 624 2473 succrotila!
667 2441 713 2473 Et
743 2442 830 2473 hanc
862 2443 929 2475 lec-

232 2489 358 2520 tionem
387 2492 538 2530 agnoscit
562 2492 663 2523 etiam
709 2493 926 2526 Priscianus:

232 2539 291 2570 sed
317 2539 350 2570 in
374 2549 456 2570 voce
483 2541 682 2573 schoeniculas
704 2547 739 2573 et
762 2552 845 2574 voce
861 2544 927 2575 todi

231 2589 332 2620 aliam
370 2589 548 2620 lectionem
604 2592 758 2631 sequitur
804 2593 925 2624 Festus

231 2648 353 2679 nempe
369 2649 437 2670 cum
453 2640 581 2671 extritis
595 2643 676 2672 talis.
722 2642 776 2674 Ita
794 2649 831 2674 ut
846 2644 926 2685 quid

231 2690 325 2732 sequi
348 2690 470 2721 debeas
495 2690 659 2722 incertum
684 2693 749 2725 sit:
775 2694 926 2726 homines

988 1039 1062 1060 cum
1080 1030 1214 1061 extritis
1230 1030 1306 1061 talis
1322 1028 1496 1060 λαισποδίαι
1523 1027 1565 1059 ab
1583 1026 1688 1058 Athe-

986 1080 1434 1120 niensibusdicebanttu·,ut
1452 1079 1484 1110 in
1500 1078 1685 1118 conjecta-

987 1130 1058 1160 ueis
1075 1131 1207 1162 notavit
1217 1130 1382 1170 Scaliger,
1395 1137 1585 1170 quanquam
1603 1137 1684 1157 non-

986 1179 1069 1210 nulli
1099 1179 1218 1211 dicunt
1242 1179 1427 1211 λαισποδίας
1449 1188 1508 1210 eos
1537 1186 1612 1208 esse
1629 1178 1686 1217 qui

987 1229 1183 1268 δρεπανώδεις
1198 1230 1344 1261 liabeaut
1363 1229 1479 1270 pedes,
1497 1233 1536 1259 ut
1561 1228 1584 1258 ii
1610 1231 1689 1257 sunt

988 1289 1070 1320 quos
1096 1279 1248 1311 falcones
1279 1291 1297 1311 a
1330 1279 1516 1311 Veteribus
1551 1283 1686 1309 vocatos

988 1338 1061 1360 esse
1080 1336 1228 1361 testatur
1245 1331 1376 1362 Festus.
1399 1331 1497 1361 Idem.

1029 1386 1041 1401 z
1067 1382 1146 1412 Cum
1169 1382 1325 1413 crocotilis
1351 1380 1517 1420 crusculis]
1557 1379 1686 1418 Legen-

987 1432 1081 1468 dum,
1100 1440 1137 1465 ut
1162 1444 1278 1475 supra,
1301 1444 1370 1465 cum
1390 1432 1510 1464 crotilz‘s
1528 1431 1688 1462 crusculis.

987 1483 1055 1514 Sed
1074 1485 1194 1514 mirum
1211 1494 1309 1525 quam
1338 1493 1457 1524 parum
1479 1481 1540 1512 sibi
1568 1481 1688 1511 Festus

989 1538 1148 1564 constans
1162 1535 1217 1568 sit,
1231 1535 1287 1575 qui
1303 1535 1335 1564 in
1353 1531 1569 1564 ‘succrotila'
1585 1532 1689 1571 scrip-

987 1584 1072 1615 serit
1098 1585 1272 1616 suecrolilis
1295 1584 1455 1620 crusculis,
1482 1589 1517 1614 et
1543 1584 1574 1613 in
1605 1592 1688 1613 voce

988 1637 997 1651 ‘
1015 1634 1109 1670 todi:
1146 1645 1215 1666 cum
1253 1636 1373 1666 todellis
1409 1634 1569 1673 crusculis,
1612 1643 1687 1674 quae

988 1684 1090 1715 etiam
1109 1694 1189 1715 vera
1205 1685 1307 1717 lectio
1324 1695 1398 1716 esse
1415 1685 1533 1726 possit.
1580 1684 1688 1715 Immo

989 1740 1024 1766 et
1051 1744 1124 1765 earn
1149 1745 1301 1766 asserere
1326 1735 1460 1766 videtur
1481 1734 1690 1773 Priscianus,

989 1784 1046 1824 qui
1070 1785 1157 1816 liunc
1185 1785 1300 1816 Plauti
1332 1786 1440 1816 locum
1468 1784 1597 1820 laudat,
1620 1794 1687 1814 cum

989 1834 1107 1865 lodenis
1133 1835 1293 1866 crusculis.
1347 1835 1478 1866 Todenis
1506 1833 1687 1866 manifesto

987 1889 1185 1923 corruptum
1214 1894 1256 1915 ex
1286 1885 1418 1916 todellis.
1464 1885 1586 1925 Neque
1617 1884 1688 1914 sine

985 1933 1128 1971 ratione,
1144 1943 1219 1965 cum
1237 1935 1303 1966 todi
1327 1935 1396 1966 sint
1413 1944 1526 1975 parvae
1551 1943 1645 1972 aves,
1669 1943 1687 1963 a

985 1984 1105 2025 quibus
1118 1987 1272 2018 cruscula
1286 1988 1387 2018 exilia
1403 1992 1437 2018 et
1453 1987 1565 2018 tenuia
1575 1986 1687 2016 todellu

985 2035 1156 2071 dicantur,
1176 2038 1367 2077 praesertim
1392 2046 1468 2067 cum
1491 2037 1591 2066 simili
1618 2042 1684 2066 tra-

988 2086 1126 2124 latione,
1144 2092 1179 2117 ut
1197 2087 1230 2117 in
1247 2087 1485 2126 Conjectaneis
1503 2087 1569 2118 suis
1591 2092 1685 2117 nota·

989 2136 1038 2166 vit
1051 2136 1215 2178 Scaliger,
1230 2138 1381 2169 Eubulus
1396 2137 1543 2169 comicus
1560 2138 1686 2169 dixerit

989 2188 1087 2225 σκέλη
1111 2189 1254 2229 κοψίχου,
1288 2190 1328 2221 ab
1351 2199 1392 2221 ea
1425 2190 1592 2221 minutula
1616 2190 1685 2219 avi-

987 2240 1063 2270 cula
1075 2240 1207 2272 scilicet
1222 2251 1297 2281 quae
1315 2240 1446 2280 κόψιχος
1465 2240 1600 2271 dicitur.
1629 2240 1685 2270 Ita

986 2289 1073 2320 enim
1101 2291 1156 2321 ille
1182 2291 1225 2321 de
1249 2291 1387 2321 Theano
1412 2291 1612 2321 meretrice:
1647 2290 1681 2320 ‘H

986 2343 1087 2373 Θεανὼ
1099 2341 1206 2381 δὀὐχὶ
1218 2341 1323 2382 σειρὴν
1332 2343 1417 2373 ἐστιν
1431 2340 1660 2379 ἀποτετιλμένη
1673 2352 1682 2380 ;

985 2390 1112 2430 minna
1128 2392 1177 2423 καὶ
1198 2392 1282 2431 φωνὴ
1298 2393 1453 2432 γυναικὸς,
1470 2393 1510 2424 τὰ
1533 2393 1633 2429 σκέλη
1649 2391 1681 2423 δὲ

983 2441 1126 2482 κοψίχου.
1154 2443 1195 2474 Id
1209 2448 1274 2483 est,
1296 2449 1304 2461 ‘
1319 2444 1454 2475 Theano
1471 2453 1551 2474 vero
1568 2453 1677 2474 nonne

984 2493 1144 2534 capillum
1168 2494 1285 2525 avulsa
1307 2495 1382 2525 est?
1412 2493 1580 2535 habetque
1596 2495 1678 2524 Vul-

982 2548 1050 2574 tum
1077 2549 1112 2574 et
1139 2553 1255 2575 vocem
1283 2544 1443 2582 mulieris,
1473 2553 1573 2574 crura
1600 2554 1679 2574 vero

982 2594 1159 2635 copsiclii,'
1185 2595 1255 2625 sive
1280 2594 1356 2624 todi.
1400 2593 1439 2624 In
1457 2593 1560 2633 priori
1578 2603 1676 2624 versu

981 2646 1118 2676 videtur
1134 2644 1285 2675 Eubulus
1297 2643 1557 2684 Aristophanem
1569 2644 1676 2675 imita-

983 2699 1035 2727 tus
1059 2695 1114 2737 qui
1144 2695 1176 2726 in
1204 2693 1296 2734 ὀρνίθ.
1321 2694 1391 2725 ait:
1430 2693 1472 2727 Σὺ
1496 2694 1613 2734 κοψίχῳ
1638 2705 1673 2735 γε
