1835 2906
346 158 408 187 DE
441 154 717 186 VERBORUM
751 153 1161 185 SIGNIFICATIONE
1195 156 1291 186 LlB.
1324 157 1396 186 111.

1510 146 1595 188 135

159 251 464 295 Cannensem⁶
479 249 493 272 f
511 263 733 292 cursorem
750 248 942 290 Titinius
965 261 1045 303 pro
1066 249 1231 303 pistore
1254 250 1380 291 dixit.

159 322 304 363 Canta
321 327 336 351 g
358 333 437 374 pro
459 323 637 361 cantata
654 317 895 372 ponebant.

160 389 418 430 Cantherius
433 386 449 410 ¹¹
479 388 562 428 hoc
584 387 720 428 distat
740 386 796 427 ab
813 397 943 438 equo,
965 383 1087 438 quod
1108 384 1281 425 maialis
1303 397 1330 425 a
1357 397 1496 434 verre,
1527 397 1602 425 ca-

216 469 303 510 pus
319 469 345 497 a
364 456 495 509 gallo,
514 467 677 496 vervex
697 455 753 495 ab
776 453 914 494 ariete
931 466 940 493 :
964 457 1033 494 est
1050 452 1167 493 enim
1183 452 1433 493 cantherius
1446 463 1602 505 equus,

215 524 289 564 cui
311 522 503 563 testiculi
524 524 816 575 amputantur.

160 590 406 633 Canturnus
423 587 432 611 ἰ
451 602 610 630 nomen
629 587 733 629 loci.

160 654 463 713 Caperatum,k
484 668 705 710 rugosum,
727 666 755 695 a
775 666 986 696 cornuum
1011 653 1288 708 caprinorum
1322 650 1606 693 similitudine

219 725 392 767 dicitur.

765 787 923 802 “OOOOO‘
928 787 1007 801 0000

202 859 223 888 6
245 856 392 889 Quidam
411 855 601 887 Comensem.
644 853 724 885 Vid.
741 855 824 886 Not.
841 853 903 887 inf.

809 941 842 973 N
847 939 954 972 OTAE

204 1007 218 1026 s
231 1006 436 1047 Cannensem]
451 1005 562 1037 Locus
574 1015 641 1037 non
653 1010 721 1037 tam
739 1006 858 1038 obscu-

162 1067 231 1097 rus,
245 1067 343 1098 quam
360 1056 539 1088 ridiculus:
557 1056 717 1087 obscurus
732 1061 857 1088 tamen.

162 1106 263 1141 Quod
281 1111 317 1138 et
337 1116 390 1138 me
408 1110 544 1137 tacente
562 1107 643 1137 satis
670 1116 730 1146 per
746 1116 780 1137 se
799 1116 858 1146 pa-

162 1161 226 1189 tet.
260 1158 332 1197 Ego
349 1166 428 1187 sane
445 1166 510 1187 non
527 1156 645 1188 dubito
662 1156 706 1188 ita
723 1157 856 1197 legere:

164 1208 368 1246 Cannensem,
382 1216 535 1238 cursorem
553 1207 711 1238 Titinnius
724 1217 858 1247 praepos-

159 1262 225 1289 tere
239 1258 334 1289 dixit.
369 1257 493 1289 Recte.
528 1258 620 1289 Nota
635 1263 687 1289 est
706 1263 859 1289 conster-

161 1309 268 1349 natio,
284 1313 319 1340 et
335 1307 416 1349 fuga
432 1318 560 1348 eorum,
571 1309 627 1350 qui
645 1319 687 1340 ex
701 1309 859 1340 Cannen-

160 1359 188 1390 si
204 1359 300 1390 clade
314 1364 508 1391 evaserunt:
531 1360 587 1402 qui
601 1364 719 1390 noctes
736 1366 771 1391 et
786 1360 859 1390 dies

161 1419 331 1451 nunquam
353 1419 484 1440 cursum
507 1415 543 1442 et
570 1409 684 1451 fugam
711 1410 861 1441 intermi-

162 1460 280 1491 serint.
325 1461 424 1494 Quod
442 1461 556 1492 Livius
574 1462 768 1492 nominatim
792 1471 861 1492 mo-

162 1515 234 1542 net.
278 1510 333 1542 Ab
357 1521 397 1542 eo
415 1512 620 1552 joculariter
651 1512 859 1550 Cannenses,

160 1559 223 1591 hoc
240 1565 305 1602 est,
320 1561 376 1602 qui
400 1571 441 1591 ex
465 1561 562 1592 clade
585 1562 754 1592 Cannensi
777 1560 861 1592 effu-

163 1616 297 1651 gerant,
314 1612 521 1643 vocabantur
546 1621 712 1651 cursores,
738 1616 775 1642 ut
791 1621 860 1642 sus·

163 1662 271 1702 picari
289 1663 382 1695 licet.
427 1663 475 1694 At
499 1668 632 1700 contra,
651 1667 862 1702 praepostere

161 1713 330 1744 Titinnius
355 1723 524 1745 cursorem
550 1713 683 1743 vocavit
707 1713 862 1743 Cannen-

164 1772 247 1795 sem.
285 1764 364 1794 Nou
379 1764 479 1798 enim,
496 1763 522 1793 si
540 1764 736 1794 Cannenses
751 1771 862 1793 curso-

163 1822 218 1844 res
235 1813 448 1852 dicebamur,
461 1813 503 1843 ab
516 1822 556 1843 eo
571 1821 780 1852 consequens
797 1812 863 1842 erit

164 1867 200 1894 et
229 1873 403 1894 cursorem
449 1862 601 1904 quemvis
648 1862 861 1893 Cannensem

165 1913 245 1944 dici.
292 1914 359 1944 Sed
377 1915 507 1944 comica
523 1912 661 1944 licentia
684 1913 861 1952 eleganter

162 1965 228 1996 hoc
252 1964 380 1995 dictum
407 1974 427 1995 a
448 1964 597 1995 Titinuio
623 1963 860 2003 accipiendum

164 2019 228 2046 est.
250 2016 320 2045 Jos.
332 2015 415 2046 Scal.

211 2066 402 2097 Cannensem
414 2065 582 2105 cursorem]
599 2064 698 2104 Legit
711 2064 864 2104 Scaliger

167 2117 369 2157 Cannensem,
390 2125 544 2146 cursorem
570 2115 707 2146 Titinius
728 2124 863 2155 praepos-

163 2169 227 2196 lere
241 2165 336 2196 dixit.
391 2166 437 2196 Et
451 2165 498 2196 ita
513 2174 684 2196 cursorem
701 2165 862 2195 Titinium

165 2216 289 2248 dixisse
307 2216 513 2257 suspicatur,
530 2216 692 2247 allusione
710 2215 803 2247 facta
820 2216 861 2247 ad

165 2268 473 2299 consternationem
488 2272 523 2299 et
538 2266 652 2308 fugam
665 2277 794 2308 eorum,
806 2267 863 2309 qui

165 2328 207 2348 ex
222 2318 393 2349 Cannensi
407 2318 503 2350 clade
517 2319 774 2359 evaserunt‚qui
788 2329 864 2350 noc-

166 2372 219 2399 tes
236 2373 271 2399 et
285 2368 356 2398 dies
371 2378 539 2409 nunquam
555 2378 690 2400 cursum
705 2374 739 2400 et
751 2369 862 2409 fugam

166 2418 422 2456 intermiserint,
444 2417 532 2458 quod
558 2423 766 2458 praepostere
792 2419 863 2450 dic-

168 2473 240 2500 tum
257 2468 329 2498 vult
348 2467 491 2497 Festus:
517 2476 591 2497 cum
616 2468 680 2498 etsi
708 2468 864 2499 Cannen-

167 2527 220 2549 ses
237 2526 391 2549 cursores
405 2516 689 2551 dicerentur,non
704 2518 866 2549 continuo

167 2574 203 2601 et
220 2568 327 2609 quivis
345 2577 462 2599 cursor
479 2567 665 2597 Cannensis
681 2568 748 2598 dici
767 2573 865 2608 potu-

167 2619 247 2651 erit.
293 2619 365 2658 Ego
383 2627 461 2648 vero
477 2617 632 2648 existimo
646 2618 782 2648 Festum
800 2628 867 2650 uon

168 2678 242 2700 esse
265 2671 454 2699 assecutum
477 2671 624 2698 mentem
652 2668 785 2707 Titinii,
808 2669 863 2709 qui

168 2720 381 2751 Cannensem
405 2727 575 2750 cursorem
604 2719 735 2749 vocavit
760 2728 863 2759 quen·

912 1005 990 1035 dam
1025 1013 1095 1034 suae
1127 1002 1238 1034 aetatis
1269 1002 1435 1033 hominem
1464 1007 1502 1034 ut
1533 1012 1609 1034 eum

912 1054 1111 1096 φυγόμοιχον,
1129 1058 1167 1084 ut
1188 1052 1349 1084 Horatius
1375 1052 1509 1082 diceret
1534 1053 1542 1069 ‘
1559 1053 1612 1082 fu-

913 1105 1055 1146 gacem,'
1068 1105 1274 1144 designaret.
1301 1102 1424 1142 Itaque
1438 1102 1530 1132 nulla
1544 1102 1610 1133 dis-

913 1156 1034 1187 tinctio
1058 1159 1135 1196 post
1153 1155 1367 1190 Cannensem,·
1394 1161 1504 1193 neque
1521 1153 1609 1183 enim

914 1208 1105 1237 Cannensem
1123 1205 1170 1236 sic
1186 1204 1341 1235 absolute
1358 1203 1446 1234 dixit
1455 1203 1613 1236 Titinius.

910 1258 978 1290 Sed
995 1258 1059 1289 alia
1075 1257 1175 1288 etiam
1202 1265 1296 1287 mens
1312 1254 1486 1293 Meursi03
1511 1260 1610 1295 putat

912 1310 1000 1340 enim
1018 1308 1180 1348 scriptum
1201 1305 1306 1337 fuisse
1326 1315 1488 1336 cunensem
1511 1306 1612 1337 unico

913 1371 954 1391 n:
977 1369 1099 1400 nempe
1116 1368 1134 1388 a
1150 1367 1245 1396 cane,
1272 1356 1362 1398 quod
1387 1360 1463 1387 erat
1485 1355 1612 1388 vinculi

914 1410 1016 1442 ferrei
1033 1419 1151 1451 genuS,
1168 1414 1204 1439 et
1221 1412 1397 1439 catenatos
1415 1406 1521 1437 fuisse
1549 1407 1614 1447 pis-

916 1467 1005 1492 tores
1022 1470 1120 1492 nemo
1137 1460 1281 1500 ignorat.
1315 1458 1438 1499 Itaque
1455 1466 1614 1488 cunensem

914 1511 1027 1552 lepide
1051 1515 1163 1549 vocat,
1188 1514 1345 1550 tanquam
1365 1519 1384 1539 a
1400 1509 1475 1538 loco
1499 1507 1613 1547 aliquo

915 1562 1098 1602 regioneve
1119 1558 1254 1590 nomine
1278 1558 1439 1589 deducto.
1486 1558 1530 1588 Et
1544 1567 1614 1588 cur-

914 1621 1013 1642 sorem
1029 1613 1171 1650 propter
1194 1616 1328 1638 cursum
1353 1616 1452 1647 quem
1476 1616 1613 1637 exerce-

916 1662 998 1693 bant
1014 1662 1045 1691 iu
1060 1658 1351 1699 circumagitanda
1364 1658 1463 1689 mola.
1490 1658 1571 1688 Dac.

960 1718 975 1740 g
986 1711 1103 1751 Canta]
1118 1711 1158 1742 Iu
1171 1709 1289 1741 Saliari
1301 1709 1507 1744 carmine,ut
1519 1711 1615 1748 puto,

917 1761 1006 1793 unde
1021 1772 1062 1801 pa
1078 1770 1138 1801 pro
1152 1763 1253 1801 parte,
1266 1769 1305 1798 po
1318 1768 1379 1800 pro
1393 1758 1515 1798 populo,
1534 1758 1615 1789 Fes-

917 1817 971 1844 tus
989 1812 1141 1843 adduxit.
1166 1810 1254 1842 Vide
1271 1810 1317 1841 ibi
1333 1813 1461 1840 notata.
1485 1809 1614 1839 Verum

916 1863 970 1894 liic
995 1862 1076 1893 mihi
1100 1862 1193 1892 locus
1219 1863 1396 1900 suspectus
1420 1863 1483 1897 est,
1509 1862 1556 1893 et,
1581 1858 1616 1888 ni

916 1914 1002 1945 bene
1019 1912 1132 1953 fallor,
1149 1909 1344 1952 legendum,
1364 1909 1464 1940 Cante
1475 1918 1530 1948 pro
1543 1917 1615 1938 can-

914 1968 979 1995 tate
999 1963 1166 2004 ponebant.
1211 1962 1264 1992 Ex
1287 1960 1350 1991 hoc
1367 1958 1531 1990 Varronis
1553 1957 1615 1988 lib.

916 2025 967 2047 vl.
992 2014 1034 2046 de
1051 2014 1090 2045 L.
1107 2014 1147 2044 L.
1164 2012 1221 2044 ubi
1238 2020 1338 2043 voces
1356 2020 1373 2040 e
1388 2010 1538 2042 carmine
1554 2009 1614 2040 Sa-

917 2065 1036 2096 liorum
1055 2063 1206 2101 adducit,
1232 2063 1240 2077 ‘
1255 2061 1310 2092 Ab
1327 2060 1444 2091 eadem
1466 2069 1550 2090 voce
1567 2069 1617 2088 ca-

917 2114 1007 2155 nite,’
1024 2114 1147 2154 inquit,
1171 2112 1181 2128 ‘
1196 2120 1335 2153 proquo
1353 2111 1385 2140 in
1405 2109 1525 2140 Saliari
1541 2118 1615 2139 car-

918 2165 1007 2196 mine
1024 2165 1191 2204 scriptum
1214 2167 1269 2193 est
1291 2165 1392 2199 cante,
1414 2160 1478 2190 hoc
1496 2167 1616 2189 versu:

918 2216 1043 2247 Divum
1068 2219 1149 2245 exta
1173 2217 1286 2251 cante,
1305 2211 1427 2242 Divum
1444 2210 1522 2240 Deo
1539 2218 1617 2249 sup-

919 2268 1008 2308 plice
1023 2264 1148 2297 cante.’
1179 2265 1275 2294 Idem.

960 2316 974 2337 ¹¹
990 2315 1193 2354 Cantherius]
1211 2309 1412 2345 Cantherios
1429 2318 1530 2351 equos
1547 2309 1616 2340 dic-

918 2373 971 2399 tos
985 2372 1083 2408 putat
1094 2367 1203 2396 Varro
1215 2362 1304 2404 quod
1321 2361 1447 2392 semine
1458 2364 1616 2390 careant:

919 2418 1035 2457 inepte
1053 2425 1143 2447 sane.
1171 2413 1313 2454 Optime
1323 2410 1497 2449 Caninius,
1510 2409 1543 2439 in
1557 2409 1617 2439 Al-

920 2468 1077 2508 phabeto‚
1092 2477 1111 2497 a
1124 2465 1247 2496 Graeco
1263 2461 1436 2502 κανθήλιος,
1448 2466 1470 2492 λ
1485 2464 1618 2491 mutato

920 2519 953 2549 in
971 2530 998 2558 ρ.
1024 2518 1120 2547 Idem.

958 2568 966 2587 ¹
996 2567 1189 2607 Cancurnus]
1224 2563 1441 2605 Geographis
1472 2562 1617 2602 ignotus.

922 2620 1020 2649 Idem.

963 2667 977 2687 Ι(
996 2666 1198 2708 Caperatum]
1218 2665 1246 2697 A
1268 2675 1358 2706 caper
1375 2668 1426 2695 est
1442 2672 1616 2704 caperare.

920 2719 1009 2750 unde
1025 2724 1185 2760 caperata
1206 2716 1299 2749 frons
1317 2716 1408 2756 rugis
1426 2718 1614 2747 contracta.
