1835 2906
289 164 349 194 DE
383 161 660 192 VERBORUM
697 160 1103 193 SlGNlFlCATIONF,
1138 161 1233 191 LIB.
1267 162 1331 191 IV.

1457 152 1541 194 227

152 261 348 301 diurnum
372 258 454 298 sub
478 258 594 299 coelo
615 259 776 307 lumen,
799 256 871 296 ἀπὸ
905 257 968 295 τοῦ
997 254 1097 303 Διός.
1149 256 1276 298 Unde
1297 257 1438 299 adhuc
1459 261 1540 300 sub

151 328 224 368 dio
244 324 337 365 fieri
359 324 559 376 dicimus,
585 326 706 380 quod
727 337 816 365 non
836 323 884 365 fit
904 324 984 365 sub
1000 328 1142 375 tect03
1167 329 1207 365 et
1220 326 1452 377 interdiu,m
1470 329 1543 368 cui

151 392 414 435 contrarium
437 396 504 433 est
524 397 673 434 noctu.

733 391 883 440 Dium,
916 390 1033 444 quod
1066 391 1149 431 sub
1179 393 1296 432 coelo
1328 398 1398 434 est
1417 398 1544 436 extra

149 464 325 509 tectum,
349 461 405 500 ab
428 460 541 501 Jove
562 456 810 501 dicebaturi
833 462 877 499 et
898 459 1046 499 Dialis
1067 458 1241 508 flamen,
1269 464 1311 500 et
1340 461 1454 502 Dius
1470 462 1543 502 he-

149 540 270 568 roum
304 527 525 582 aliquis²³¹¹
558 528 613 568 ab
645 526 761 567 Jove
794 539 931 578 genus
965 526 1144 566 ducens.

1204 526 1336 567 Dium
1377 527 1515 581 fulgur
1529 534 1544 549 ⁰

150 595 435 648 appellabant
456 595 672 643 diurnum,
694 593 811 646 quod
830 594 1045 646 putabant
1059 592 1088 634 J
1092 594 1204 643 ovis,
1225 597 1270 634 ut
1287 597 1544 635 nocturnum

151 662 387 703 Summani.

96 729 169 769 Do
180 740 223 768 ω
238 735 253 759 Ρ
287 728 503 770 vocabulo
530 740 642 768 nunc
663 730 829 768 tantum
851 728 897 768 in
917 729 1049 769 malis
1070 729 1262 770 utimur:
1294 730 1413 784 apud
1437 730 1545 771 anti-

150 808 263 848 quos
286 800 430 836 autem
450 795 585 836 etiam
605 795 649 835 in
669 796 796 836 bonis
817 797 949 837 rebus
973 798 1228 838 utebantur:
1260 798 1375 838 unde
1401 797 1545 838 adhuc

150 862 352 913 dicimus,
374 863 480 904 Sine
512 863 613 904 dolo
640 863 785 914 ma103
815 864 1029 914 nimirum,
1061 865 1164 919 quia
1195 866 1366 906 solebat
1396 865 1483 905 dici
1505 870 1546 905 et

151 930 312 971 bonus.

99 998 314 1047 Doliola,‘³
336 998 463 1038 locus
483 998 527 1039 in
548 998 655 1039 urbe
676 997 742 1038 sic
766 1001 952 1038 vocatus
968 999 1089 1051 quia,
1110 999 1417 1040 invadentibus
1439 998 1546 1040 Gal-

706 1106 824 1118 eeeeee

140 1163 159 1190 S
175 1161 260 1191 Vide
277 1162 360 1192 Not.
374 1162 395 1192 l.
413 1172 445 1193 n.
463 1162 525 1193 inf.

826 1107 942 1118 σσσσσσ

750 1248 891 1280 NOTAE

98 1310 252 1351 agnoscis
275 1310 374 1342 facile
398 1311 603 1343 subaeratum
620 1312 718 1344 Pauli
736 1323 796 1345 nu-

97 1361 233 1391 misma:
259 1362 315 1402 qui
340 1361 411 1392 sine
428 1361 533 1392 dubio
550 1363 648 1402 plane
666 1364 797 1404 legerat

98 1411 187 1451 apud
213 1412 351 1442 Festum
375 1412 458 1443 Dius
479 1412 602 1444 Fidius.
647 1414 680 1444 Is
707 1414 796 1445 enim

98 1467 150 1492 est
167 1471 184 1491 a
200 1461 288 1492 Jove
310 1472 415 1502 genus
433 1462 573 1495 ducens.
620 1463 796 1495 Gramma-

99 1511 158 1541 tici
190 1511 325 1542 Graeci:
349 1512 459 1543 ‘Dius
489 1512 592 1555 filius,
622 1514 696 1546 Διὸς
725 1515 798 1555 υἱὸς,

99 1561 275 1602 Ἧρακλῆς.’
298 1563 365 1593 Jos.
382 1562 465 1593 Scal-

142 1612 260 1652 Dc'um]
295 1612 382 1652 Παρὰ
404 1614 460 1644 τοῦ
484 1613 570 1655 Διὸς,
596 1620 605 1633 ‘
620 1616 662 1646 ab
688 1616 799 1647 Jove.’

100 1663 199 1693 Unde
214 1661 300 1701 δι’ἰός,
317 1664 389 1699 δῖος,
413 1663 422 1679 ‘
440 1664 551 1695 Dius.’
597 1665 695 1701 Inde,
718 1667 799 1697 ‘sub

101 1714 189 1746 Dio.’
238 1715 340 1747 Quod
365 1715 488 1746 Horat.
513 1715 613 1756 dixit,
638 1717 646 1733 ‘
663 1717 725 1748 sub
741 1718 800 1750 Jo—

102 1765 167 1795 ve.’
193 1766 274 1796 Dae.

145 1820 167 1835 ω
195 1817 236 1846 Et
257 1816 409 1856 interdiu]
444 1816 513 1847 Diu
535 1820 570 1847 et
592 1820 684 1848 noctu
700 1826 764 1848 non
780 1827 801 1849 a

105 1866 202 1904 Dius,
226 1871 264 1897 ut
293 1871 394 1907 putat
418 1867 555 1904 Festus,
579 1868 637 1898 sed
663 1878 681 1898 a
708 1868 801 1900 Dies.

102 1917 110 1932 ‘
130 1916 216 1947 Diu'
234 1921 269 1947 et
285 1918 292 1933 ‘
308 1923 409 1947 noctu
425 1916 432 1928 '
450 1927 510 1957 pro
535 1918 544 1934 ⁴
557 1916 611 1947 die
623 1916 630 1929 '
648 1923 683 1948 et
699 1917 708 1934 ‘
723 1927 800 1948 noc-

105 1965 162 1996 te.5
188 1966 346 2007 Antique.
369 1967 468 1997 Unde
484 1967 678 1999 ‘interdiu.'
703 1967 801 1999 Idem.

149 2022 163 2036 ¹¹
190 2017 233 2047 Et
253 2018 336 2048 Dius
359 2018 482 2048 heroum
507 2017 636 2058 aliquis]
671 2018 802 2049 Hercu-

106 2068 170 2098 lem
188 2068 357 2108 intelligit.
387 2068 454 2099 Sed
470 2069 655 2109 scripserat
672 2070 802 2108 Festus,

106 2124 144 2148 ut
158 2119 286 2159 optime
308 2119 475 2159 Scaliger,
498 2119 582 2150 Dius
596 2119 698 2159 fidius
724 2119 804 2150 Her.

107 2170 149 2200 al.
174 2169 213 2199 ab
238 2170 316 2199 Jove
342 2179 441 2208 genus
469 2170 592 2199 ducens.
636 2169 706 2200 Pro
735 2179 802 2210 quo

109 2218 309 2249 subaeratum
346 2219 509 2249 numisma
541 2218 669 2248 Paulus
699 2218 806 2253 dedit.

110 2267 332 2307 Glossarium,
362 2275 370 2287 ¹
385 2270 471 2300 Dius
499 2268 612 2300 filius:
641 2268 714 2300 Διὸς
730 2268 808 2309 υἱὸς,

110 2317 287 2357 “Ηρακλῆς.’
313 2319 410 2350 Idem.

154 2372 168 2386 0
193 2367 429 2407 Diumsulgur]
464 2367 542 2399 Jovi
560 2368 680 2399 diurna
697 2368 808 2401 fulmi-

112 2427 168 2455 na,
191 2417 372 2447 Summano
394 2421 556 2447 nocturna
576 2418 722 2449 Veteres
751 2420 808 2449 tri-

114 2467 278 2505 buebant,
294 2466 382 2507 quod
400 2467 456 2497 ille
472 2467 566 2502 Diei,
582 2468 636 2498 hic
654 2469 809 2500 tenebra-

116 2528 188 2550 rum
207 2522 318 2557 pater:
336 2521 386 2547 est
409 2517 495 2547 enim
513 2518 712 2548 Summanus
728 2518 810 2549 Plu-

116 2572 163 2599 ῐο.
178 2567 291 2600 Gloss.
305 2570 314 2585 ‘
327 2565 573 2607 Κεραυνοβόλιον
582 2566 734 2609 ἡμερινὸν,
746 2567 809 2599 fnl-

119 2627 180 2656 gur
206 2617 336 2648 Dium.'

120 2665 302 2707 νυκτερινὸν,
316 2666 429 2706 fulgur
442 2668 680 2698 Siiinmanum.'
706 2669 715 2686 ‘
728 2669 812 2699 Pro-

123 2727 254 2747 vorsnm
269 2717 276 2729 '
293 2727 370 2747 vero
388 2717 499 2758 fulgur
516 2717 707 2757 dicebatur,
722 2719 810 2759 quod

852 1313 1016 1344 incertum
1043 1316 1118 1344 erat
1138 1318 1241 1343 noctu
1258 1321 1298 1342 an
1315 1310 1463 1342 interdiu
1479 1311 1550 1343 fac—

853 1368 922 1394 tum
947 1369 1050 1402 esset,
1075 1367 1281 1403 quapropter
1305 1361 1383 1393 Jovi
1400 1360 1549 1401 fulgura·

852 1415 917 1444 tori
935 1419 969 1444 et
985 1415 1167 1445 Smnmano
1187 1412 1438 1444 sacrificabant.
1462 1413 1551 1443 Vide

853 1465 862 1480 ‘
879 1463 1101 1504 provorsum.'
1126 1464 1224 1495 Idem.

894 1519 910 1540 Ρ
934 1514 1026 1554 Doli]
1060 1514 1180 1554 Dolus,
1198 1519 1234 1544 ut
1252 1513 1283 1543 in
1303 1512 1435 1551 malam,
1452 1512 1550 1542 sicet

851 1565 884 1595 in
902 1565 1020 1595 bonam
1038 1570 1184 1605 partem,
1202 1562 1406 1593 sumebatur.
1454 1561 1552 1592 Unde

855 1615 897 1645 ad
915 1615 1170 1645 distinctionem
1196 1614 1327 1643 ‘dolum
1351 1612 1474 1641 malum
1488 1614 1495 1627 ’
1518 1617 1553 1641 et

855 1665 864 1680 ‘
878 1663 991 1694 dolum
1009 1664 1132 1694 bonum
1146 1662 1153 1674 '
1177 1662 1349 1693 dicebant.
1395 1661 1451 1692 Sic
1470 1661 1552 1691 mul-

856 1718 900 1745 tae
919 1715 992 1745 aliae
1011 1724 1110 1745 voces
1128 1713 1262 1752 mediae,
1282 1722 1358 1743 cum
1380 1711 1470 1751 apud
1490 1713 1554 1742 La-

857 1765 958 1803 tinos,
975 1769 1045 1795 tum
1065 1764 1153 1804 apud
1172 1764 1324 1801 Graecos,
1341 1766 1378 1792 ut
1400 1761 1409 1777 ‘
1424 1761 1534 1801 gratia
1546 1761 1553 1773 ’

856 1814 944 1853 apud
971 1815 1110 1845 Terent.
1140 1814 1227 1844 bona
1254 1817 1288 1843 et
1317 1812 1400 1841 mala
1429 1811 1552 1851 gratia.

857 1864 994 1894 Pllorm.
1011 1872 1060 1895 lv.
1077 1866 1109 1894 3.
1132 1865 1140 1879 ‘
1155 1864 1244 1894 iuter
1261 1871 1318 1892 vos
1336 1861 1384 1891 sic
1409 1860 1480 1891 haec
1498 1869 1555 1900 po-

856 1914 921 1944 tius
939 1923 1014 1943 cum
1032 1913 1118 1943 bona
1132 1913 1181 1943 Ut
1195 1916 1419 1951 componatur
1435 1911 1557 1950 gratia,

856 1973 956 2004 quam
987 1973 1061 1994 cum
1094 1962 1204 1993 mala.’
1251 1964 1293 1992 Et
1326 1960 1414 2001 apud
1443 1960 1557 1991 Plaut.

856 2013 1001 2044 alicubi:
1041 2015 1050 2030 ‘
1064 2014 1227 2052 Cognatae
1245 2021 1329 2042 meae
1347 2011 1467 2041 malam
1483 2019 1557 2049 gra-

859 2063 939 2094 tiam
957 2064 1082 2094 habere
1100 2062 1258 2103 nequeo.’
1288 2062 1341 2092 Sic
1357 2060 1446 2100 apud
1462 2059 1559 2089 Grae-

857 2124 915 2145 cos
931 2113 1032 2154 χάρις.
1057 2114 1188 2144 Callim.
1204 2113 1291 2153 hym.
1309 2112 1340 2141 in
1360 2111 1440 2141 Del.
1462 2108 1559 2139 Μάλα

856 2162 918 2204 ’γάρ
932 2176 970 2195 τε
983 2165 1082 2195 κακῶς
1092 2163 1285 2204 ἐχαρίσσατο
1298 2162 1403 2198 Λητοῖ.
1429 2165 1436 2178 ‘
1451 2159 1560 2190 Valde

863 2215 951 2245 enim
969 2215 1089 2245 malam
1106 2215 1249 2255 gratiam
1262 2213 1379 2243 retulit
1395 2210 1559 2243 Latonae!

862 2265 960 2296 Idem.

906 2321 921 2341 q
944 2316 1085 2356 Doliola]
1110 2314 1343 2346 Varr.lib.1v.
1367 2314 1449 2344 ‘Est
1467 2313 1558 2344 locus

864 2367 920 2407 qui
939 2371 1077 2397 vocatur
1091 2365 1224 2396 Doliola
1241 2364 1282 2394 ad
1296 2365 1442 2395 cloacam
1457 2365 1560 2394 maxi-

863 2426 964 2455 mam,
988 2417 1044 2447 ubi
1067 2426 1132 2447 nou
1158 2417 1237 2447 licet
1262 2415 1441 2456 despuere,
1457 2425 1476 2446 a
1492 2415 1560 2445 Do-

864 2467 952 2497 liolis
968 2467 1029 2498 sub
1047 2465 1165 2497 terra.’
1212 2466 1386 2506 Integram
1403 2476 1444 2496 ex
1463 2466 1559 2496 Livio

864 2517 1038 2547 historiam
1060 2516 1145 2546 libet
1160 2525 1331 2556 apponere
1354 2515 1410 2546 lib.
1429 2524 1459 2547 v.
1476 2521 1560 2546 sect.

863 2570 917 2599 40.
940 2568 949 2584 ‘
966 2568 1101 2598 Flamen
1126 2567 1260 2598 interim
1277 2567 1477 2605 Quirinalis,
1495 2567 1562 2597 vir-

380 2620 388 2634 ‘
402 2616 643 2658 Κεραυνοβόλιον
660 2618 720 2648 ἀπὸ
737 2618 816 2658 πρωῒ
867 2620 1027 2659 ginesque
1044 2619 1212 2657 Vestales,
1225 2619 1346 2649 omissa
1362 2628 1469 2648 rerum
1488 2627 1561 2648 sua-

867 2678 939 2699 rum
965 2678 1057 2707 cura,
1080 2678 1152 2709 quae
1179 2678 1351 2699 sacrorum
1374 2678 1487 2698 secum
1514 2666 1561 2697 ἴοι

868 2719 984 2755 reuda,
1002 2729 1075 2760 quae
1102 2719 1197 2760 (quia
1219 2720 1304 2750 vires
1322 2720 1362 2750 ad
1387 2719 1497 2749 omnia
1517 2718 1562 2747 fe-
