1835 2906
239 101 324 143 490

680 113 831 144 snxrr
862 92 1069 145 ‘POMPEII
1105 115 1243 145 Fsssrt

293 206 526 248 aedificatae
567 210 698 248 sunt:
729 207 851 262 quod
892 221 1048 261 parum
1082 209 1245 262 amplae
1285 214 1410 251 erant
1446 214 1620 252 veteres
1656 225 1681 252 a

301 272 494 322 Romul-o
513 273 658 324 factae,
686 274 762 315 ubi
784 275 822 315 is
843 275 1059 328 populum
1076 279 1118 316 et
1140 288 1269 317 sacra
1289 275 1335 317 in
1354 276 1492 330 partis
1508 277 1684 330 triginta

297 338 588 391 distribuerat,
611 345 657 382 ut
686 342 729 382 in
764 342 820 382 iis
853 354 909 382 ea
939 354 1065 382 sacra
1090 347 1311 392 curarent,
1344 357 1459 397 quae,
1497 356 1596 384 cum
1627 357 1685 384 ex

297 407 522 449 veteribus
557 408 601 449 in
632 421 771 450 novas
802 413 1102 459 evocarentur,
1134 409 1332 463 septem⁶
1369 410 1589 451 curiarum
1609 423 1685 463 per

300 474 532 528 religiones
579 477 755 518 evocari
799 489 883 517 non
931 479 1189 530 potuerunt:

1248 477 1399 532 itaque
1440 478 1685 527 Forensis‚⁷

299 540 479 595 Raptae,
499 542 751 592 Vellensis,²³
773 541 951 584 Velitiae
974 555 1045 584 res
1078 543 1241 585 divinae
1264 544 1372 588 fiunt
1396 545 1441 585 in
1463 545 1684 585 veteribus

298 610 447 651 curiis.

238 676 453 718 Novalisq
486 689 589 730 ager
609 689 740 719 novae
762 677 948 718 relictus
970 678 1164 719 sementi.

842 783 961 795 eeeeee

1509 676 1687 730 [PAUL.

964 782 1083 796 ““““

279 852 299 880 6
322 849 384 879 Vir
400 849 491 881 doct.
509 850 542 880 in
559 859 665 890 marg.
682 850 836 891 ejusdem
854 850 910 881 ed.
926 850 1066 891 conjicit
1078 853 1288 891 quamam—⁷
1311 849 1375 882 Ed.
1391 849 1478 881 Scal.
1495 850 1666 881 Foriensis.

236 895 299 923 -8
325 892 385 922 Vir
400 891 492 924 doct.
510 892 544 923 in
560 902 665 934 marg.
683 893 836 933 ejusdem
852 893 907 925 ed.
924 894 1015 934 conj.
1033 893 1193 925 Veliensis.

890 977 1033 1011 NOTAE

232 1053 270 1083 T.
299 1052 400 1084 Curia
416 1053 504 1084 enim
522 1053 613 1084 Titia
629 1057 729 1095 atque
746 1053 857 1085 Tifata
874 1063 931 1084 ex-

236 1103 468 1142 plicantur,et
483 1104 572 1144 apud
588 1104 716 1134 Livium
732 1104 856 1135 Faucia
869 1104 934 1135 Cu-

235 1153 287 1183 ria
308 1152 367 1183 lib.
391 1162 445 1184 rx.
484 1153 683 1184 Ceterarum
706 1153 842 1185 uomina
867 1163 933 1185 non

237 1203 368 1243 accepi.
390 1203 470 1234 Ant.
486 1204 572 1243 Aug.

281 1253 379 1284 Novae
404 1254 514 1295 curz'oe]
540 1254 678 1293 Mirum,
703 1264 779 1286 cum
801 1260 933 1295 septem

235 1303 404 1335 curiarum
421 1305 624 1335 mentionem
639 1304 773 1345 fecerit,
787 1310 934 1345 quatuor

236 1359 368 1384 tantum
396 1354 532 1385 nomina
552 1355 772 1395 apposuisse:
798 1361 833 1386 et
859 1365 935 1386 cnm

236 1402 375 1433 dubium
397 1413 463 1434 non
481 1404 525 1435 sit
548 1413 729 1444 perperam
744 1408 858 1444 septem
875 1415 935 1446 pro

235 1457 366 1493 quatuor
390 1454 471 1494 legi,
498 1456 653 1495 proxime
677 1464 796 1486 verum
818 1461 881 1490 est,
898 1463 935 1486 nt

235 1514 277 1534 ex
294 1504 381 1535 notis
397 1514 612 1536 numerorum
632 1515 725 1536 error
749 1505 804 1536 ille
822 1515 936 1537 mana-

237 1556 336 1586 verit.
353 1561 391 1586 ut
412 1556 490 1586 VII.
508 1566 567 1597 pro
584 1556 676 1587 IIII.
692 1556 817 1597 legerit
834 1556 934 1588 libra-

236 1604 330 1636 rius:
356 1605 446 1646 quod
474 1605 574 1638 facile
597 1607 673 1646 fnit,
703 1612 740 1637 ut
763 1606 837 1638 duae
867 1608 934 1648 pri-

235 1665 298 1686 mae
315 1662 406 1688 notae
428 1656 581 1688 inferiori
601 1663 698 1698 parte
723 1657 813 1688 inter
828 1666 864 1688 se
881 1668 935 1689 co·

235 1707 412 1739 haeserint.
458 1708 568 1740 Porro
595 1709 753 1748 Forensis,
777 1718 843 1739 non
871 1709 933 1740 Fo-

234 1757 358 1796 riensis,
375 1757 592 1789 scribendum
610 1768 696 1794 esse,
715 1759 767 1789 vel
784 1768 869 1790 unus
886 1760 934 1790 0-

237 1807 347 1838 vidius
371 1809 558 1840 convicerit
582 1810 758 1841 Fastorum
776 1810 864 1841 libro
880 1819 935 1841 ιιι.

236 1861 244 1873 ‘
264 1858 431 1891 Quintum
464 1859 668 1898 Laurentes,
699 1859 750 1890 bis
780 1861 935 1900 quintum

233 1907 429 1949 AEquicolus
445 1919 532 1942 acer.
578 1909 608 1940 A
633 1910 740 1941 tribus
762 1910 850 1941 hunc
867 1911 935 1950 pri-

235 1968 325 1989 mum
351 1959 450 1990 turba
474 1960 630 1991 Forensis
648 1960 773 1992 habet.'
820 1961 934 1991 Foren-

234 2019 282 2039 ses
298 2014 388 2049 sunt,
404 2019 486 2051 quos
501 2010 624 2041 Strabo
642 2011 785 2049 Forulos,
802 2011 936 2043 Plinius

238 2059 379 2091 For-elios
402 2066 512 2092 vocat.
560 2061 648 2092 Nam
667 2071 686 2092 a
710 2062 844 2102 populis
860 2061 935 2093 fini-

235 2109 325 2140 timis
353 2110 471 2141 Curias
500 2112 633 2142 vocavit
659 2112 834 2143 Romulus.
879 2113 935 2143 Sic

235 2159 397 2196 Tifatam,
413 2160 618 2200 Veliensem,
635 2164 698 2192 dcc.
723 2162 861 2201 Velina,
876 2172 935 2194 cu-

230 2211 289 2249 jus
306 2211 357 2241 liic
375 2212 513 2251 mentio,
529 2211 621 2242 dicta
637 2221 656 2242 a
670 2212 934 2243 Velitiensibus:

236 2269 378 2299 quorum
396 2262 548 2292 meminit
567 2261 656 2292 idem
674 2261 826 2293 Plinius:
852 2263 935 2294 licet

236 2320 416 2350 perperam
440 2312 472 2342 in
497 2312 644 2352 vulgatis
666 2312 761 2343 libris
783 2313 934 2345 Vellicen-

236 2370 283 2390 ses
321 2371 381 2402 pro
422 2362 605 2393 Velitienses
649 2362 750 2394 hodie
787 2363 933 2403 legatur.

238 2414 320 2442 Cum
339 2423 380 2444 ex
397 2414 447 2445 his
471 2415 562 2445 Festi
583 2415 695 2446 verbis
712 2420 827 2455 pateat
844 2421 934 2447 vete-

237 2471 291 2491 res
303 2465 425 2505 curias,
439 2470 565 2505 praeter
579 2471 934 2507 quatuor‚exaugura-

237 2517 289 2541 tas
319 2512 434 2552 fuisse,
457 2515 541 2545 etin
563 2515 674 2546 locum
692 2525 806 2546 earum
831 2526 934 2548 novas

237 2567 467 2598 consecratas,
498 2564 578 2603 jure
610 2565 683 2606 quis
716 2565 936 2607 dubitaverit,

239 2619 343 2651 quare
360 2611 409 2642 M.
424 2612 534 2644 Varro
550 2624 610 2645 suo
633 2619 785 2656 tempore
802 2622 936 2648 veteres

239 2665 353 2702 vocet,
376 2669 442 2692 non
468 2670 584 2704 novas,
604 2673 680 2696 cum
707 2666 776 2698 ait:
802 2667 936 2699 ‘Curiae

987 1051 1130 1083 duorum
1147 1061 1332 1092 generum:
1355 1060 1432 1082 nam
1458 1054 1493 1082 et
1512 1050 1568 1082 ubi
1592 1059 1687 1082 cura·

989 1108 1066 1134 rent
1081 1102 1283 1134 Sacerdotes
1299 1111 1353 1134 res
1369 1102 1510 1141 divinas,
1528 1106 1563 1133 et
1584 1102 1687 1133 curiae

989 1158 1135 1193 veteres,
1152 1158 1186 1184 et
1209 1153 1265 1184 ubi
1289 1153 1432 1184 Senatus
1459 1153 1630 1188 humanas,
1650 1157 1688 1183 ut

988 1203 1081 1234 curia
1098 1202 1269 1234 Hostilia!
1316 1203 1454 1234 Frustra
1470 1202 1558 1233 enim
1576 1210 1687 1232 vocas-

988 1258 1042 1284 set
1058 1258 1203 1292 veteres,
1219 1252 1280 1283 nisi
1297 1258 1333 1283 et
1350 1261 1445 1283 novae
1462 1261 1595 1293 quoque
1613 1252 1686 1292 jam

987 1310 1057 1337 tum
1075 1311 1201 1338 essent.
1243 1306 1309 1338 Sed
1327 1315 1393 1337 non
1418 1305 1557 1336 dubium
1576 1305 1687 1346 potius

985 1361 1119 1386 veteres
1157 1355 1297 1396 dixisse,
1334 1356 1413 1397 quia
1449 1356 1515 1387 illae
1553 1361 1686 1387 vocata>

986 1407 1130 1445 primum
1147 1406 1271 1445 curiae3
1296 1415 1371 1437 nam
1389 1415 1484 1437 novae
1498 1405 1607 1438 adhuc
1621 1415 1687 1436 uon

984 1460 1096 1486 eraut.
1117 1456 1186 1487 Jos.
1205 1455 1292 1486 Scal.

1029 1506 1129 1537 Novoe
1151 1506 1263 1546 curioe]
1286 1506 1388 1538 Sacra
1404 1510 1515 1537 autem
1542 1515 1686 1537 evocare

984 1557 1138 1588 solebant
1166 1566 1184 1588 e
1211 1557 1307 1593 locis,
1332 1566 1416 1597 quos
1441 1556 1606 1597 religione
1624 1558 1688 1587 sol·

984 1612 1115 1639 verent.
1160 1608 1299 1648 Ulpian.
1321 1608 1406 1648 Dig.
1430 1607 1496 1646 leg.
1520 1616 1543 1637 1.
1559 1606 1629 1638 Tit.
1656 1610 1686 1638 8.

984 1658 1196 1689 ‘Sacrarium
1219 1659 1321 1689 etiam
1338 1659 1371 1688 in
1388 1657 1533 1689 aedificio
1556 1658 1689 1699 privato

983 1717 1058 1739 esse
1075 1713 1204 1749 potest,
1221 1713 1255 1740 et
1271 1709 1396 1749 solent,
1413 1708 1468 1749 qui
1485 1717 1561 1740 eum
1579 1709 1686 1740 locum

983 1757 1129 1789 liberare
1153 1758 1317 1798 religione
1341 1759 1471 1799 volunt,
1494 1768 1588 1790 sacra
1609 1759 1688 1790 inde

986 1808 1155 1840 evocare.’
1176 1809 1257 1840 Duc.

1026 1865 1041 1885 ‘1
1068 1859 1216 1900 Not-alis]
1240 1860 1318 1890 Duo
1335 1859 1493 1890 versiculi
1519 1859 1688 1891 dimidiati

984 1910 1160 1950 pertinent
1184 1909 1226 1940 ad
1254 1919 1296 1940 ea
1318 1919 1393 1950 quae
1418 1910 1546 1941 Paulus
1570 1909 1688 1941 refert.

984 1960 1113 1991 Cetera
1140 1959 1252 1990 aliena
1279 1969 1352 1990 esse
1376 1959 1557 1999 videntur3
1580 1969 1688 2000 neque

985 2009 1095 2042 adhuc
1113 2011 1239 2051 reperi,
1256 2009 1336 2051 quid
1354 2010 1546 2051 significent
1564 2021 1571 2038 ε
1597 2010 1688 2050 apud

986 2061 1131 2102 Dionys.
1150 2061 1208 2093 lib.
1228 2069 1311 2092 vm.
1333 2060 1376 2093 T.
1389 2060 1535 2091 Sicinius
1553 2060 1629 2091 Cos.
1645 2060 1687 2090 de

984 2112 1117 2143 Volscis
1136 2111 1370 2152 triumphavit.
1406 2109 1616 2141 Referuntur
1632 2120 1689 2141 au-

985 2168 1053 2194 tem
1071 2163 1104 2193 in
1130 2162 1195 2192 fine
1214 2161 1349 2192 nomina
1366 2160 1574 2201 quorundam
1597 2160 1688 2191 illus-

984 2213 1086 2243 trium
1097 2212 1322 2253 virorum,qui
1337 2211 1425 2242 intra
1437 2211 1626 2251 superiores
1639 2214 1688 2242 15.

984 2272 1088 2293 annos
1106 2262 1271 2294 Consules
1283 2260 1443 2292 fuerunt:
1468 2261 1592 2302 Opiter
1602 2261 1688 2291 Ver-

983 2315 1092 2354 ginius
1109 2314 1298 2353 Tricostus,
1317 2313 1500 2343 Postumus
1516 2312 1688 2343 Cominius

985 2367 1153 2405 Arunens,
1181 2367 1219 2398 P.
1248 2365 1409 2396 Veturius
1441 2365 1618 2400 Geminus,
1645 2364 1687 2395 A.

983 2418 1201 2457 Sempronius
1226 2416 1417 2451 Atratinus,
1446 2416 1526 2446 Sex.
1567 2415 1687 2446 Fusius

983 2468 1110 2499 Fusus:
1128 2468 1215 2498 inter
1229 2467 1289 2497 hos
1307 2466 1463 2497 Laevinus
1481 2464 1686 2504 nominatur,

983 2518 1071 2559 quod
1084 2526 1269 2558 cognomen
1279 2521 1331 2547 est
1341 2515 1554 2547 Valeriorum
1568 2524 1577 2546 ε
1592 2514 1685 2554 item,

988 2589 1083 2599 .....
1094 2569 1167 2599 llius
1200 2567 1372 2604 Tolerinus,
1407 2574 1507 2607 quem
1539 2565 1686 2597 arbitror

986 2619 1090 2651 fuisse
1122 2620 1275 2650 Manium
1310 2616 1472 2655 Tullium,
1511 2615 1568 2656 qui
1605 2621 1685 2647 tunc

988 2669 1091 2702 etiam
1110 2670 1187 2702 Cos.
1203 2668 1278 2701 snit.
1315 2667 1361 2699 At
1377 2666 1556 2707 Semelam,
1571 2670 1600 2698 el
1618 2668 1685 2699 Ver,
