1835 2906
368 151 430 181 DE
457 149 736 181 VERBORUM
770 146 1177 179 SlGNlFchTioNE
1212 148 1306 177 [ΑΒ.
1342 148 1413 179 XI.

1532 137 1616 179 433

167 245 363 287 Mundus
379 251 404 267 ¹¹¹
426 245 675 299 appellatur
708 244 883 291 coelum,
913 247 1040 291 terra,
1070 254 1203 291 mare,
1225 247 1270 283 et
1292 242 1394 284 ae'r:
1426 241 1616 282 mundus

219 314 348 354 etiam
371 313 530 353 dicitur
550 317 727 352 ornatus
749 311 998 351 muliebris:
1023 310 1126 362 quia
1145 322 1230 349 non
1253 310 1366 350 alius
1383 315 1464 359 est,
1481 323 1614 363 quam

221 380 340 434 quod
361 380 527 420 moveri
549 382 718 432 potest:
750 378 937 419 mundus
963 389 1136 430 quoque
1170 377 1419 429 appellatur
1449 378 1614 426 lautus,

220 454 265 488 et
284 460 438 500 purus.

498 446 656 488 Ateius
675 451 732 488 :2⁰
753 446 867 486 Cum
901 444 1106 497 virginali
1134 444 1298 484 mundo
1322 445 1436 485 clam
1457 449 1612 498 pater.¹

221 545 231 554 .
263 544 274 554 .
310 546 318 554 .
351 515 546 555 Ennius:
578 515 690 555 idem
723 515 853 555 loco2
874 514 1061 554 navibus
1097 512 1246 560 celsis,
1287 511 1452 551 munda
1486 511 1614 559 facie,

221 586 354 635 atque
377 583 506 623 etiam
529 595 629 623 aere.

165 648 377 699 Mundus,
401 653 449 690 ut
470 650 530 690 ait
544 654 561 670 ¹¹
583 648 743 702 Capito
763 646 917 688 Ateius
934 648 976 688 in
992 649 1105 689 libro
1124 651 1251 688 sexto
1266 646 1414 700 ponti·
1449 645 1614 699 [FEST.

220 717 354 767 ficali,
369 721 432 758 ter
452 717 498 756 in
520 729 633 756 anno
654 720 808 769 patere
822 716 951 765 solet,
965 716 1124 757 diebus
1138 715 1231 755 his:
1262 713 1478 767 postridie
1501 712 1619 753 Vol-

221 785 424 833 canalia,³
458 789 501 825 et
521 788 622 824 ante
652 783 771 823 diem
794 786 971 824 sextum
1003 783 1071 824 Id.
1102 782 1322 823 Novemb.
1387 780 1477 830 Qui
1508 780 1616 834 quid

218 851 282 892 ita
301 851 484 901 dicatur,
508 852 573 892 sic
592 851 719 892 refert
737 850 850 892 Cato
873 851 916 891 in
939 850 1275 891 Commentariis
1298 848 1412 902 juris
1441 848 1613 889 civilis:

781 968 898 981 eeeeee

901 969 1016 981 oooooo

206 1035 247 1063 20
273 1033 371 1073 Legit
386 1034 474 1064 Scal.
492 1034 611 1064 Attius.
634 1033 722 1064 Vide
740 1034 904 1066 infra—1
922 1036 985 1065 Vir
1002 1035 1096 1066 doct.
1114 1035 1146 1065 in
1178 1044 1283 1074 marg.
1300 1033 1354 1064 ed.
1372 1033 1458 1065 Scal.
1476 1031 1616 1072 conjicit

159 1079 325 1114 patrea—2
349 1076 400 1106 Id.
418 1077 498 1107 ibid.
514 1077 546 1106 in
564 1077 786 1108 Deilocho.—3
811 1079 890 1109 Vet.
914 1079 988 1109 cod.
1012 1078 1183 1109 Volcmmli.

811 1175 953 1208 NOTAE

205 1242 227 1257 ’ὓ
252 1238 404 1278 Mundus]
437 1238 524 1269 Haec
553 1243 728 1279 corrupta,
753 1243 860 1270 trans-

162 1288 287 1327 posita,
312 1293 348 1318 et
370 1289 456 1319 male
473 1289 573 1319 etiam
590 1290 754 1321 distincta
770 1296 859 1322 sunt.

162 1339 256 1378 Lege
274 1339 378 1379 igitur
394 1348 435 1368 ex
456 1339 586 1379 judicio
604 1341 748 1371 Meruiae
772 1341 860 1380 apud

161 1389 319 1420 Ennium.
371 1390 511 1420 Blandus
539 1391 714 1429 appellatur
742 1392 862 1429 coelum,

162 1444 258 1478 terra,
281 1450 378 1478 mure,
394 1444 423 1470 et
445 1441 511 1479 aer,
527 1442 598 1480 quia
621 1452 681 1471 nnn
704 1443 783 1471 alius
804 1446 862 1479 est,

161 1500 252 1530 quam
264 1492 342 1530 quod
355 1492 468 1521 moveri
478 1494 590 1530 potest.
618 1492 756 1522 Mundus
768 1493 862 1522 etiam

161 1541 278 1571 dicitur
294 1544 422 1571 ornatus
437 1541 618 1576 muliebris;
653 1542 773 1579 Aetius,
795 1553 863 1573 cum

160 1593 311 1630 virginali
336 1593 448 1622 mundo
474 1593 553 1622 clam
577 1596 677 1632 patre.
724 1595 862 1625 Mundus

162 1651 277 1681 quoque
290 1643 464 1681 appellatur
479 1643 582 1672 lautus
597 1646 627 1672 et
643 1653 749 1682 purus,
796 1645 861 1674 En-

162 1692 245 1731 nius,
262 1693 342 1722 idem
362 1694 426 1722 loca
441 1692 570 1722 navibus
585 1694 672 1723 celsis
686 1694 862 1731 mundusn-

163 1744 207 1772 cit
236 1743 399 1782 nautisque
424 1743 506 1771 mari
532 1743 728 1782 qnasenlz'bus
753 1744 862 1775 vitum.

164 1792 252 1823 Nam
268 1793 437 1831 integrum
454 1801 585 1822 versum
597 1793 696 1823 Ennii
710 1794 863 1833 descrip-

163 1849 254 1874 serat
285 1844 419 1880 Festus,
450 1848 488 1873 ut
526 1843 683 1874 odoratus
716 1854 787 1875 sum
820 1855 863 1875 ex

164 1893 310 1932 schedis,
338 1894 392 1924 ubi
418 1895 531 1924 munda
547 1894 634 1931 facie
650 1898 741 1934 alque
770 1896 864 1926 etiam

162 1945 235 1975 oiire
258 1944 381 1975 Cereris
403 1944 485 1983 quin.
531 1945 670 1975 [Mundus
694 1945 797 1984 igitur
820 1956 864 1977 ex

164 1994 279 2031 Festo,
297 1994 442 2032 Isidoro,
465 1998 500 2024 et
521 1994 605 2030 aliis,
626 1996 719 2035 quasi
742 2005 862 2026 moren-

165 2045 221 2074 dus
235 2058 243 2074 .·
279 2054 298 2074 a
311 2050 403 2074 motu
421 2051 599 2084 perpetuo.
644 2045 709 2075 Sed
725 2047 863 2076 omnino

163 2096 294 2126 mundus
316 2105 334 2125 a
357 2095 520 2132 munditie,
546 2100 581 2125 ut
605 2095 738 2127 Graecis
760 2098 863 2128 etiam

166 2145 277 2183 κόσμος
289 2144 349 2175 ἀπὸ
364 2146 421 2181 τῆς
436 2144 638 2183 κοσμότητος.
662 2145 748 2176 Inde
761 2147 864 2177 etiam

166 2201 200 2226 et
230 2200 369 2226 ornatus
396 2196 543 2226 mulieris
573 2196 714 2233 mundus,
740 2205 864 2236 nempe

166 2246 353 2285 speculum,
370 2250 554 2285 unguenta,
573 2250 718 2283 catenae,
736 2246 862 2285 annuli,

168 2297 232 2326 διο.
257 2295 356 2325 Idem.

209 2353 222 2366 '¹
248 2347 398 2384 Mundus,
413 2351 446 2377 ut
459 2347 521 2387 ait]
538 2346 864 2378 Verbaillamend0=

170 2407 207 2428 sa
222 2402 300 2427 sunt
313 2409 321 2426 t
346 2408 385 2429 ex
401 2398 440 2428 iis
454 2398 506 2438 qui
520 2398 674 2428 intravere
686 2407 866 2436 cognoscere

166 2446 268 2488 potuit
284 2457 292 2477 .·
307 2446 448 2477 forsitan
464 2447 700 2477 scribendum:
717 2451 751 2476 ut
762 2456 802 2477 ex
813 2447 867 2483 iis,

169 2499 221 2538 qui
238 2498 392 2529 intravere
407 2499 549 2537 cognosci
563 2498 675 2538 potuit.
715 2498 803 2528 Item
821 2507 866 2528 ex

170 2549 271 2580 Pauli
286 2548 396 2579 verbis
412 2546 566 2578 addenda
586 2552 664 2577 sunt
683 2547 865 2585 nonnulla3

170 2605 211 2630 ut
226 2603 320 2639 puta,
338 2599 449 2630 tertius
466 2599 531 2629 dies
545 2607 603 2637 quo
618 2599 748 2628 mundus
768 2601 866 2636 patet.

170 2649 259 2680 Vide
275 2650 460 2679 Varronem
476 2649 564 2688 apud
578 2648 789 2678 Mam-obium
806 2647 866 2679 lib.

172 2707 197 2729 l.
210 2698 345 2729 Satnrn.
361 2700 436 2730 Ant.
450 2700 532 2737 Aug.

258 2751 373 2790 Delph.
395 2756 425 2781 et
446 2753 523 2783 Var.
551 2752 635 2782 Clas.

787 2751 897 2789 Pomp.
917 2749 998 2779 fest.

958 1241 1112 1282 Mundus]
1150 1239 1264 1271 Verba
1286 1238 1426 1270 Catonis
1453 1240 1617 1277 corrupta

916 1291 963 1321 ita
981 1292 1145 1329 legimns:
1170 1291 1290 1321 Mundo
1310 1299 1419 1320 nomen
1441 1288 1618 1328 impositum

915 1345 962 1372 est
993 1342 1031 1372 ab
1057 1351 1089 1371 eo
1117 1342 1241 1380 mundo,
1269 1340 1323 1380 qui
1349 1349 1443 1379 supra
1475 1349 1531 1369 nos
1559 1342 1617 1368 cst.

920 1393 1034 1423 Forma
1051 1394 1134 1423 enim
1163 1391 1228 1429 ejus
1261 1393 1320 1428 est,
1352 1393 1387 1420 ut
1417 1399 1456 1419 ex
1482 1389 1534 1423 iis,
1564 1389 1618 1427 qui

916 1444 1085 1481 intravere,
1114 1451 1294 1480 cognoscere
1332 1440 1432 1479 potui,
1464 1439 1617 1469 adsimilis

918 1494 978 1523 illi.
1025 1494 1104 1531 Eius
1133 1492 1323 1529 inferiorem,
1352 1492 1403 1529 ⁸50-
1450 1490 1538 1520 Nam
1567 1489 1617 1518 in-

920 1543 961 1573 de
993 1543 1160 1582 incipiunt
1193 1541 1296 1572 verba
1327 1540 1433 1571 Festi.
1486 1540 1618 1578 Supple

919 1593 1036 1630 etiam,
1073 1592 1203 1630 majores
1239 1593 1435 1621 censuerunt.
1502 1589 1618 1619 Nihilo

919 1643 1037 1673 melius
1070 1651 1106 1672 se
1136 1641 1262 1672 habent
1293 1640 1496 1680 sequentia3
1542 1648 1617 1679 quae

919 1694 967 1724 ita
995 1693 1236 1723 emendamus:
1275 1702 1310 1722 ea
1337 1693 1374 1721 de
1404 1700 1508 1728 cansa,
1539 1690 1617 1729 quod

918 1755 975 1783 quo
1005 1748 1138 1783 tempore
1164 1753 1211 1778 ea,
1238 1752 1305 1782 quoe
1334 1742 1471 1777 occultoe,
1501 1743 1531 1769 et
1564 1739 1617 1768 ab·

917 1796 992 1825 dita>
1015 1794 1189 1832 religionis,
1203 1795 1256 1831 ἅμ’.
1302 1793 1410 1821 Varro
1427 1791 1516 1829 apud
1543 1790 1617 1819 Ma-

918 1845 1093 1875 crobium:
1129 1843 1298 1874 ‘Mundus
1322 1851 1396 1872 cum
1421 1845 1532 1880 patet,
1552 1840 1619 1870 De-

918 1905 1012 1925 orum
1039 1894 1186 1924 tristium
1213 1897 1315 1933 atque
1352 1890 1497 1922 inferum
1521 1890 1619 1930 qnasi

911 1946 1017 1985 janna
1054 1949 1163 1984 patet.
1196 1947 1382 1983 propterea
1417 1949 1483 1971 nou
1516 1941 1618 1970 modo

918 1996 1071 2035 praelium
1099 1994 1280 2032 committi,
1302 2002 1418 2023 verum
1444 1990 1545 2021 etiam
1569 1990 1619 2020 di-

918 2047 1044 2077 lectum
1078 2046 1127 2075 rei
1158 2043 1312 2074 militaris
1347 2051 1447 2072 causa
1479 2040 1619 2078 habere,

918 2107 957 2127 ac
973 2097 1114 2127 militem
1132 2093 1323 2135 proficisci:
1342 2091 1451 2121 navim
1464 2091 1617 2121 solvere:

918 2157 1057 2178 uxorem
1072 2146 1218 2176 liberum
1237 2141 1496 2183 quaerendorum
1514 2149 1619 2170 cansa

919 2198 1056 2234 ducere,
1072 2195 1262 2235 religiosum
1279 2191 1355 2222 est!
1377 2192 1446 2221 Jos.
1465 2190 1549 2220 θοαὶ.

962 2248 1112 2280 Blandus,
1122 2249 1157 2276 ut
1165 2244 1226 2284 ait]
1245 2241 1395 2274 Mundus
1406 2241 1461 2271 hic
1474 2244 1527 2270 est
1538 2239 1617 2269 Pla-

921 2298 1008 2329 tonis
1027 2296 1139 2333 sedes,
1154 2304 1220 2335 qua
1237 2297 1375 2333 patente
1394 2292 1467 2321 dies
1481 2291 1554 2320 illos
1565 2299 1617 2321 re-

920 2347 1056 2385 ligiosos
1072 2344 1244 2375 habebant
1260 2342 1415 2371 Veteres.
1461 2340 1617 2370 Macrob.

919 2397 1033 2427 Satur.
1055 2404 1080 2425 1.
1108 2403 1183 2433 cap·
1208 2395 1259 2423 19.
1298 2392 1306 2407 ‘
1324 2391 1398 2421 Nec
1422 2390 1618 2420 Latinarum

921 2451 1091 2485 tempore,
1107 2453 1171 2483 quo
1184 2442 1319 2483 publice
1334 2439 1502 2481 qnondam
1520 2440 1616 2469 indu-

920 2496 982 2526 ciae
1000 2495 1088 2524 inter
1109 2493 1268 2533 populum
1292 2491 1388 2521 Rom.
1410 2489 1617 2530 Latinosque

919 2545 1062 2576 firmatae
1086 2549 1176 2578 sunt,
1194 2541 1344 2573 inchoari
1369 2540 1491 2570 benum
1516 2539 1618 2570 dece-

920 2596 994 2630 bat,
1010 2604 1072 2625 nec
1095 2593 1232 2626 Saturni
1249 2592 1351 2631 festo,
1373 2591 1431 2632 qui
1458 2590 1530 2620 sine
1548 2590 1617 2621 ιιΙΙο

921 2647 1066 2677 tumultu
1095 2644 1219 2675 benico
1242 2642 1393 2673 creditur
1420 2642 1619 2680 imperasse.

922 2698 995 2727 Noc.
1026 2700 1166 2736 patente
1196 2694 1331 2728 mundo.
1363 2692 1450 2733 quod
1483 2700 1616 2721 sacrum

1459 2747 1479 2774 2
1504 2744 1532 2773 E
