<?xml version="1.0" encoding="UTF-8"?>
<!DOCTYPE html PUBLIC "-//W3C//DTD XHTML 1.0 Transitional//EN"
    "http://www.w3.org/TR/xhtml1/DTD/xhtml1-transitional.dtd">
<html xmlns="http://www.w3.org/1999/xhtml" xml:lang="en" lang="en">
 <head>
  <title>
</title>
<meta http-equiv="Content-Type" content="text/html;charset=utf-8" />
  <meta name='ocr-system' content='tesseract 3.04.00' />
  <meta name='ocr-capabilities' content='ocr_page ocr_carea ocr_par ocr_line ocrx_word'/>
</head>
<body>
  <div class='ocr_page' id='page_1' title='image "./mverriiflacciqua01verruoft/mverriiflacciqua01verruoft_0453.png"; bbox 0 0 1835 2906; ppageno 0'>
   <div class='ocr_carea' id='block_1_1' title="bbox 359 136 1417 170">
    <p class='ocr_par' dir='ltr' id='par_1_1' title="bbox 359 136 1417 170">
     <span class='ocr_line' id='line_1_1' title="bbox 359 136 1417 170; baseline 0.003 -3"><span class='ocrx_word' id='word_1_1' title='bbox 359 138 420 167; x_wconf 80' lang='lat' dir='ltr'><strong>DE</strong></span> <span class='ocrx_word' id='word_1_2' title='bbox 459 136 735 167; x_wconf 76' lang='lat' dir='ltr'>VERBORUM</span> <span class='ocrx_word' id='word_1_3' title='bbox 772 136 1183 168; x_wconf 53' lang='grc' dir='ltr'><strong>ΙδἼΟΝΙΙΡΙΟΛῚἸΟΝῘζ</strong></span> <span class='ocrx_word' id='word_1_4' title='bbox 1221 140 1314 170; x_wconf 57' lang='lat' dir='ltr'><strong>[AB.</strong></span> <span class='ocrx_word' id='word_1_5' title='bbox 1347 141 1417 170; x_wconf 77' lang='lat' dir='ltr'><strong>XI.</strong></span> 
     </span>
    </p>
   </div>
   <div class='ocr_carea' id='block_1_2' title="bbox 221 233 1197 286">
    <p class='ocr_par' dir='ltr' id='par_1_2' title="bbox 221 233 1197 286">
     <span class='ocr_line' id='line_1_2' title="bbox 221 233 1197 286; baseline 0 -13"><span class='ocrx_word' id='word_1_6' title='bbox 221 233 327 274; x_wconf 63' lang='lat' dir='ltr'><strong>nillil</strong></span> <span class='ocrx_word' id='word_1_7' title='bbox 350 246 404 273; x_wconf 90' lang='lat' dir='ltr'><strong>co</strong></span> <span class='ocrx_word' id='word_1_8' title='bbox 425 236 619 285; x_wconf 83' lang='lat' dir='ltr'><strong>tempore</strong></span> <span class='ocrx_word' id='word_1_9' title='bbox 652 233 696 273; x_wconf 92' lang='lat' dir='ltr'><strong>in</strong></span> <span class='ocrx_word' id='word_1_10' title='bbox 719 246 814 286; x_wconf 83' lang='lat' dir='ltr'><strong>rep.</strong></span> <span class='ocrx_word' id='word_1_11' title='bbox 838 233 926 286; x_wconf 83' lang='lat' dir='ltr'><strong>geri</strong></span> <span class='ocrx_word' id='word_1_12' title='bbox 950 233 1197 273; x_wconf 86' lang='lat' dir='ltr'><strong>voluerunt.</strong></span> 
     </span>
    </p>
   </div>
   <div class='ocr_carea' id='block_1_3' title="bbox 1533 131 1618 172">
    <p class='ocr_par' dir='ltr' id='par_1_3' title="bbox 1533 131 1618 172">
     <span class='ocr_line' id='line_1_3' title="bbox 1533 131 1618 172; baseline 0.012 -1"><span class='ocrx_word' id='word_1_13' title='bbox 1533 131 1618 172; x_wconf 74' lang='lat'><strong>4:35</strong></span> 
     </span>
    </p>
   </div>
   <div class='ocr_carea' id='block_1_4' title="bbox 1258 235 1617 290">
    <p class='ocr_par' dir='ltr' id='par_1_4' title="bbox 1258 235 1617 290">
     <span class='ocr_line' id='line_1_4' title="bbox 1258 235 1617 290; baseline 0.006 -14"><span class='ocrx_word' id='word_1_14' title='bbox 1258 235 1417 289; x_wconf 85' lang='lat' dir='ltr'><strong>Itaque</strong></span> <span class='ocrx_word' id='word_1_15' title='bbox 1438 250 1517 290; x_wconf 87' lang='lat' dir='ltr'><strong>pcr</strong></span> <span class='ocrx_word' id='word_1_16' title='bbox 1537 238 1617 278; x_wconf 81' lang='lat' dir='ltr'><strong>lios</strong></span> 
     </span>
    </p>
   </div>
   <div class='ocr_carea' id='block_1_5' title="bbox 220 301 1619 488">
    <p class='ocr_par' dir='ltr' id='par_1_5' title="bbox 220 301 1619 488">
     <span class='ocr_line' id='line_1_5' title="bbox 222 301 1617 351; baseline 0.004 -11"><span class='ocrx_word' id='word_1_17' title='bbox 222 301 316 341; x_wconf 74' lang='lat' dir='ltr'><strong>(lies</strong></span> <span class='ocrx_word' id='word_1_18' title='bbox 347 313 434 341; x_wconf 89' lang='lat' dir='ltr'><strong>non</strong></span> <span class='ocrx_word' id='word_1_19' title='bbox 466 313 565 341; x_wconf 87' lang='lat' dir='ltr'><strong>cum</strong></span> <span class='ocrx_word' id='word_1_20' title='bbox 595 301 720 341; x_wconf 85' lang='lat' dir='ltr'><strong>hoste</strong></span> <span class='ocrx_word' id='word_1_21' title='bbox 752 313 907 341; x_wconf 84' lang='lat' dir='ltr'><strong>manus</strong></span> <span class='ocrx_word' id='word_1_22' title='bbox 939 302 1265 351; x_wconf 78' lang='lat' dir='ltr'><strong>conserebatur,</strong></span> <span class='ocrx_word' id='word_1_23' title='bbox 1287 316 1374 343; x_wconf 92' lang='lat' dir='ltr'><strong>non</strong></span> <span class='ocrx_word' id='word_1_24' title='bbox 1397 305 1617 344; x_wconf 84' lang='lat' dir='ltr'><strong>exercitus</strong></span> 
     </span>
     <span class='ocr_line' id='line_1_6' title="bbox 220 368 1617 425; baseline 0.004 -17"><span class='ocrx_word' id='word_1_25' title='bbox 220 368 505 418; x_wconf 82' lang='lat' dir='ltr'><strong>scribebatur,</strong></span> <span class='ocrx_word' id='word_1_26' title='bbox 522 381 609 408; x_wconf 92' lang='lat' dir='ltr'><strong>non</strong></span> <span class='ocrx_word' id='word_1_27' title='bbox 632 369 809 409; x_wconf 87' lang='lat' dir='ltr'><strong>comitia</strong></span> <span class='ocrx_word' id='word_1_28' title='bbox 829 368 1115 417; x_wconf 76' lang='lat' dir='ltr'><strong>habebantur,</strong></span> <span class='ocrx_word' id='word_1_29' title='bbox 1136 382 1217 409; x_wconf 91' lang='lat' dir='ltr'><strong>non</strong></span> <span class='ocrx_word' id='word_1_30' title='bbox 1241 370 1359 410; x_wconf 89' lang='lat' dir='ltr'><strong>aliud</strong></span> <span class='ocrx_word' id='word_1_31' title='bbox 1383 372 1617 425; x_wconf 88' lang='lat' dir='ltr'><strong>quicquam</strong></span> 
     </span>
     <span class='ocr_line' id='line_1_7' title="bbox 220 435 1619 488; baseline 0.003 -12"><span class='ocrx_word' id='word_1_32' title='bbox 220 436 266 476; x_wconf 93' lang='lat' dir='ltr'><strong>in</strong></span> <span class='ocrx_word' id='word_1_33' title='bbox 287 447 382 487; x_wconf 88' lang='lat' dir='ltr'><strong>rep.</strong></span> <span class='ocrx_word' id='word_1_34' title='bbox 403 435 488 476; x_wconf 88' lang='lat' dir='ltr'><strong>nisi</strong></span> <span class='ocrx_word' id='word_1_35' title='bbox 510 435 628 488; x_wconf 89' lang='lat' dir='ltr'><strong>quod</strong></span> <span class='ocrx_word' id='word_1_36' title='bbox 653 435 801 476; x_wconf 85' lang='lat' dir='ltr'><strong>ultima</strong></span> <span class='ocrx_word' id='word_1_37' title='bbox 822 436 1064 477; x_wconf 79' lang='lat' dir='ltr'><strong>necessitas</strong></span> <span class='ocrx_word' id='word_1_38' title='bbox 1084 436 1321 488; x_wconf 78' lang='lat' dir='ltr'><strong>exegisset,</strong></span> <span class='ocrx_word' id='word_1_39' title='bbox 1339 438 1619 480; x_wconf 86' lang='lat' dir='ltr'><strong>administra-</strong></span> 
     </span>
    </p>
   </div>
   <div class='ocr_carea' id='block_1_6' title="bbox 222 502 364 543">
    <p class='ocr_par' dir='ltr' id='par_1_6' title="bbox 222 502 364 543">
     <span class='ocr_line' id='line_1_8' title="bbox 222 502 364 543; baseline 0.007 -2"><span class='ocrx_word' id='word_1_40' title='bbox 222 502 364 543; x_wconf 82' lang='lat' dir='ltr'><strong>batur.</strong></span> 
     </span>
    </p>
   </div>
   <div class='ocr_carea' id='block_1_7' title="bbox 165 569 1619 759">
    <p class='ocr_par' dir='ltr' id='par_1_7' title="bbox 165 569 1619 759">
     <span class='ocr_line' id='line_1_9' title="bbox 165 569 1617 622; baseline 0.004 -13"><span class='ocrx_word' id='word_1_41' title='bbox 165 569 347 610; x_wconf 86' lang='lat' dir='ltr'><strong>Munem</strong></span> <span class='ocrx_word' id='word_1_42' title='bbox 363 575 378 591; x_wconf 85' lang='lat'>0</span> <span class='ocrx_word' id='word_1_43' title='bbox 399 570 649 622; x_wconf 78' lang='lat' dir='ltr'><strong>significare</strong></span> <span class='ocrx_word' id='word_1_44' title='bbox 668 574 836 611; x_wconf 83' lang='lat' dir='ltr'><strong>certum</strong></span> <span class='ocrx_word' id='word_1_45' title='bbox 857 575 926 611; x_wconf 83' lang='lat' dir='ltr'><strong>est</strong></span> <span class='ocrx_word' id='word_1_46' title='bbox 946 570 1202 619; x_wconf 88' lang='lat' dir='ltr'><strong>officiosum,</strong></span> <span class='ocrx_word' id='word_1_47' title='bbox 1218 571 1332 613; x_wconf 89' lang='lat' dir='ltr'><strong>unde</strong></span> <span class='ocrx_word' id='word_1_48' title='bbox 1356 586 1378 613; x_wconf 90' lang='lat' dir='ltr'><strong>e</strong></span> <span class='ocrx_word' id='word_1_49' title='bbox 1401 575 1617 615; x_wconf 82' lang='lat' dir='ltr'><strong>contrario</strong></span> 
     </span>
     <span class='ocr_line' id='line_1_10' title="bbox 223 637 1310 690; baseline 0.001 -13"><span class='ocrx_word' id='word_1_50' title='bbox 223 637 425 678; x_wconf 87' lang='lat' dir='ltr'><strong>immunis</strong></span> <span class='ocrx_word' id='word_1_51' title='bbox 447 637 621 687; x_wconf 85' lang='lat' dir='ltr'><strong>dicitur,</strong></span> <span class='ocrx_word' id='word_1_52' title='bbox 642 637 718 690; x_wconf 91' lang='lat' dir='ltr'><strong>qui</strong></span> <span class='ocrx_word' id='word_1_53' title='bbox 740 637 914 677; x_wconf 79' lang='lat' dir='ltr'><strong>nullus⁵</strong></span> <span class='ocrx_word' id='word_1_54' title='bbox 932 638 1127 690; x_wconf 81' lang='lat' dir='ltr'><strong>fungitur</strong></span> <span class='ocrx_word' id='word_1_55' title='bbox 1148 638 1310 680; x_wconf 85' lang='lat' dir='ltr'><strong>officio.</strong></span> 
     </span>
     <span class='ocr_line' id='line_1_11' title="bbox 166 703 1619 759; baseline 0.003 -16"><span class='ocrx_word' id='word_1_56' title='bbox 166 703 413 745; x_wconf 81' lang='lat' dir='ltr'><strong>Muneralis</strong></span> <span class='ocrx_word' id='word_1_57' title='bbox 429 711 445 735; x_wconf 73' lang='grc' dir='ltr'>Ρ</span> <span class='ocrx_word' id='word_1_58' title='bbox 460 706 536 746; x_wconf 81' lang='lat' dir='ltr'><strong>lex</strong></span> <span class='ocrx_word' id='word_1_59' title='bbox 552 711 713 747; x_wconf 79' lang='lat' dir='ltr'><strong>vocata</strong></span> <span class='ocrx_word' id='word_1_60' title='bbox 733 709 813 754; x_wconf 81' lang='lat' dir='ltr'><strong>est,</strong></span> <span class='ocrx_word' id='word_1_61' title='bbox 831 719 921 759; x_wconf 86' lang='lat' dir='ltr'><strong>qua</strong></span> <span class='ocrx_word' id='word_1_62' title='bbox 936 706 1117 746; x_wconf 84' lang='lat' dir='ltr'><strong>Cincius</strong></span> <span class='ocrx_word' id='word_1_63' title='bbox 1135 706 1266 756; x_wconf 83' lang='lat' dir='ltr'><strong>cavit,</strong></span> <span class='ocrx_word' id='word_1_64' title='bbox 1283 720 1339 747; x_wconf 91' lang='lat' dir='ltr'><strong>ne</strong></span> <span class='ocrx_word' id='word_1_65' title='bbox 1361 708 1431 748; x_wconf 91' lang='lat' dir='ltr'><strong>cui</strong></span> <span class='ocrx_word' id='word_1_66' title='bbox 1456 707 1619 758; x_wconf 74' lang='lat' dir='ltr'><strong>[FEST.</strong></span> 
     </span>
    </p>
   </div>
   <div class='ocr_carea' id='block_1_8' title="bbox 220 772 825 826">
    <p class='ocr_par' dir='ltr' id='par_1_8' title="bbox 220 772 825 826">
     <span class='ocr_line' id='line_1_12' title="bbox 220 772 825 826; baseline 0 -15"><span class='ocrx_word' id='word_1_67' title='bbox 220 772 374 813; x_wconf 83' lang='lat' dir='ltr'><strong>liceret</strong></span> <span class='ocrx_word' id='word_1_68' title='bbox 408 785 565 813; x_wconf 86' lang='lat' dir='ltr'><strong>munus</strong></span> <span class='ocrx_word' id='word_1_69' title='bbox 605 774 825 826; x_wconf 85' lang='lat' dir='ltr'><strong>accipere.</strong></span> 
     </span>
    </p>
   </div>
   <div class='ocr_carea' id='block_1_9' title="bbox 889 773 1618 827">
    <p class='ocr_par' dir='ltr' id='par_1_9' title="bbox 889 773 1618 827">
     <span class='ocr_line' id='line_1_13' title="bbox 889 773 1618 827; baseline 0.003 -14"><span class='ocrx_word' id='word_1_70' title='bbox 889 773 1105 815; x_wconf 79' lang='lat' dir='ltr'><strong>Plautus:</strong></span> <span class='ocrx_word' id='word_1_71' title='bbox 1137 773 1326 827; x_wconf 85' lang='lat' dir='ltr'><strong>Neque⁶</strong></span> <span class='ocrx_word' id='word_1_72' title='bbox 1356 775 1618 815; x_wconf 84' lang='lat' dir='ltr'><strong>muneralem</strong></span> 
     </span>
    </p>
   </div>
   <div class='ocr_carea' id='block_1_10' title="bbox 219 839 1617 895">
    <p class='ocr_par' dir='ltr' id='par_1_10' title="bbox 219 839 1617 895">
     <span class='ocr_line' id='line_1_14' title="bbox 219 839 1617 895; baseline 0.003 -16"><span class='ocrx_word' id='word_1_73' title='bbox 219 839 370 891; x_wconf 77' lang='lat' dir='ltr'><strong>legem,</strong></span> <span class='ocrx_word' id='word_1_74' title='bbox 419 853 562 894; x_wconf 82' lang='lat' dir='ltr'><strong>neque</strong></span> <span class='ocrx_word' id='word_1_75' title='bbox 612 841 830 881; x_wconf 82' lang='lat' dir='ltr'><strong>lenoniam</strong></span> <span class='ocrx_word' id='word_1_76' title='bbox 886 848 1053 895; x_wconf 85' lang='lat' dir='ltr'><strong>roga:7</strong></span> <span class='ocrx_word' id='word_1_77' title='bbox 1103 841 1243 891; x_wconf 80' lang='lat' dir='ltr'><strong>fuerit,</strong></span> <span class='ocrx_word' id='word_1_78' title='bbox 1294 855 1443 892; x_wconf 83' lang='lat' dir='ltr'><strong>necne,</strong></span> <span class='ocrx_word' id='word_1_79' title='bbox 1490 841 1617 883; x_wconf 86' lang='lat' dir='ltr'><strong>flocci</strong></span> 
     </span>
    </p>
   </div>
   <div class='ocr_carea' id='block_1_11' title="bbox 223 907 412 948">
    <p class='ocr_par' dir='ltr' id='par_1_11' title="bbox 223 907 412 948">
     <span class='ocr_line' id='line_1_15' title="bbox 223 907 412 948; baseline 0.005 -1"><span class='ocrx_word' id='word_1_80' title='bbox 223 907 412 948; x_wconf 81' lang='lat' dir='ltr'><strong>aestimo.</strong></span> 
     </span>
    </p>
   </div>
   <div class='ocr_carea' id='block_1_12' title="bbox 166 973 1036 1029">
    <p class='ocr_par' dir='ltr' id='par_1_12' title="bbox 166 973 1036 1029">
     <span class='ocr_line' id='line_1_16' title="bbox 166 973 1036 1029; baseline 0.005 -17"><span class='ocrx_word' id='word_1_81' title='bbox 166 973 371 1014; x_wconf 86' lang='lat' dir='ltr'><strong>Municas</strong></span> <span class='ocrx_word' id='word_1_82' title='bbox 391 988 469 1029; x_wconf 90' lang='lat' dir='ltr'><strong>pro</strong></span> <span class='ocrx_word' id='word_1_83' title='bbox 493 977 789 1017; x_wconf 80' lang='lat' dir='ltr'><strong>communicas</strong></span> <span class='ocrx_word' id='word_1_84' title='bbox 814 976 1036 1018; x_wconf 79' lang='lat' dir='ltr'><strong>dicebant.</strong></span> 
     </span>
    </p>
   </div>
   <div class='ocr_carea' id='block_1_13' title="bbox 1375 979 1618 1032">
    <p class='ocr_par' dir='ltr' id='par_1_13' title="bbox 1375 979 1618 1032">
     <span class='ocr_line' id='line_1_17' title="bbox 1375 979 1618 1032; baseline -0.008 -14"><span class='ocrx_word' id='word_1_85' title='bbox 1375 1005 1377 1007; x_wconf 54' lang='lat'>&gt;</span> <span class='ocrx_word' id='word_1_86' title='bbox 1436 979 1618 1032; x_wconf 75' lang='lat' dir='ltr'><strong>[PAUL.</strong></span> 
     </span>
    </p>
   </div>
   <div class='ocr_carea' id='block_1_14' title="bbox 168 1040 1622 1234">
    <p class='ocr_par' dir='ltr' id='par_1_14' title="bbox 168 1040 1622 1234">
     <span class='ocr_line' id='line_1_18' title="bbox 168 1040 1619 1100; baseline 0.004 -21"><span class='ocrx_word' id='word_1_87' title='bbox 168 1040 377 1092; x_wconf 71' lang='grc' dir='ltr'><em>Μιιηίεαε,</em></span> <span class='ocrx_word' id='word_1_88' title='bbox 407 1041 474 1088; x_wconf 60' lang='grc' dir='ltr'><strong>ἃς.</strong></span> <span class='ocrx_word' id='word_1_89' title='bbox 506 1045 838 1084; x_wconf 78' lang='lat' dir='ltr'><strong>communicas‘¹</strong></span> <span class='ocrx_word' id='word_1_90' title='bbox 868 1045 974 1086; x_wconf 78' lang='lat' dir='ltr'><strong>dicit</strong></span> <span class='ocrx_word' id='word_1_91' title='bbox 1001 1042 1168 1084; x_wconf 72' lang='lat' dir='ltr'><strong>Verrius</strong></span> <span class='ocrx_word' id='word_1_92' title='bbox 1189 1060 1212 1084; x_wconf 82' lang='grc' dir='ltr'><em>α</em></span> <span class='ocrx_word' id='word_1_93' title='bbox 1237 1043 1415 1095; x_wconf 68' lang='lat' dir='ltr'><strong>Illzmiis,</strong></span> <span class='ocrx_word' id='word_1_94' title='bbox 1449 1046 1619 1100; x_wconf 72' lang='lat' dir='ltr'><strong>[FES‘P.</strong></span> 
     </span>
     <span class='ocr_line' id='line_1_19' title="bbox 222 1101 1086 1164; baseline 0.006 -17"><span class='ocrx_word' id='word_1_95' title='bbox 222 1107 267 1147; x_wconf 72' lang='lat' dir='ltr'><strong>id</strong></span> <span class='ocrx_word' id='word_1_96' title='bbox 287 1116 355 1159; x_wconf 79' lang='lat' dir='ltr'><strong>est,</strong></span> <span class='ocrx_word' id='word_1_97' title='bbox 378 1109 574 1163; x_wconf 79' lang='lat' dir='ltr'><strong>operibus,</strong></span> <span class='ocrx_word' id='word_1_98' title='bbox 597 1115 671 1152; x_wconf 88' lang='lat' dir='ltr'><strong>aut</strong></span> <span class='ocrx_word' id='word_1_99' title='bbox 697 1115 744 1152; x_wconf 85' lang='lat' dir='ltr'><strong>ut</strong></span> <span class='ocrx_word' id='word_1_100' title='bbox 760 1101 908 1164; x_wconf 64' lang='lat' dir='ltr'><strong>po’tius</strong></span> <span class='ocrx_word' id='word_1_101' title='bbox 931 1126 1000 1153; x_wconf 93' lang='lat' dir='ltr'><strong>co.</strong></span> <span class='ocrx_word' id='word_1_102' title='bbox 1034 1144 1042 1152; x_wconf 93' lang='lat'><strong>.</strong></span> <span class='ocrx_word' id='word_1_103' title='bbox 1077 1143 1086 1152; x_wconf 98' lang='lat'><strong>.</strong></span> 
     </span>
     <span class='ocr_line' id='line_1_20' title="bbox 168 1175 1622 1234; baseline 0.003 -19"><span class='ocrx_word' id='word_1_104' title='bbox 168 1175 425 1230; x_wconf 76' lang='lat' dir='ltr'><strong>Mimiceps¹&#39;</strong></span> <span class='ocrx_word' id='word_1_105' title='bbox 441 1183 523 1228; x_wconf 82' lang='lat' dir='ltr'><strong>est,</strong></span> <span class='ocrx_word' id='word_1_106' title='bbox 546 1186 590 1220; x_wconf 89' lang='lat' dir='ltr'><strong>ut</strong></span> <span class='ocrx_word' id='word_1_107' title='bbox 622 1180 681 1219; x_wconf 87' lang='lat' dir='ltr'><strong>ait</strong></span> <span class='ocrx_word' id='word_1_108' title='bbox 703 1180 847 1220; x_wconf 85' lang='lat' dir='ltr'><strong>AElius</strong></span> <span class='ocrx_word' id='word_1_109' title='bbox 869 1180 1040 1229; x_wconf 85' lang='lat' dir='ltr'><strong>Gallus,</strong></span> <span class='ocrx_word' id='word_1_110' title='bbox 1064 1180 1142 1233; x_wconf 90' lang='lat' dir='ltr'><strong>qui</strong></span> <span class='ocrx_word' id='word_1_111' title='bbox 1174 1180 1215 1220; x_wconf 90' lang='lat' dir='ltr'><strong>in</strong></span> <span class='ocrx_word' id='word_1_112' title='bbox 1248 1180 1488 1234; x_wconf 90' lang='lat' dir='ltr'><strong>municipio</strong></span> <span class='ocrx_word' id='word_1_113' title='bbox 1511 1180 1622 1220; x_wconf 84' lang='lat' dir='ltr'><strong>liber</strong></span> 
     </span>
    </p>
   </div>
   <div class='ocr_carea' id='block_1_15' title="bbox 769 1289 888 1301">
    <p class='ocr_par' dir='ltr' id='par_1_15' title="bbox 769 1289 888 1301">
     <span class='ocr_line' id='line_1_21' title="bbox 769 1289 888 1301; baseline 0.008 -1"><span class='ocrx_word' id='word_1_114' title='bbox 769 1289 888 1301; x_wconf 56' lang='grc' dir='ltr'><strong>οοοοοο</strong></span> 
     </span>
    </p>
   </div>
   <div class='ocr_carea' id='block_1_16' title="bbox 891 1289 1011 1301">
    <p class='ocr_par' dir='ltr' id='par_1_16' title="bbox 891 1289 1011 1301">
     <span class='ocr_line' id='line_1_22' title="bbox 891 1289 1011 1301; baseline -0.008 0"><span class='ocrx_word' id='word_1_115' title='bbox 891 1289 1011 1301; x_wconf 71' lang='lat' dir='ltr'><strong>eeeeee</strong></span> 
     </span>
    </p>
   </div>
   <div class='ocr_carea' id='block_1_17' title="bbox 167 1361 1622 1446">
    <p class='ocr_par' dir='ltr' id='par_1_17' title="bbox 167 1361 1622 1446">
     <span class='ocr_line' id='line_1_23' title="bbox 209 1361 1622 1405; baseline 0.002 -13"><span class='ocrx_word' id='word_1_116' title='bbox 209 1365 226 1392; x_wconf 88' lang='grc'>5</span> <span class='ocrx_word' id='word_1_117' title='bbox 253 1361 316 1392; x_wconf 86' lang='lat' dir='ltr'><strong>Ed.</strong></span> <span class='ocrx_word' id='word_1_118' title='bbox 334 1362 422 1394; x_wconf 86' lang='lat' dir='ltr'><strong>Scal.</strong></span> <span class='ocrx_word' id='word_1_119' title='bbox 439 1364 603 1395; x_wconf 61' lang='lat' dir='ltr'><strong>nullm—6</strong></span> <span class='ocrx_word' id='word_1_120' title='bbox 626 1364 772 1397; x_wconf 80' lang='lat' dir='ltr'><strong>Quidam</strong></span> <span class='ocrx_word' id='word_1_121' title='bbox 798 1364 855 1395; x_wconf 90' lang='lat' dir='ltr'><strong>lib.</strong></span> <span class='ocrx_word' id='word_1_122' title='bbox 881 1365 1029 1396; x_wconf 61' lang='lat' dir='ltr'><strong>Nem-7</strong></span> <span class='ocrx_word' id='word_1_123' title='bbox 1054 1365 1114 1395; x_wconf 84' lang='lat' dir='ltr'><strong>Vir</strong></span> <span class='ocrx_word' id='word_1_124' title='bbox 1140 1365 1231 1396; x_wconf 88' lang='lat' dir='ltr'><strong>doct.</strong></span> <span class='ocrx_word' id='word_1_125' title='bbox 1259 1366 1290 1395; x_wconf 90' lang='lat' dir='ltr'><strong>in</strong></span> <span class='ocrx_word' id='word_1_126' title='bbox 1319 1374 1424 1405; x_wconf 86' lang='lat' dir='ltr'><strong>marg.</strong></span> <span class='ocrx_word' id='word_1_127' title='bbox 1451 1365 1504 1396; x_wconf 83' lang='lat' dir='ltr'><strong>ed.</strong></span> <span class='ocrx_word' id='word_1_128' title='bbox 1534 1366 1622 1395; x_wconf 80' lang='lat' dir='ltr'><strong>Scal.</strong></span> 
     </span>
     <span class='ocr_line' id='line_1_24' title="bbox 167 1405 920 1446; baseline 0.004 -10"><span class='ocrx_word' id='word_1_129' title='bbox 167 1405 253 1445; x_wconf 79' lang='lat' dir='ltr'><strong>conj.</strong></span> <span class='ocrx_word' id='word_1_130' title='bbox 269 1415 343 1436; x_wconf 77' lang='lat' dir='ltr'><strong>neve</strong></span> <span class='ocrx_word' id='word_1_131' title='bbox 360 1407 511 1437; x_wconf 73' lang='lat' dir='ltr'><strong>lenonium</strong></span> <span class='ocrx_word' id='word_1_132' title='bbox 526 1411 649 1446; x_wconf 77' lang='lat' dir='ltr'><strong>rogato.</strong></span> <span class='ocrx_word' id='word_1_133' title='bbox 694 1407 783 1438; x_wconf 82' lang='lat' dir='ltr'><strong>Vide</strong></span> <span class='ocrx_word' id='word_1_134' title='bbox 798 1409 920 1440; x_wconf 78' lang='lat' dir='ltr'><strong>Notas.</strong></span> 
     </span>
    </p>
   </div>
   <div class='ocr_carea' id='block_1_18' title="bbox 822 1516 966 1548">
    <p class='ocr_par' dir='ltr' id='par_1_18' title="bbox 822 1516 966 1548">
     <span class='ocr_line' id='line_1_25' title="bbox 822 1516 966 1548; baseline -0.007 0"><span class='ocrx_word' id='word_1_135' title='bbox 822 1516 966 1548; x_wconf 81' lang='lat' dir='ltr'>NOTAE</span> 
     </span>
    </p>
   </div>
   <div class='ocr_carea' id='block_1_19' title="bbox 166 1589 870 2741">
    <p class='ocr_par' dir='ltr' id='par_1_19' title="bbox 166 1589 868 1824">
     <span class='ocr_line' id='line_1_26' title="bbox 209 1589 868 1631; baseline 0.005 -13"><span class='ocrx_word' id='word_1_136' title='bbox 209 1593 223 1608; x_wconf 87' lang='lat'>0</span> <span class='ocrx_word' id='word_1_137' title='bbox 236 1589 380 1629; x_wconf 69' lang='lat' dir='ltr'><strong>Manem]</strong></span> <span class='ocrx_word' id='word_1_138' title='bbox 398 1589 426 1620; x_wconf 84' lang='lat' dir='ltr'><strong>A</strong></span> <span class='ocrx_word' id='word_1_139' title='bbox 446 1600 565 1628; x_wconf 80' lang='lat' dir='ltr'><strong>munus,</strong></span> <span class='ocrx_word' id='word_1_140' title='bbox 582 1590 694 1631; x_wconf 62' lang='lat' dir='ltr'><strong>illunis,</strong></span> <span class='ocrx_word' id='word_1_141' title='bbox 711 1591 868 1622; x_wconf 74' lang='lat' dir='ltr'><strong>immunis.</strong></span> 
     </span>
     <span class='ocr_line' id='line_1_27' title="bbox 166 1640 868 1682; baseline 0.004 -13"><span class='ocrx_word' id='word_1_142' title='bbox 166 1640 281 1671; x_wconf 84' lang='lat' dir='ltr'><strong>Plant.</strong></span> <span class='ocrx_word' id='word_1_143' title='bbox 306 1641 455 1672; x_wconf 72' lang='lat' dir='ltr'><strong>Mereat.</strong></span> <span class='ocrx_word' id='word_1_144' title='bbox 473 1650 498 1672; x_wconf 83' lang='lat'><strong>1.</strong></span> <span class='ocrx_word' id='word_1_145' title='bbox 517 1644 545 1672; x_wconf 88' lang='lat' dir='ltr'><strong>l.</strong></span> <span class='ocrx_word' id='word_1_146' title='bbox 578 1644 586 1658; x_wconf 93' lang='lat'>‘</span> <span class='ocrx_word' id='word_1_147' title='bbox 603 1642 687 1672; x_wconf 89' lang='lat' dir='ltr'><strong>Dico</strong></span> <span class='ocrx_word' id='word_1_148' title='bbox 717 1642 791 1682; x_wconf 85' lang='lat' dir='ltr'><strong>ejus</strong></span> <span class='ocrx_word' id='word_1_149' title='bbox 808 1652 868 1682; x_wconf 81' lang='lat' dir='ltr'><strong>pro</strong></span> 
     </span>
     <span class='ocr_line' id='line_1_28' title="bbox 166 1690 868 1728; baseline 0.006 -10"><span class='ocrx_word' id='word_1_150' title='bbox 166 1690 296 1719; x_wconf 77' lang='lat' dir='ltr'><strong>meritis</strong></span> <span class='ocrx_word' id='word_1_151' title='bbox 314 1695 448 1728; x_wconf 84' lang='lat' dir='ltr'><strong>gratum</strong></span> <span class='ocrx_word' id='word_1_152' title='bbox 477 1699 530 1720; x_wconf 86' lang='lat' dir='ltr'><strong>me</strong></span> <span class='ocrx_word' id='word_1_153' title='bbox 548 1696 584 1721; x_wconf 87' lang='lat' dir='ltr'><strong>et</strong></span> <span class='ocrx_word' id='word_1_154' title='bbox 609 1701 741 1722; x_wconf 79' lang='lat' dir='ltr'><strong>munem</strong></span> <span class='ocrx_word' id='word_1_155' title='bbox 770 1690 868 1722; x_wconf 86' lang='lat' dir='ltr'><strong>fore.’</strong></span> 
     </span>
     <span class='ocr_line' id='line_1_29' title="bbox 168 1740 867 1784; baseline 0.006 -14"><span class='ocrx_word' id='word_1_156' title='bbox 168 1740 224 1771; x_wconf 81' lang='lat' dir='ltr'><strong>Ita</strong></span> <span class='ocrx_word' id='word_1_157' title='bbox 240 1741 328 1771; x_wconf 82' lang='lat' dir='ltr'><strong>enim</strong></span> <span class='ocrx_word' id='word_1_158' title='bbox 349 1741 541 1783; x_wconf 79' lang='lat' dir='ltr'><strong>legendum,</strong></span> <span class='ocrx_word' id='word_1_159' title='bbox 559 1752 640 1782; x_wconf 88' lang='lat' dir='ltr'><strong>non,</strong></span> <span class='ocrx_word' id='word_1_160' title='bbox 657 1748 694 1773; x_wconf 87' lang='lat' dir='ltr'><strong>ut</strong></span> <span class='ocrx_word' id='word_1_161' title='bbox 719 1743 867 1784; x_wconf 84' lang='lat' dir='ltr'><strong>quidam,</strong></span> 
     </span>
     <span class='ocr_line' id='line_1_30' title="bbox 166 1792 470 1824; baseline 0.016 -5"><span class='ocrx_word' id='word_1_162' title='bbox 166 1801 339 1822; x_wconf 74' lang='lat' dir='ltr'><strong>memorem.</strong></span> <span class='ocrx_word' id='word_1_163' title='bbox 365 1792 470 1824; x_wconf 75' lang='lat' dir='ltr'><strong>Ideni.</strong></span> 
     </span>
    </p>

    <p class='ocr_par' dir='ltr' id='par_1_20' title="bbox 166 1842 867 2185">
     <span class='ocr_line' id='line_1_31' title="bbox 210 1842 866 1884; baseline 0.005 -13"><span class='ocrx_word' id='word_1_164' title='bbox 210 1846 225 1866; x_wconf 72' lang='grc' dir='ltr'><strong>Ρ</strong></span> <span class='ocrx_word' id='word_1_165' title='bbox 249 1842 442 1884; x_wconf 80' lang='lat' dir='ltr'><strong>Mzmeralis]</strong></span> <span class='ocrx_word' id='word_1_166' title='bbox 460 1844 530 1874; x_wconf 80' lang='lat' dir='ltr'><strong>Lex</strong></span> <span class='ocrx_word' id='word_1_167' title='bbox 559 1844 677 1874; x_wconf 90' lang='lat' dir='ltr'><strong>Cincia</strong></span> <span class='ocrx_word' id='word_1_168' title='bbox 709 1843 752 1874; x_wconf 90' lang='lat' dir='ltr'><strong>de</strong></span> <span class='ocrx_word' id='word_1_169' title='bbox 770 1844 866 1875; x_wconf 89' lang='lat' dir='ltr'><strong>donis</strong></span> 
     </span>
     <span class='ocr_line' id='line_1_32' title="bbox 167 1893 867 1934; baseline 0.007 -13"><span class='ocrx_word' id='word_1_170' title='bbox 167 1896 201 1922; x_wconf 92' lang='lat' dir='ltr'><strong>et</strong></span> <span class='ocrx_word' id='word_1_171' title='bbox 218 1893 424 1932; x_wconf 87' lang='lat' dir='ltr'><strong>muneribus,</strong></span> <span class='ocrx_word' id='word_1_172' title='bbox 442 1903 506 1924; x_wconf 90' lang='lat' dir='ltr'><strong>non</strong></span> <span class='ocrx_word' id='word_1_173' title='bbox 524 1894 677 1925; x_wconf 82' lang='lat' dir='ltr'><strong>omnibus</strong></span> <span class='ocrx_word' id='word_1_174' title='bbox 696 1895 867 1934; x_wconf 78' lang='lat' dir='ltr'><strong>prohibuit</strong></span> 
     </span>
     <span class='ocr_line' id='line_1_33' title="bbox 166 1944 866 1984; baseline 0.009 -14"><span class='ocrx_word' id='word_1_175' title='bbox 166 1951 285 1972; x_wconf 82' lang='lat' dir='ltr'><strong>munus</strong></span> <span class='ocrx_word' id='word_1_176' title='bbox 309 1944 490 1984; x_wconf 80' lang='lat' dir='ltr'><strong>accipere:</strong></span> <span class='ocrx_word' id='word_1_177' title='bbox 516 1945 574 1976; x_wconf 86' lang='lat' dir='ltr'><strong>scd</strong></span> <span class='ocrx_word' id='word_1_178' title='bbox 602 1945 644 1976; x_wconf 92' lang='lat' dir='ltr'><strong>ob</strong></span> <span class='ocrx_word' id='word_1_179' title='bbox 669 1956 803 1977; x_wconf 82' lang='lat' dir='ltr'><strong>causam</strong></span> <span class='ocrx_word' id='word_1_180' title='bbox 833 1957 866 1976; x_wconf 83' lang='lat' dir='ltr'><strong>o-</strong></span> 
     </span>
     <span class='ocr_line' id='line_1_34' title="bbox 167 1993 866 2036; baseline 0.007 -14"><span class='ocrx_word' id='word_1_181' title='bbox 167 1993 320 2029; x_wconf 86' lang='lat' dir='ltr'><strong>randam,</strong></span> <span class='ocrx_word' id='word_1_182' title='bbox 338 1995 607 2032; x_wconf 78' lang='lat' dir='ltr'><strong>patrociniunive</strong></span> <span class='ocrx_word' id='word_1_183' title='bbox 625 1996 866 2036; x_wconf 81' lang='lat' dir='ltr'><strong>praeslandum.</strong></span> 
     </span>
     <span class='ocr_line' id='line_1_35' title="bbox 166 2043 865 2087; baseline 0.009 -15"><span class='ocrx_word' id='word_1_184' title='bbox 166 2043 313 2074; x_wconf 86' lang='lat' dir='ltr'><strong>Vidend.</strong></span> <span class='ocrx_word' id='word_1_185' title='bbox 341 2045 463 2077; x_wconf 90' lang='lat' dir='ltr'><strong>Cicero</strong></span> <span class='ocrx_word' id='word_1_186' title='bbox 489 2046 547 2078; x_wconf 89' lang='lat' dir='ltr'><strong>lib.</strong></span> <span class='ocrx_word' id='word_1_187' title='bbox 567 2055 592 2078; x_wconf 87' lang='lat'><strong>1.</strong></span> <span class='ocrx_word' id='word_1_188' title='bbox 616 2047 718 2087; x_wconf 83' lang='lat' dir='ltr'><strong>epist.</strong></span> <span class='ocrx_word' id='word_1_189' title='bbox 735 2048 799 2078; x_wconf 87' lang='lat' dir='ltr'><strong>ult.</strong></span> <span class='ocrx_word' id='word_1_190' title='bbox 825 2048 865 2078; x_wconf 86' lang='lat' dir='ltr'><strong>ad</strong></span> 
     </span>
     <span class='ocr_line' id='line_1_36' title="bbox 167 2094 866 2130; baseline 0.009 -7"><span class='ocrx_word' id='word_1_191' title='bbox 167 2094 332 2125; x_wconf 81' lang='lat' dir='ltr'><strong>Atticum.</strong></span> <span class='ocrx_word' id='word_1_192' title='bbox 368 2096 506 2128; x_wconf 83' lang='lat' dir='ltr'><strong>Tacitus</strong></span> <span class='ocrx_word' id='word_1_193' title='bbox 536 2097 593 2128; x_wconf 88' lang='lat' dir='ltr'><strong>lib.</strong></span> <span class='ocrx_word' id='word_1_194' title='bbox 621 2106 661 2128; x_wconf 82' lang='grc' dir='ltr'><strong>ιι.</strong></span> <span class='ocrx_word' id='word_1_195' title='bbox 691 2100 743 2129; x_wconf 87' lang='grc'><strong>13.</strong></span> <span class='ocrx_word' id='word_1_196' title='bbox 765 2103 800 2129; x_wconf 84' lang='lat' dir='ltr'><strong>et</strong></span> <span class='ocrx_word' id='word_1_197' title='bbox 816 2101 866 2130; x_wconf 85' lang='lat'><strong>15.</strong></span> 
     </span>
     <span class='ocr_line' id='line_1_37' title="bbox 166 2145 352 2185; baseline 0.011 -10"><span class='ocrx_word' id='word_1_198' title='bbox 166 2145 244 2176; x_wconf 78' lang='lat' dir='ltr'><strong>Aut.</strong></span> <span class='ocrx_word' id='word_1_199' title='bbox 266 2147 352 2185; x_wconf 83' lang='lat' dir='ltr'><strong>Aug.</strong></span> 
     </span>
    </p>

    <p class='ocr_par' dir='ltr' id='par_1_21' title="bbox 166 2195 868 2587">
     <span class='ocr_line' id='line_1_38' title="bbox 211 2195 867 2238; baseline 0.008 -13"><span class='ocrx_word' id='word_1_200' title='bbox 211 2195 401 2238; x_wconf 75' lang='lat' dir='ltr'><strong>Mzmeralis]</strong></span> <span class='ocrx_word' id='word_1_201' title='bbox 428 2198 565 2229; x_wconf 83' lang='lat' dir='ltr'><strong>Leviter</strong></span> <span class='ocrx_word' id='word_1_202' title='bbox 581 2198 749 2231; x_wconf 76' lang='lat' dir='ltr'><strong>immutati</strong></span> <span class='ocrx_word' id='word_1_203' title='bbox 769 2199 867 2230; x_wconf 86' lang='lat' dir='ltr'><strong>Plau-</strong></span> 
     </span>
     <span class='ocr_line' id='line_1_39' title="bbox 168 2246 866 2290; baseline 0.01 -16"><span class='ocrx_word' id='word_1_204' title='bbox 168 2246 230 2275; x_wconf 78' lang='lat' dir='ltr'><strong>tini</strong></span> <span class='ocrx_word' id='word_1_205' title='bbox 249 2257 364 2278; x_wconf 84' lang='lat' dir='ltr'><strong>versus</strong></span> <span class='ocrx_word' id='word_1_206' title='bbox 381 2249 428 2279; x_wconf 85' lang='lat' dir='ltr'><strong>ita</strong></span> <span class='ocrx_word' id='word_1_207' title='bbox 445 2249 600 2289; x_wconf 85' lang='lat' dir='ltr'><strong>legendi:</strong></span> <span class='ocrx_word' id='word_1_208' title='bbox 618 2251 738 2290; x_wconf 71' lang='lat' dir='ltr'><strong>&#39;Neque</strong></span> <span class='ocrx_word' id='word_1_209' title='bbox 764 2261 866 2282; x_wconf 73' lang='lat' dir='ltr'><strong>mune-</strong></span> 
     </span>
     <span class='ocr_line' id='line_1_40' title="bbox 166 2297 866 2339; baseline 0.011 -14"><span class='ocrx_word' id='word_1_210' title='bbox 166 2297 262 2326; x_wconf 81' lang='lat' dir='ltr'><strong>ralem</strong></span> <span class='ocrx_word' id='word_1_211' title='bbox 292 2299 400 2337; x_wconf 73' lang='lat' dir='ltr'><strong>legem,</strong></span> <span class='ocrx_word' id='word_1_212' title='bbox 429 2309 526 2338; x_wconf 79' lang='lat' dir='ltr'><strong>neque</strong></span> <span class='ocrx_word' id='word_1_213' title='bbox 562 2301 724 2339; x_wconf 69' lang='lat' dir='ltr'><strong>lenonium,</strong></span> <span class='ocrx_word' id='word_1_214' title='bbox 759 2302 866 2339; x_wconf 74' lang='lat' dir='ltr'><strong>Roga.-</strong></span> 
     </span>
     <span class='ocr_line' id='line_1_41' title="bbox 167 2345 865 2389; baseline 0.011 -16"><span class='ocrx_word' id='word_1_215' title='bbox 167 2354 222 2375; x_wconf 69' lang='lat' dir='ltr'><strong>nec</strong></span> <span class='ocrx_word' id='word_1_216' title='bbox 245 2345 356 2384; x_wconf 82' lang='lat' dir='ltr'><strong>fuerit,</strong></span> <span class='ocrx_word' id='word_1_217' title='bbox 371 2348 579 2389; x_wconf 78' lang='lat' dir='ltr'><strong>necne‚flocci</strong></span> <span class='ocrx_word' id='word_1_218' title='bbox 595 2350 760 2382; x_wconf 74' lang='lat' dir='ltr'><strong>existuma.</strong></span> <span class='ocrx_word' id='word_1_219' title='bbox 799 2353 865 2381; x_wconf 85' lang='lat' dir='ltr'><strong>Ve-</strong></span> 
     </span>
     <span class='ocr_line' id='line_1_42' title="bbox 168 2395 866 2431; baseline 0.009 -6"><span class='ocrx_word' id='word_1_220' title='bbox 168 2395 263 2426; x_wconf 83' lang='lat' dir='ltr'><strong>tabat</strong></span> <span class='ocrx_word' id='word_1_221' title='bbox 278 2397 320 2427; x_wconf 87' lang='lat' dir='ltr'><strong>ob</strong></span> <span class='ocrx_word' id='word_1_222' title='bbox 339 2397 511 2428; x_wconf 60' lang='lat' dir='ltr'><strong>defensam</strong></span> <span class='ocrx_word' id='word_1_223' title='bbox 529 2408 660 2429; x_wconf 85' lang='lat' dir='ltr'><strong>causam</strong></span> <span class='ocrx_word' id='word_1_224' title='bbox 673 2401 795 2431; x_wconf 84' lang='lat' dir='ltr'><strong>donum</strong></span> <span class='ocrx_word' id='word_1_225' title='bbox 814 2410 866 2431; x_wconf 82' lang='lat' dir='ltr'><strong>ac-</strong></span> 
     </span>
     <span class='ocr_line' id='line_1_43' title="bbox 169 2447 868 2488; baseline 0.006 -11"><span class='ocrx_word' id='word_1_226' title='bbox 169 2447 298 2486; x_wconf 75' lang='lat' dir='ltr'><strong>cipere.</strong></span> <span class='ocrx_word' id='word_1_227' title='bbox 345 2448 433 2478; x_wconf 84' lang='lat' dir='ltr'><strong>Vide</strong></span> <span class='ocrx_word' id='word_1_228' title='bbox 466 2449 654 2488; x_wconf 79' lang='lat' dir='ltr'><strong>Epistolam</strong></span> <span class='ocrx_word' id='word_1_229' title='bbox 686 2451 790 2481; x_wconf 85' lang='lat' dir='ltr'><strong>Plinii</strong></span> <span class='ocrx_word' id='word_1_230' title='bbox 807 2451 868 2482; x_wconf 72' lang='lat' dir='ltr'><strong>Ju,</strong></span> 
     </span>
     <span class='ocr_line' id='line_1_44' title="bbox 169 2496 867 2532; baseline 0.009 -6"><span class='ocrx_word' id='word_1_231' title='bbox 169 2496 273 2527; x_wconf 81' lang='lat' dir='ltr'><strong>nioris</strong></span> <span class='ocrx_word' id='word_1_232' title='bbox 292 2498 332 2528; x_wconf 88' lang='lat' dir='ltr'><strong>ad</strong></span> <span class='ocrx_word' id='word_1_233' title='bbox 352 2497 566 2529; x_wconf 84' lang='lat' dir='ltr'><strong>Valerianum</strong></span> <span class='ocrx_word' id='word_1_234' title='bbox 594 2499 679 2530; x_wconf 89' lang='lat' dir='ltr'><strong>libro</strong></span> <span class='ocrx_word' id='word_1_235' title='bbox 696 2509 729 2531; x_wconf 89' lang='lat' dir='ltr'><strong>v.</strong></span> <span class='ocrx_word' id='word_1_236' title='bbox 755 2501 867 2532; x_wconf 82' lang='lat' dir='ltr'><strong>Etiam</strong></span> 
     </span>
     <span class='ocr_line' id='line_1_45' title="bbox 170 2547 775 2587; baseline 0.008 -11"><span class='ocrx_word' id='word_1_237' title='bbox 170 2547 196 2577; x_wconf 79' lang='lat' dir='ltr'><strong>si</strong></span> <span class='ocrx_word' id='word_1_238' title='bbox 215 2547 298 2587; x_wconf 77' lang='lat' dir='ltr'><strong>legis</strong></span> <span class='ocrx_word' id='word_1_239' title='bbox 315 2549 444 2579; x_wconf 74' lang='lat' dir='ltr'><strong>mentio</strong></span> <span class='ocrx_word' id='word_1_240' title='bbox 460 2558 524 2579; x_wconf 89' lang='lat' dir='ltr'><strong>non</strong></span> <span class='ocrx_word' id='word_1_241' title='bbox 538 2548 586 2580; x_wconf 88' lang='lat' dir='ltr'><strong>fit.</strong></span> <span class='ocrx_word' id='word_1_242' title='bbox 610 2550 678 2580; x_wconf 74' lang='lat' dir='ltr'><strong>dos.</strong></span> <span class='ocrx_word' id='word_1_243' title='bbox 692 2550 775 2581; x_wconf 77' lang='lat' dir='ltr'><strong>Scal-</strong></span> 
     </span>
    </p>

    <p class='ocr_par' dir='ltr' id='par_1_22' title="bbox 169 2598 870 2741">
     <span class='ocr_line' id='line_1_46' title="bbox 205 2598 870 2639; baseline 0.008 -12"><span class='ocrx_word' id='word_1_244' title='bbox 205 2598 381 2628; x_wconf 66' lang='lat' dir='ltr'><strong>Muneralis</strong></span> <span class='ocrx_word' id='word_1_245' title='bbox 396 2598 462 2639; x_wconf 77' lang='lat' dir='ltr'><strong>Iex]</strong></span> <span class='ocrx_word' id='word_1_246' title='bbox 487 2600 558 2630; x_wconf 86' lang='lat' dir='ltr'><strong>Lex</strong></span> <span class='ocrx_word' id='word_1_247' title='bbox 579 2599 699 2631; x_wconf 82' lang='lat' dir='ltr'><strong>Cincia</strong></span> <span class='ocrx_word' id='word_1_248' title='bbox 716 2611 870 2632; x_wconf 86' lang='lat' dir='ltr'><strong>numera-</strong></span> 
     </span>
     <span class='ocr_line' id='line_1_47' title="bbox 169 2647 868 2691; baseline 0.007 -15"><span class='ocrx_word' id='word_1_249' title='bbox 169 2647 210 2677; x_wconf 77' lang='lat' dir='ltr'><strong>lis</strong></span> <span class='ocrx_word' id='word_1_250' title='bbox 224 2647 294 2678; x_wconf 85' lang='lat' dir='ltr'><strong>sive</strong></span> <span class='ocrx_word' id='word_1_251' title='bbox 311 2649 354 2679; x_wconf 87' lang='lat' dir='ltr'><strong>de</strong></span> <span class='ocrx_word' id='word_1_252' title='bbox 382 2649 478 2679; x_wconf 80' lang='lat' dir='ltr'><strong>donis</strong></span> <span class='ocrx_word' id='word_1_253' title='bbox 504 2654 538 2680; x_wconf 85' lang='lat' dir='ltr'><strong>et</strong></span> <span class='ocrx_word' id='word_1_254' title='bbox 568 2650 774 2691; x_wconf 84' lang='lat' dir='ltr'><strong>muneribus,</strong></span> <span class='ocrx_word' id='word_1_255' title='bbox 805 2661 868 2691; x_wconf 81' lang='lat' dir='ltr'><strong>qua</strong></span> 
     </span>
     <span class='ocr_line' id='line_1_48' title="bbox 172 2697 867 2741; baseline 0.009 -15"><span class='ocrx_word' id='word_1_256' title='bbox 172 2697 370 2739; x_wconf 75' lang='lat' dir='ltr'><strong>cavebatur,</strong></span> <span class='ocrx_word' id='word_1_257' title='bbox 394 2709 433 2731; x_wconf 86' lang='lat' dir='ltr'><strong>ne</strong></span> <span class='ocrx_word' id='word_1_258' title='bbox 460 2700 534 2741; x_wconf 82' lang='lat' dir='ltr'><strong>quis</strong></span> <span class='ocrx_word' id='word_1_259' title='bbox 561 2699 602 2731; x_wconf 89' lang='lat' dir='ltr'><strong>ob</strong></span> <span class='ocrx_word' id='word_1_260' title='bbox 620 2710 754 2732; x_wconf 79' lang='lat' dir='ltr'><strong>causam</strong></span> <span class='ocrx_word' id='word_1_261' title='bbox 771 2710 867 2732; x_wconf 82' lang='lat' dir='ltr'><strong>oran-</strong></span> 
     </span>
    </p>
   </div>
   <div class='ocr_carea' id='block_1_20' title="bbox 913 1591 1625 2742">
    <p class='ocr_par' dir='ltr' id='par_1_23' title="bbox 913 1591 1624 2035">
     <span class='ocr_line' id='line_1_49' title="bbox 923 1591 1621 1632; baseline 0.001 -11"><span class='ocrx_word' id='word_1_262' title='bbox 923 1591 999 1621; x_wconf 86' lang='lat' dir='ltr'><strong>dam</strong></span> <span class='ocrx_word' id='word_1_263' title='bbox 1016 1592 1139 1622; x_wconf 82' lang='lat' dir='ltr'><strong>donum</strong></span> <span class='ocrx_word' id='word_1_264' title='bbox 1153 1601 1316 1623; x_wconf 83' lang='lat' dir='ltr'><strong>munusve</strong></span> <span class='ocrx_word' id='word_1_265' title='bbox 1328 1592 1513 1632; x_wconf 83' lang='lat' dir='ltr'><strong>acciperet.</strong></span> <span class='ocrx_word' id='word_1_266' title='bbox 1540 1593 1621 1623; x_wconf 82' lang='lat' dir='ltr'><strong>Eam</strong></span> 
     </span>
     <span class='ocr_line' id='line_1_50' title="bbox 924 1643 1624 1683; baseline 0 -11"><span class='ocrx_word' id='word_1_267' title='bbox 924 1643 999 1672; x_wconf 76' lang='lat' dir='ltr'><strong>tulit</strong></span> <span class='ocrx_word' id='word_1_268' title='bbox 1018 1643 1068 1672; x_wconf 91' lang='lat' dir='ltr'><strong>M.</strong></span> <span class='ocrx_word' id='word_1_269' title='bbox 1086 1643 1236 1681; x_wconf 85' lang='lat' dir='ltr'><strong>Cincius,</strong></span> <span class='ocrx_word' id='word_1_270' title='bbox 1249 1643 1416 1673; x_wconf 81' lang='lat' dir='ltr'><strong>Tribunus</strong></span> <span class='ocrx_word' id='word_1_271' title='bbox 1434 1643 1555 1683; x_wconf 84' lang='lat' dir='ltr'><strong>plebis,</strong></span> <span class='ocrx_word' id='word_1_272' title='bbox 1575 1643 1624 1673; x_wconf 81' lang='lat' dir='ltr'><strong>M.</strong></span> 
     </span>
     <span class='ocr_line' id='line_1_51' title="bbox 923 1692 1624 1733; baseline 0 -10"><span class='ocrx_word' id='word_1_273' title='bbox 923 1692 1080 1723; x_wconf 87' lang='lat' dir='ltr'><strong>Cornelio</strong></span> <span class='ocrx_word' id='word_1_274' title='bbox 1099 1693 1262 1731; x_wconf 77' lang='lat' dir='ltr'><strong>Cethego,</strong></span> <span class='ocrx_word' id='word_1_275' title='bbox 1280 1693 1319 1723; x_wconf 88' lang='lat' dir='ltr'><strong>P.</strong></span> <span class='ocrx_word' id='word_1_276' title='bbox 1342 1693 1543 1733; x_wconf 83' lang='lat' dir='ltr'><strong>Sempronio</strong></span> <span class='ocrx_word' id='word_1_277' title='bbox 1558 1695 1624 1724; x_wconf 82' lang='lat' dir='ltr'><strong>Tu-</strong></span> 
     </span>
     <span class='ocr_line' id='line_1_52' title="bbox 923 1743 1624 1784; baseline 0.003 -11"><span class='ocrx_word' id='word_1_278' title='bbox 923 1743 1038 1774; x_wconf 84' lang='lat' dir='ltr'><strong>ditano</strong></span> <span class='ocrx_word' id='word_1_279' title='bbox 1066 1743 1159 1774; x_wconf 85' lang='lat' dir='ltr'><strong>Coss.</strong></span> <span class='ocrx_word' id='word_1_280' title='bbox 1197 1743 1284 1774; x_wconf 84' lang='lat' dir='ltr'><strong>Vide</strong></span> <span class='ocrx_word' id='word_1_281' title='bbox 1314 1744 1490 1784; x_wconf 81' lang='lat' dir='ltr'><strong>epistolam</strong></span> <span class='ocrx_word' id='word_1_282' title='bbox 1524 1745 1624 1775; x_wconf 84' lang='lat' dir='ltr'><strong>Plinii</strong></span> 
     </span>
     <span class='ocr_line' id='line_1_53' title="bbox 922 1793 1622 1827; baseline 0 -4"><span class='ocrx_word' id='word_1_283' title='bbox 922 1793 1072 1825; x_wconf 80' lang='lat' dir='ltr'><strong>Junioris</strong></span> <span class='ocrx_word' id='word_1_284' title='bbox 1091 1793 1132 1823; x_wconf 89' lang='lat' dir='ltr'><strong>ad</strong></span> <span class='ocrx_word' id='word_1_285' title='bbox 1148 1793 1364 1824; x_wconf 81' lang='lat' dir='ltr'><strong>Valerianum</strong></span> <span class='ocrx_word' id='word_1_286' title='bbox 1383 1793 1440 1827; x_wconf 89' lang='lat' dir='ltr'><strong>lib.</strong></span> <span class='ocrx_word' id='word_1_287' title='bbox 1456 1804 1486 1825; x_wconf 88' lang='lat' dir='ltr'><strong>v.</strong></span> <span class='ocrx_word' id='word_1_288' title='bbox 1512 1795 1622 1825; x_wconf 84' lang='lat' dir='ltr'><strong>Etiam</strong></span> 
     </span>
     <span class='ocr_line' id='line_1_54' title="bbox 923 1843 1624 1883; baseline 0 -10"><span class='ocrx_word' id='word_1_289' title='bbox 923 1843 948 1873; x_wconf 81' lang='lat' dir='ltr'><strong>si</strong></span> <span class='ocrx_word' id='word_1_290' title='bbox 967 1843 1051 1883; x_wconf 82' lang='lat' dir='ltr'><strong>legis</strong></span> <span class='ocrx_word' id='word_1_291' title='bbox 1068 1845 1195 1874; x_wconf 77' lang='lat' dir='ltr'><strong>mentio</strong></span> <span class='ocrx_word' id='word_1_292' title='bbox 1213 1853 1277 1874; x_wconf 90' lang='lat' dir='ltr'><strong>non</strong></span> <span class='ocrx_word' id='word_1_293' title='bbox 1296 1843 1344 1874; x_wconf 77' lang='lat' dir='ltr'><strong>fit.</strong></span> <span class='ocrx_word' id='word_1_294' title='bbox 1378 1845 1505 1874; x_wconf 80' lang='lat' dir='ltr'><strong>Versus</strong></span> <span class='ocrx_word' id='word_1_295' title='bbox 1523 1844 1624 1875; x_wconf 82' lang='lat' dir='ltr'><strong>Plau-</strong></span> 
     </span>
     <span class='ocr_line' id='line_1_55' title="bbox 923 1893 1624 1934; baseline 0.003 -11"><span class='ocrx_word' id='word_1_296' title='bbox 923 1893 985 1923; x_wconf 83' lang='lat' dir='ltr'><strong>tini</strong></span> <span class='ocrx_word' id='word_1_297' title='bbox 1004 1894 1051 1924; x_wconf 86' lang='lat' dir='ltr'><strong>sic</strong></span> <span class='ocrx_word' id='word_1_298' title='bbox 1074 1894 1210 1933; x_wconf 79' lang='lat' dir='ltr'><strong>legendi</strong></span> <span class='ocrx_word' id='word_1_299' title='bbox 1228 1904 1268 1924; x_wconf 81' lang='lat' dir='ltr'><strong>ex</strong></span> <span class='ocrx_word' id='word_1_300' title='bbox 1287 1894 1410 1934; x_wconf 83' lang='lat' dir='ltr'><strong>Scalig.</strong></span> <span class='ocrx_word' id='word_1_301' title='bbox 1430 1894 1540 1934; x_wconf 81' lang='lat' dir='ltr'><strong>Neque</strong></span> <span class='ocrx_word' id='word_1_302' title='bbox 1559 1905 1624 1925; x_wconf 83' lang='lat' dir='ltr'><strong>mu-</strong></span> 
     </span>
     <span class='ocr_line' id='line_1_56' title="bbox 922 1945 1623 1985; baseline 0.003 -12"><span class='ocrx_word' id='word_1_303' title='bbox 922 1945 1056 1974; x_wconf 78' lang='lat' dir='ltr'><strong>ueralem</strong></span> <span class='ocrx_word' id='word_1_304' title='bbox 1073 1945 1169 1983; x_wconf 84' lang='lat' dir='ltr'><strong>Iegem</strong></span> <span class='ocrx_word' id='word_1_305' title='bbox 1185 1955 1281 1985; x_wconf 79' lang='lat' dir='ltr'><strong>neque</strong></span> <span class='ocrx_word' id='word_1_306' title='bbox 1300 1945 1466 1985; x_wconf 76' lang='lat' dir='ltr'><strong>lenonium,</strong></span> <span class='ocrx_word' id='word_1_307' title='bbox 1492 1946 1623 1984; x_wconf 68' lang='lat' dir='ltr'><strong>Rogutoe</strong></span> 
     </span>
     <span class='ocr_line' id='line_1_57' title="bbox 913 1994 1554 2035; baseline 0.003 -11"><span class='ocrx_word' id='word_1_308' title='bbox 913 1994 1050 2031; x_wconf 76' lang='lat' dir='ltr'><strong>suerint,</strong></span> <span class='ocrx_word' id='word_1_309' title='bbox 1067 2005 1170 2035; x_wconf 85' lang='lat' dir='ltr'><strong>necne,</strong></span> <span class='ocrx_word' id='word_1_310' title='bbox 1179 1995 1295 2035; x_wconf 79' lang='lat' dir='ltr'><strong>floccid</strong></span> <span class='ocrx_word' id='word_1_311' title='bbox 1310 1996 1440 2026; x_wconf 62' lang='lat' dir='ltr'><strong>(estimo.</strong></span> <span class='ocrx_word' id='word_1_312' title='bbox 1466 1996 1554 2026; x_wconf 82' lang='lat' dir='ltr'><strong>Dae.</strong></span> 
     </span>
    </p>

    <p class='ocr_par' dir='ltr' id='par_1_24' title="bbox 922 2046 1625 2429">
     <span class='ocr_line' id='line_1_58' title="bbox 965 2046 1621 2085; baseline -0.003 -9"><span class='ocrx_word' id='word_1_313' title='bbox 965 2050 979 2071; x_wconf 71' lang='lat' dir='ltr'><strong>‘l</strong></span> <span class='ocrx_word' id='word_1_314' title='bbox 1009 2046 1168 2085; x_wconf 75' lang='lat' dir='ltr'><strong>Municas,</strong></span> <span class='ocrx_word' id='word_1_315' title='bbox 1198 2047 1249 2085; x_wconf 61' lang='grc' dir='ltr'><strong>ἑξέ.</strong></span> <span class='ocrx_word' id='word_1_316' title='bbox 1277 2046 1495 2085; x_wconf 74' lang='lat' dir='ltr'><strong>communicas]</strong></span> <span class='ocrx_word' id='word_1_317' title='bbox 1536 2046 1621 2077; x_wconf 71' lang='lat' dir='ltr'><strong>Quze</strong></span> 
     </span>
     <span class='ocr_line' id='line_1_59' title="bbox 922 2095 1624 2136; baseline -0.003 -10"><span class='ocrx_word' id='word_1_318' title='bbox 922 2095 1044 2126; x_wconf 79' lang='lat' dir='ltr'><strong>desunt</strong></span> <span class='ocrx_word' id='word_1_319' title='bbox 1057 2096 1209 2126; x_wconf 73' lang='lat' dir='ltr'><strong>divinare</strong></span> <span class='ocrx_word' id='word_1_320' title='bbox 1222 2105 1287 2126; x_wconf 88' lang='lat' dir='ltr'><strong>non</strong></span> <span class='ocrx_word' id='word_1_321' title='bbox 1303 2106 1451 2136; x_wconf 81' lang='lat' dir='ltr'><strong>possum.</strong></span> <span class='ocrx_word' id='word_1_322' title='bbox 1464 2095 1624 2126; x_wconf 66' lang='lat' dir='ltr'><strong>Placidus</strong></span> 
     </span>
     <span class='ocr_line' id='line_1_60' title="bbox 923 2146 1624 2185; baseline 0 -9"><span class='ocrx_word' id='word_1_323' title='bbox 923 2147 954 2176; x_wconf 93' lang='lat' dir='ltr'><strong>in</strong></span> <span class='ocrx_word' id='word_1_324' title='bbox 973 2146 1123 2177; x_wconf 85' lang='lat' dir='ltr'><strong>Glossis:</strong></span> <span class='ocrx_word' id='word_1_325' title='bbox 1150 2146 1624 2185; x_wconf 80' lang='lat' dir='ltr'><strong>‘Municare,communicare</strong></span> 
     </span>
     <span class='ocr_line' id='line_1_61' title="bbox 923 2195 1625 2236; baseline -0.001 -9"><span class='ocrx_word' id='word_1_326' title='bbox 923 2197 1051 2227; x_wconf 71' lang='lat' dir='ltr'><strong>dictum</strong></span> <span class='ocrx_word' id='word_1_327' title='bbox 1078 2206 1095 2226; x_wconf 84' lang='lat' dir='ltr'><strong>a</strong></span> <span class='ocrx_word' id='word_1_328' title='bbox 1118 2197 1258 2230; x_wconf 83' lang='lat' dir='ltr'><strong>moeniis,</strong></span> <span class='ocrx_word' id='word_1_329' title='bbox 1284 2197 1315 2226; x_wconf 87' lang='lat' dir='ltr'><strong>id</strong></span> <span class='ocrx_word' id='word_1_330' title='bbox 1346 2202 1411 2236; x_wconf 75' lang='lat' dir='ltr'><strong>est,</strong></span> <span class='ocrx_word' id='word_1_331' title='bbox 1440 2195 1625 2235; x_wconf 78' lang='lat' dir='ltr'><strong>operibns.&#39;</strong></span> 
     </span>
     <span class='ocr_line' id='line_1_62' title="bbox 924 2246 1622 2278; baseline -0.003 -1"><span class='ocrx_word' id='word_1_332' title='bbox 924 2247 1000 2278; x_wconf 78' lang='lat' dir='ltr'><strong>Non</strong></span> <span class='ocrx_word' id='word_1_333' title='bbox 1018 2246 1157 2277; x_wconf 87' lang='lat' dir='ltr'><strong>dubium</strong></span> <span class='ocrx_word' id='word_1_334' title='bbox 1174 2251 1224 2277; x_wconf 84' lang='lat' dir='ltr'><strong>est</strong></span> <span class='ocrx_word' id='word_1_335' title='bbox 1243 2246 1388 2277; x_wconf 80' lang='lat' dir='ltr'><strong>Veteres</strong></span> <span class='ocrx_word' id='word_1_336' title='bbox 1413 2246 1536 2276; x_wconf 79' lang='lat' dir='ltr'><strong>dixisse</strong></span> <span class='ocrx_word' id='word_1_337' title='bbox 1553 2255 1622 2275; x_wconf 70' lang='grc' dir='ltr'><strong>Μω-</strong></span> 
     </span>
     <span class='ocr_line' id='line_1_63' title="bbox 922 2297 1625 2331; baseline -0.003 -4"><span class='ocrx_word' id='word_1_338' title='bbox 922 2298 1025 2328; x_wconf 69' lang='grc' dir='ltr'><strong>ηἰσανε</strong></span> <span class='ocrx_word' id='word_1_339' title='bbox 1041 2305 1076 2328; x_wconf 88' lang='lat' dir='ltr'><strong>et</strong></span> <span class='ocrx_word' id='word_1_340' title='bbox 1096 2298 1338 2329; x_wconf 77' lang='lat' dir='ltr'><strong>commoenz&#39;care.</strong></span> <span class='ocrx_word' id='word_1_341' title='bbox 1384 2297 1432 2327; x_wconf 92' lang='lat' dir='ltr'><strong>Ut</strong></span> <span class='ocrx_word' id='word_1_342' title='bbox 1456 2298 1464 2312; x_wconf 87' lang='lat'>‘</span> <span class='ocrx_word' id='word_1_343' title='bbox 1480 2298 1625 2331; x_wconf 84' lang='lat' dir='ltr'><strong>moerus,&#39;</strong></span> 
     </span>
     <span class='ocr_line' id='line_1_64' title="bbox 922 2346 1622 2388; baseline -0.003 -10"><span class='ocrx_word' id='word_1_344' title='bbox 922 2350 931 2365; x_wconf 90' lang='lat'>‘</span> <span class='ocrx_word' id='word_1_345' title='bbox 948 2348 1083 2388; x_wconf 79' lang='lat' dir='ltr'><strong>murus‚&#39;</strong></span> <span class='ocrx_word' id='word_1_346' title='bbox 1101 2353 1135 2378; x_wconf 82' lang='lat' dir='ltr'><strong>et</strong></span> <span class='ocrx_word' id='word_1_347' title='bbox 1152 2348 1214 2379; x_wconf 85' lang='lat' dir='ltr'><strong>hoc</strong></span> <span class='ocrx_word' id='word_1_348' title='bbox 1234 2347 1347 2378; x_wconf 86' lang='lat' dir='ltr'><strong>forsan</strong></span> <span class='ocrx_word' id='word_1_349' title='bbox 1367 2346 1448 2377; x_wconf 88' lang='lat' dir='ltr'><strong>illud</strong></span> <span class='ocrx_word' id='word_1_350' title='bbox 1467 2346 1622 2387; x_wconf 86' lang='lat' dir='ltr'><strong>estquod</strong></span> 
     </span>
     <span class='ocr_line' id='line_1_65' title="bbox 924 2398 1339 2429; baseline -0.002 0"><span class='ocrx_word' id='word_1_351' title='bbox 924 2399 1044 2429; x_wconf 80' lang='lat' dir='ltr'><strong>Festus</strong></span> <span class='ocrx_word' id='word_1_352' title='bbox 1058 2398 1218 2429; x_wconf 77' lang='lat' dir='ltr'><strong>addebat.</strong></span> <span class='ocrx_word' id='word_1_353' title='bbox 1243 2399 1339 2428; x_wconf 78' lang='lat' dir='ltr'><strong>Idem.</strong></span> 
     </span>
    </p>

    <p class='ocr_par' dir='ltr' id='par_1_25' title="bbox 923 2447 1624 2742">
     <span class='ocr_line' id='line_1_66' title="bbox 967 2447 1621 2488; baseline -0.005 -9"><span class='ocrx_word' id='word_1_354' title='bbox 967 2453 977 2467; x_wconf 74' lang='lat'>¹</span> <span class='ocrx_word' id='word_1_355' title='bbox 1001 2448 1180 2488; x_wconf 75' lang='lat' dir='ltr'><strong>Illuuiceps]</strong></span> <span class='ocrx_word' id='word_1_356' title='bbox 1211 2449 1353 2483; x_wconf 83' lang='lat' dir='ltr'><strong>Vereor,</strong></span> <span class='ocrx_word' id='word_1_357' title='bbox 1375 2458 1416 2479; x_wconf 85' lang='lat' dir='ltr'><strong>ne</strong></span> <span class='ocrx_word' id='word_1_358' title='bbox 1440 2447 1621 2488; x_wconf 84' lang='lat' dir='ltr'><strong>legendum</strong></span> 
     </span>
     <span class='ocr_line' id='line_1_67' title="bbox 925 2498 1622 2538; baseline 0.001 -11"><span class='ocrx_word' id='word_1_359' title='bbox 925 2498 966 2528; x_wconf 78' lang='lat' dir='ltr'><strong>sit</strong></span> <span class='ocrx_word' id='word_1_360' title='bbox 984 2509 990 2528; x_wconf 91' lang='lat'>:</span> <span class='ocrx_word' id='word_1_361' title='bbox 1016 2499 1103 2537; x_wconf 80' lang='lat' dir='ltr'><strong>ilem,</strong></span> <span class='ocrx_word' id='word_1_362' title='bbox 1125 2508 1212 2538; x_wconf 81' lang='lat' dir='ltr'><strong>quem</strong></span> <span class='ocrx_word' id='word_1_363' title='bbox 1224 2499 1425 2538; x_wconf 73' lang='grc' dir='ltr'><em>ηιιιηίεἰρίωη</em></span> <span class='ocrx_word' id='word_1_364' title='bbox 1437 2509 1455 2529; x_wconf 86' lang='grc' dir='ltr'><em>α</em></span> <span class='ocrx_word' id='word_1_365' title='bbox 1470 2498 1622 2529; x_wconf 74' lang='lat' dir='ltr'><strong>servitute</strong></span> 
     </span>
     <span class='ocr_line' id='line_1_68' title="bbox 924 2549 1624 2580; baseline -0.001 -1"><span class='ocrx_word' id='word_1_366' title='bbox 924 2549 1080 2580; x_wconf 71' lang='lat' dir='ltr'><strong>liberavit.</strong></span> <span class='ocrx_word' id='word_1_367' title='bbox 1125 2549 1235 2579; x_wconf 87' lang='lat' dir='ltr'><strong>Varro</strong></span> <span class='ocrx_word' id='word_1_368' title='bbox 1262 2549 1303 2579; x_wconf 78' lang='lat' dir='ltr'><strong>de</strong></span> <span class='ocrx_word' id='word_1_369' title='bbox 1331 2550 1452 2580; x_wconf 75' lang='lat' dir='ltr'><strong>Latino</strong></span> <span class='ocrx_word' id='word_1_370' title='bbox 1469 2558 1624 2579; x_wconf 82' lang='lat' dir='ltr'><strong>sermone</strong></span> 
     </span>
     <span class='ocr_line' id='line_1_69' title="bbox 925 2599 1621 2639; baseline 0 -10"><span class='ocrx_word' id='word_1_371' title='bbox 925 2600 1009 2630; x_wconf 79' lang='lat' dir='ltr'><strong>libro</strong></span> <span class='ocrx_word' id='word_1_372' title='bbox 1026 2608 1094 2630; x_wconf 80' lang='lat' dir='ltr'><strong>vn.</strong></span> <span class='ocrx_word' id='word_1_373' title='bbox 1116 2605 1125 2618; x_wconf 87' lang='lat'><em>‘</em></span> <span class='ocrx_word' id='word_1_374' title='bbox 1140 2599 1180 2629; x_wconf 90' lang='lat' dir='ltr'><strong>In</strong></span> <span class='ocrx_word' id='word_1_375' title='bbox 1198 2599 1259 2629; x_wconf 82' lang='lat' dir='ltr'><strong>lroc</strong></span> <span class='ocrx_word' id='word_1_376' title='bbox 1278 2599 1351 2639; x_wconf 75' lang='lat' dir='ltr'><strong>ipso</strong></span> <span class='ocrx_word' id='word_1_377' title='bbox 1377 2599 1529 2638; x_wconf 82' lang='lat' dir='ltr'><strong>analogia</strong></span> <span class='ocrx_word' id='word_1_378' title='bbox 1558 2608 1621 2629; x_wconf 87' lang='lat' dir='ltr'><strong>non</strong></span> 
     </span>
     <span class='ocr_line' id='line_1_70' title="bbox 924 2649 1621 2690; baseline -0.006 -9"><span class='ocrx_word' id='word_1_379' title='bbox 924 2656 997 2681; x_wconf 76' lang='lat' dir='ltr'><strong>est:</strong></span> <span class='ocrx_word' id='word_1_380' title='bbox 1023 2649 1111 2690; x_wconf 84' lang='lat' dir='ltr'><strong>qnod</strong></span> <span class='ocrx_word' id='word_1_381' title='bbox 1130 2650 1184 2680; x_wconf 90' lang='lat' dir='ltr'><strong>alii</strong></span> <span class='ocrx_word' id='word_1_382' title='bbox 1211 2650 1346 2680; x_wconf 83' lang='lat' dir='ltr'><strong>nomina</strong></span> <span class='ocrx_word' id='word_1_383' title='bbox 1362 2649 1487 2680; x_wconf 83' lang='lat' dir='ltr'><strong>habent</strong></span> <span class='ocrx_word' id='word_1_384' title='bbox 1506 2650 1546 2679; x_wconf 86' lang='lat' dir='ltr'><strong>ab</strong></span> <span class='ocrx_word' id='word_1_385' title='bbox 1563 2659 1621 2689; x_wconf 77' lang='lat' dir='ltr'><strong>op-</strong></span> 
     </span>
     <span class='ocr_line' id='line_1_71' title="bbox 923 2700 1621 2742; baseline -0.003 -11"><span class='ocrx_word' id='word_1_386' title='bbox 923 2701 1022 2742; x_wconf 74' lang='lat' dir='ltr'><strong>pidis,</strong></span> <span class='ocrx_word' id='word_1_387' title='bbox 1048 2701 1103 2731; x_wconf 87' lang='lat' dir='ltr'><strong>alii</strong></span> <span class='ocrx_word' id='word_1_388' title='bbox 1132 2705 1190 2732; x_wconf 85' lang='lat' dir='ltr'><strong>aut</strong></span> <span class='ocrx_word' id='word_1_389' title='bbox 1214 2710 1278 2731; x_wconf 91' lang='lat' dir='ltr'><strong>non</strong></span> <span class='ocrx_word' id='word_1_390' title='bbox 1299 2700 1437 2740; x_wconf 77' lang='lat' dir='ltr'><strong>liabent,</strong></span> <span class='ocrx_word' id='word_1_391' title='bbox 1463 2706 1520 2732; x_wconf 80' lang='lat' dir='ltr'><strong>ant</strong></span> <span class='ocrx_word' id='word_1_392' title='bbox 1544 2711 1621 2735; x_wconf 54' lang='lat' dir='ltr'><strong>non,</strong></span> 
     </span>
    </p>
   </div>
  </div>
 </body>
</html>
