1835 2906
190 87 274 130 502

631 99 780 131 SEXTI
814 100 1016 131 POMPEH
1053 101 1195 132 FESTI

246 193 411 244 dicitur,
441 200 487 234 ut
508 193 690 236 Nuncius
710 195 875 237 advenit
889 211 901 235 .·
931 196 975 236 in
995 209 1052 247 re,
1075 203 1134 246 ut,
1159 194 1234 237 Est
1255 196 1424 238 nuncius
1445 197 1606 240 allatus
1625 212 1635 237 ;

248 276 375 316 quam
396 260 664 316 dfflrentiam
689 262 738 304 C.
756 262 892 305 Caesar
908 263 951 303 in
971 265 1287 306 commentariis
1307 265 1443 307 fecisse
1463 264 1638 307 videtur.

193 331 363 384 Nuper,
392 330 525 385 quasi
555 332 775 382 noviter,¹¹
811 336 1019 385 tanquam
1041 332 1243 373 dicamus
1263 333 1410 375 novis-
1459 334 1638 388 [PAUL.

246 399 367 439 sime.

194 463 364 520 Nuperc
394 468 512 522 quasi
545 467 712 522 noviper
747 471 954 522 tanquam
991 467 1179 509 dicamus
1214 467 1437 518 novissime,
1475 468 1642 522 [FEST.

246 541 378 591 estque
392 535 596 589 prceteriti
616 536 808 589 temporis
828 535 872 576 id
895 540 1069 577 autem:
1099 534 1147 575 si.

248 616 298 643 sa
315 609 454 653 erant,
470 603 546 658 qui
569 604 625 644 ni.
631 608 663 627 ¹2
725 635 735 646 .

192 670 349 725 Nupta
369 668 533 712 verbad
555 670 813 712 dicebantur
835 673 890 713 ab
911 671 1122 725 antiquis,
1144 684 1246 725 quae
1267 671 1476 724 virginem
1497 635 1641 712 dicele

246 753 334 780 non
354 740 529 790 licebat,
559 744 608 781 ut
639 739 824 781 Plautus
857 741 903 781 in
935 740 1165 793 Dyscolo:
1183 745 1211 768 ¹³
1246 738 1382 792 Virgo
1402 752 1516 790 sum,
1536 752 1642 780 non-

249 807 353 846 dum
375 807 509 848 didici
530 812 670 861 nupta
690 809 822 848 verba
841 808 1003 850 dicere.

192 875 395 929 Nuptam
410 881 424 898 ⁸
456 889 481 916 a
503 875 665 918 Graeco
688 876 869 927 dictum,
899 877 962 918 illi
987 877 1101 918 enim
1123 879 1303 930 nuptam
1326 889 1402 930 ap-

247 944 410 998 pellant
432 943 582 997 νύμφην.

1462 876 1644 930 [PAUL.

195 1011 394 1066 Nuplam,
416 1026 560 1053 novam
576 1010 589 1035 f
614 1027 813 1067 sponsam,
834 1020 879 1054 ut
901 1013 1024 1055 etiam
1045 1014 1245 1055 mulieres
1268 1013 1432 1067 quibus
1481 1012 1643 1068 [FEST.

247 1080 289 1120 z'n
322 1080 476 1134 nuptiis
511 1087 697 1131 utuntur,
722 1081 970 1137 ρνοηιιῖ)α3,“4
1000 1081 1050 1123 ab
1087 1082 1237 1123 eadem
1259 1094 1412 1131 causa,
1432 1079 1502 1120 hoc
1526 1086 1596 1129 est,
1619 1094 1644 1119 a

247 1148 431 1189 nubendo
453 1148 655 1200 dicuntur,
691 1150 826 1204 aliqui
851 1151 1122 1204 appellatam
1144 1164 1220 1190 esse
1242 1147 1383 1190 volunt
1397 1164 1409 1188 .·
1439 1162 1507 1188 nec
1528 1147 1646 1198 defu-

248 1223 367 1256 erunt
388 1222 536 1259 tamen
557 1220 635 1273 qui
655 1218 841 1260 dicerent
863 1219 917 1259 sic
937 1217 1227 1273 appellatam¹⁵
1261 1215 1313 1256 ab
1347 1231 1389 1257 eo
1426 1214 1534 1270 quod
1564 1214 1645 1256 νέαν

249 1283 384 1337 νύμφην
404 1284 540 1327 Grcccz'
556 1302 698 1327 novam
715 1294 881 1341 nuptam
898 1293 1044 1328 vocant
1059 1302 1071 1326 .·
1093 1285 1183 1336 alii,
1202 1283 1309 1340 quod
1323 1284 1519 1338 appellat
1534 1297 1646 1324 uxo-

250 1366 333 1392 rem
353 1353 430 1393 νυὸν
457 1352 658 1395 Homerus
681 1353 870 1410 loquendi
904 1353 1081 1409 quadam
1116 1352 1444 1401 consuetudine,
1480 1364 1565 1406 quae
1590 1358 1644 1391 esc

797 1475 814 1485 ο
821 1474 1044 1486 ‘ommno

236 1548 273 1576 11
300 1546 378 1577 Vct.
397 1545 454 1576 lib.
470 1546 692 1587 noviper.—12
718 1546 781 1578 Ed.
800 1547 887 1578 Scal.
901 1549 1041 1578 vim—13
1067 1545 1152 1577 Ead.
1167 1544 1222 1577 ed.
1242 1544 1469 1576 Discolo.--l4
1493 1542 1577 1574 Ead.
1596 1543 1648 1573 ed.

195 1598 253 1628 pro
275 1589 374 1620 nube:
401 1589 535 1620 ab.-15
563 1590 648 1622 lead.

675 1591 715 1621 ed
723 1613 730 1621 .
754 1592 939 1631 appellatam
962 1600 1037 1622 esse.

856 1703 995 1736 NOTAE

191 1779 321 1811 nuncius
338 1780 463 1811 dixerit
480 1784 514 1811 οἱ
528 1780 569 1810 de
584 1790 619 1812 re
632 1786 666 1812 et
679 1780 719 1811 de
737 1790 895 1821 persona.

194 1831 292 1861 Idem.

236 1886 248 1900 ⁰
273 1879 398 1920 Nuper]
418 1881 502 1912 Quae
520 1881 655 1921 desunt,
671 1882 771 1922 plane
788 1881 892 1922 depo-

193 1931 270 1963 sita.
311 1933 424 1971 *Nuper
451 1937 563 1963 autem
594 1938 646 1963 est
664 1942 750 1963 novo
776 1942 892 1972 opere,

194 1988 231 2013 ut
252 1986 339 2023 toper
367 1989 439 2014 toto
469 1993 585 2024 opere.
631 1983 719 2014 Vide
746 1988 754 2000 ‘
771 1983 892 2024 toper.’

197 2034 292 2065 Idem.

237 2083 251 2103 ‘³
288 2084 395 2125 Nupta
426 2084 532 2124 rerba]
557 2084 598 2115 ld
630 2090 695 2120 est,
725 2084 895 2117 obscoena.

194 2135 333 2166 Nubere
351 2135 436 2165 enim
452 2135 494 2165 de
512 2136 652 2166 muliere
670 2137 805 2175 dicitur,
819 2147 894 2177 qnae

195 2195 270 2216 cum
286 2186 364 2216 viris
382 2186 481 2216 solet.
525 2186 640 2216 Plaut.
669 2187 786 2218 Cistel.
816 2196 840 2217 1.
866 2191 895 2218 l.

194 2236 203 2251 ‘
221 2236 308 2267 Haec
337 2236 471 2277 quidem
495 2242 625 2266 ecastor
653 2236 804 2277 quotidie
824 2237 895 2267 viro

193 2286 305 2327 nubit,
322 2289 505 2328 nupsitque
520 2287 642 2318 nodie!
679 2288 829 2328 Nuptias
846 2287 894 2318 fa-

194 2348 272 2368 cere
303 2339 391 2369 dixit
425 2339 567 2369 Petron.
616 2339 757 2369 Plautus
792 2339 893 2369 etiam

195 2390 318 2420 Casina
348 2399 387 2420 ιι.
418 2392 448 2420 S.
483 2390 692 2430 ‘Tantisper
723 2389 801 2420 dum
830 2399 895 2430 ego

195 2448 270 2469 cum
289 2440 411 2469 Casina
425 2439 546 2469 faciam
568 2438 725 2479 nuptias)
752 2440 849 2471 Idem.

239 2495 252 2508 ι’
278 2489 430 2529 Nuptam]
455 2488 572 2520 Infra:
608 2491 760 2531 Nuptam,
784 2500 893 2521 novam

195 2548 348 2578 sponsam,
372 2539 447 2569 item
476 2541 524 2570 uli
555 2540 711 2580 pronubus
742 2541 895 2579 muneres,

195 2589 303 2629 quibas
318 2588 350 2618 in
369 2591 484 2628 nuptiis
500 2593 642 2626 utuntur,
653 2592 691 2621 ab
707 2593 809 2622 eadem
824 2602 895 2622 cau-

195 2650 245 2678 sa,
258 2639 312 2669 hoc
328 2642 386 2676 est,
403 2650 419 2667 u
431 2639 577 2677 nubendo,
595 2641 691 2680 aliqui
713 2643 898 2681 appellatam

197 2700 259 2721 csse
272 2691 388 2721 volunt.
420 2690 505 2720 Sunt
525 2695 650 2731 tamen,
668 2691 723 2732 qui
740 2691 898 2723 dicerent

950 1779 1156 1819 appellatam
1176 1777 1216 1808 ab
1232 1786 1284 1815 eo,
1299 1774 1388 1817 quod
1403 1772 1523 1813 νύμφην
1534 1773 1648 1805 Graeci

950 1837 1091 1861 vocant:
1119 1829 1189 1867 alii,
1217 1827 1305 1869 qnod
1334 1826 1486 1866 appellat
1510 1834 1648 1856 uxorem

949 1880 1020 1910 νυὸν
1046 1879 1217 1910 Homerus
1242 1876 1489 1909 consuetudine
1509 1874 1647 1906 Graeco-

948 1941 1019 1962 rum
1044 1931 1196 1971 antiqua,
1219 1939 1293 1960 cum
1310 1929 1370 1968 ait,
1387 1927 1436 1966 Ἐξ
1458 1926 1548 1964 ἀπίης
1562 1925 1652 1965 ’γαίης

948 1981 1020 2012 νυὸν
1035 1981 1151 2021 ἀνδρῶν
1168 1977 1360 2020 αἰχμητάων.
1398 1979 1528 2009 Deerat
1545 1978 1651 2018 prima

949 2034 1050 2067 linea,
1074 2038 1111 2063 ut
1136 2037 1293 2072 apparet,
1315 2030 1346 2060 in
1365 2028 1514 2069 reliquiis
1532 2027 1623 2058 Festi
1643 2038 1648 2055 ε

950 2094 1081 2121 versus,
1097 2093 1194 2123 quem
1213 2083 1245 2112 in
1270 2080 1502 2112 testimonium
1529 2079 1651 2120 produ·

951 2135 1011 2172 cit,
1027 2139 1080 2164 est
1093 2127 1225 2163 Ἰλιάδος
1239 2135 1270 2162 Γ.
1294 2132 1359 2160 dos.
1373 2130 1456 2161 Scal.

993 2182 1006 2202 f
1024 2183 1174 2223 Numam,
1191 2180 1315 2220 not-um]
1329 2180 1404 2211 Non
1422 2179 1561 2210 dubium
1571 2179 1650 2220 quin

950 2238 1045 2275 nupta
1070 2234 1114 2263 sit
1140 2243 1159 2263 a
1184 2232 1272 2276 nubo,
1290 2231 1378 2270 velo,
1403 2230 1492 2271 quod
1515 2239 1651 2270 sponsa,

950 2295 1026 2316 cuni
1058 2284 1099 2314 ad
1125 2283 1284 2314 maritum
1309 2281 1504 2316 duceretur,
1531 2279 1651 2310 flameo

950 2336 1071 2367 faciem
1090 2334 1246 2365 nuberet.
1294 2333 1321 2363 Α
1339 2331 1432 2370 nubo,
1447 2334 1555 2370 nuptu,
1575 2335 1610 2360 et
1634 2340 1653 2359 a

949 2390 1059 2427 nupta,
1085 2386 1212 2426 παρήιε.
1259 2384 1298 2415 Id
1327 2382 1411 2413 iufra
1435 2381 1580 2422 probant
1597 2380 1651 2411 ffi-

952 2438 1015 2468 lius
1037 2442 1072 2467 et
1097 2435 1247 2466 Cincius.
1296 2433 1459 2463 l'robavit
1485 2435 1520 2461 et
1543 2431 1651 2460 Varro

950 2488 1071 2519 lib.1v.
1117 2485 1207 2516 Vide
1233 2481 1416 2515 ‘obnubit.’
1457 2482 1562 2512 Locus
1582 2479 1652 2510 Ho-

949 2539 1034 2569 meri
1062 2543 1114 2568 est
1141 2547 1182 2567 ex
1198 2535 1296 2566 Iliad.
1324 2538 1358 2564 Γ.
1383 2533 1453 2564 ‘Ex
1471 2530 1652 2571 longinqua

951 2594 1043 2619 terra
1078 2592 1217 2628 nuptam
1252 2585 1399 2615 virorum
1428 2579 1652 2612 bellatorum!

953 2641 1032 2671 Dae.
