1835 2906
753 161 1024 193 PRAEFArio.
1587 151 1614 192 9

175 261 231 302 tis
244 262 370 315 plane
386 260 604 310 conscius,
622 258 700 300 sed
719 262 767 300 ut
786 257 1015 300 ostendam
1034 256 1078 296 in
1099 255 1356 297 auctoribus
1376 267 1612 307 recognos-

173 329 322 370 cendis
338 331 379 368 et
401 327 684 368 emendandis
700 325 838 367 multa
855 325 959 367 viris
975 323 1245 365 doctissimis
1264 322 1460 376 quotidie
1476 323 1611 372 elabi,

171 409 268 449 quae
288 408 334 436 se
355 408 402 436 se
423 400 580 448 postea
599 393 702 435 viris
717 392 927 433 mediocri
946 391 1120 444 ingenio
1140 389 1377 444 perhibent.
1436 388 1613 430 Addam

170 467 214 503 et
234 462 340 503 illud
362 475 551 516 quoque,
573 460 643 502 hic
665 459 829 513 saepius
851 472 878 500 a
899 458 1005 500 viris
1027 457 1404 512 praestantissimis
1424 460 1613 497 erratum

171 543 283 580 esse,
302 530 405 582 quia
430 528 587 569 nemini
607 540 800 581 unquam
817 526 1000 579 contigit
1020 539 1105 567 non
1127 537 1285 574 errare,
1309 528 1350 565 et
1371 523 1514 577 majus
1546 526 1614 563 est

170 609 302 650 quam
322 600 369 637 ut
391 596 621 637 convenire
643 595 687 635 in
708 595 942 635 humanam
958 593 1255 634 infirmitatem
1269 592 1430 646 possit.
1462 589 1612 640 Quare

168 664 257 706 illis
280 668 394 706 certe
416 675 572 716 magna
592 663 750 717 injuria
770 662 908 711 fieret,
942 662 980 702 si
1001 674 1150 703 eorum
1171 660 1333 713 ingenii
1353 657 1611 711 magnitudo

166 731 251 772 hoc
273 744 360 771 uno
380 731 526 771 labore
549 730 855 771 aestimaretur.
896 728 1050 770 Pauca
1070 741 1222 769 eorum
1244 726 1454 781 praestitit
1469 723 1613 765 Anto—

167 797 266 839 nius
287 797 565 850 Augustinus
595 810 694 851 quae
726 799 936 850 praestare
967 795 1201 849 potuisset.
1261 794 1314 835 In
1334 793 1482 834 multis
1502 791 1613 833 divi·

167 878 250 906 nus
271 865 479 918 Scaliger,
511 864 587 905 sed
611 864 714 905 dum
745 863 917 917 ingenio
949 876 1030 904 suo
1053 862 1236 903 nimium
1256 861 1467 913 indulget,
1490 873 1613 913 saepe

163 932 304 974 nubes
324 934 491 984 captat,
502 933 545 972 et
565 930 625 971 nil
640 930 782 971 minus
800 942 932 983 quam
950 929 1131 971 Festum
1148 929 1473 982 interpretatur.
1505 926 1613 968 Ful-

165 998 267 1039 vius
299 998 503 1048 Ursinus,
533 997 716 1051 reliquis
747 996 932 1046 felicior,
963 996 1180 1037 utiliorem
1211 1008 1388 1049 operam
1418 995 1613 1044 navavit,

166 1065 241 1105 sed
265 1065 329 1106 sic
351 1065 486 1105 etiam
509 1064 708 1112 Festum,
744 1076 829 1103 non
860 1067 952 1103 tam
983 1062 1271 1112 emendatum,
1303 1075 1437 1116 quam
1466 1073 1613 1101 emen-

164 1131 353 1172 dandum
386 1135 428 1172 et
462 1131 687 1172 emendari
707 1130 897 1179 facilem,
919 1129 1112 1171 tradidit.
1173 1128 1312 1182 Igitur
1340 1142 1431 1170 rem
1462 1131 1610 1170 actam

163 1211 231 1239 me
251 1211 339 1239 non
358 1204 559 1240 acturum
575 1197 826 1238 existimavi
849 1197 888 1237 si
909 1196 1075 1237 similes
1098 1202 1284 1238 conatus
1304 1209 1428 1237 meos
1449 1194 1613 1249 profer-

163 1278 267 1306 rem.
327 1266 518 1307 Multum
551 1265 606 1305 ab
637 1264 843 1305 heroibus
872 1263 959 1305 illis
990 1263 1191 1318 adjutum
1210 1277 1278 1305 me
1300 1264 1453 1313 fateor,
1475 1262 1612 1303 multa

162 1336 306 1374 tamen
336 1339 488 1375 eontra
516 1346 668 1374 eorum
696 1331 949 1372 sententiam
976 1344 1070 1372 sum
1092 1331 1413 1385 interpretatus.
1471 1329 1612 1372 Sche-

162 1399 243 1441 das
263 1406 308 1442 et
326 1400 568 1454 fragmenta
589 1413 617 1442 a
642 1399 803 1441 Fulvio
825 1398 983 1440 Romae
1004 1399 1127 1440 edita
1146 1398 1375 1452 diligenter
1394 1397 1611 1447 consului,

160 1466 383 1509 literarum
399 1469 575 1518 ductus,
595 1472 738 1517 notas,
757 1471 803 1508 et
830 1467 982 1520 apices
1010 1466 1143 1507 anxie
1162 1464 1610 1523 pervestigavi,unde

161 1525 541 1577 consecutus-sum
563 1539 609 1576 ut
635 1539 733 1576 tuto
760 1534 1037 1588 pronuntiare
1068 1533 1238 1588 possim
1260 1534 1424 1574 nullam
1452 1533 1610 1573 bonam

161 1603 283 1645 Festi
299 1604 536 1645 editionem
557 1607 720 1653 extare,
741 1602 905 1643 nullam
924 1615 1024 1656 quae
1042 1605 1241 1643 truncata
1256 1614 1343 1642 non
1356 1602 1413 1642 sit
1427 1604 1469 1641 et
1483 1605 1609 1654 parte

160 1672 229 1712 sui
249 1672 413 1713 mutila.
474 1671 649 1725 Maj0ra
679 1683 809 1724 quam
831 1669 948 1711 credi
969 1669 1116 1723 possit
1141 1668 1297 1709 menda
1319 1668 1492 1715 sustuli,
1512 1667 1611 1707 hor-

160 1739 316 1781 rendas
337 1739 620 1793 trajectiones
650 1738 813 1786 detexi,
846 1749 946 1789 quae
970 1737 1026 1776 ab
1048 1736 1105 1775 iis
1125 1739 1240 1775 natae
1262 1737 1364 1775 sunt
1385 1735 1462 1787 qui
1482 1733 1609 1774 Festi

161 1808 293 1848 verba
314 1807 606 1861 alphabetico,
627 1809 673 1846 ut
694 1809 867 1854 vocant,
890 1804 1039 1845 ordine
1062 1803 1385 1856 disposuerunt.
1445 1803 1609 1844 Festus

161 1874 288 1924 enim,
304 1877 353 1915 ut
373 1874 571 1915 solebant
591 1872 657 1913 illi
673 1875 855 1920 veteres,
877 1872 1061 1924 primam
1082 1870 1250 1911 literam
1266 1870 1484 1912 indicasse
1504 1883 1611 1911 con-

160 1944 318 1991 tentus,
339 1941 459 1982 nulla
476 1940 710 1981 observata
741 1939 869 1988 serie,
895 1951 1028 1980 voces
1058 1950 1212 1978 omnes
1233 1938 1288 1978 ab
1309 1938 1460 1979 eadem
1480 1937 1608 1978 litera

158 2008 420 2061 incipientes
447 2007 491 2049 in
520 2006 703 2048 eundem
731 2006 878 2047 locum
908 2005 1107 2046 contulit.
1168 2004 1454 2059 Deprehendi
1473 2004 1608 2045 etiam

160 2076 338 2117 alterum
367 2079 410 2115 et
439 2088 498 2115 ex
528 2073 683 2115 eodem
712 2073 835 2114 fonte
865 2077 1016 2114 natum
1045 2086 1245 2114 errorem.
1305 2072 1500 2113 Verbum
1529 2071 1606 2121 ait,

159 2143 278 2196 quod
298 2142 419 2196 apud
451 2142 631 2183 Festum
652 2153 774 2194 saepe
795 2140 936 2181 solum
956 2140 1126 2193 legitur,
1161 2141 1205 2180 in
1226 2139 1411 2180 Schedis
1438 2151 1607 2191 semper

159 2208 212 2250 ad
234 2211 461 2263 superiora
481 2210 683 2262 pertinet,
704 2208 780 2249 ubi
801 2221 960 2249 nomen
983 2208 1173 2249 auctoris
1195 2206 1250 2248 ad
1273 2219 1403 2259 quem
1421 2204 1527 2245 illud
1543 2203 1606 2244 ait

158 2277 440 2326 referendum,
462 2290 611 2317 verum
632 2279 787 2329 postea
806 2275 956 2316 ordine
983 2276 1173 2324 turbato,
1203 2275 1285 2315 viri
1314 2272 1432 2313 docti
1462 2272 1523 2312 ita
1551 2271 1606 2311 de

164 2344 316 2384 Verrio
347 2343 605 2396 simpliciter
626 2347 668 2383 et
689 2342 891 2383 absolute
921 2342 1048 2395 loqui
1080 2342 1265 2382 Festum
1291 2339 1528 2388 credidere,
1559 2342 1605 2380 et

159 2410 213 2451 de
235 2410 393 2451 Verrio
421 2411 530 2451 illud
561 2410 621 2450 ait
650 2422 821 2463 semper
849 2409 1123 2463 interpretati
1158 2412 1270 2457 sunt,
1301 2420 1399 2448 cum
1431 2406 1486 2447 de
1515 2406 1604 2447 alio

158 2477 316 2530 quovis
337 2481 515 2517 auctore
536 2477 700 2531 saepius
721 2480 839 2518 esset
858 2476 1202 2529 intelligendum.
1262 2474 1405 2515 Multa
1424 2474 1603 2526 supple-

160 2543 216 2592 vi,
235 2543 440 2584 nonnulla
461 2543 612 2584 addidi
632 2544 676 2584 in
697 2545 796 2584 aliis
817 2543 1084 2584 editionibus
1105 2542 1411 2596 praetermissa.
1443 2540 1601 2593 Neque

157 2615 301 2652 tamen
338 2610 517 2651 Festum
550 2610 809 2663 Pompeium
843 2610 1054 2663 integrum
1089 2614 1303 2663 praestare
1334 2607 1475 2648 ausim
1500 2619 1600 2647 cum

160 2678 333 2719 videam
354 2676 557 2731 quaedam
579 2689 606 2718 a
626 2676 940 2718 Grammaticis
963 2676 1085 2718 citari
1101 2689 1200 2730 quae
1218 2676 1290 2718 hic
1303 2674 1466 2716 frustra
1479 2685 1600 2727 quae-²
