1835 2906
195 82 280 125 618

641 89 790 122 SEXTI
826 89 1023 120 POMPEI!
1062 88 1198 119 FESTI

245 189 378 230 navis
398 188 549 229 eadem
570 189 682 228 ratio
708 191 789 237 est,
811 185 1125 240 postliminium
1152 188 1378 236 receptum
1399 181 1515 232 iis,4f
1541 196 1640 237 quae

250 257 364 298 servi
384 270 393 297 ε
425 269 525 309 quae
545 268 699 307 genera
719 267 864 296 rerum
884 253 939 293 ab
967 252 1168 293 hostibus
1190 251 1247 292 ad
1270 263 1350 292 nos
1371 251 1641 305 postliminio

247 324 447 374 redeunt,
467 324 620 365 eadem
654 336 810 377 genera
840 334 979 363 rerum
1013 334 1038 361 a
1073 321 1201 361 nobis
1235 318 1290 359 ad
1322 318 1473 360 hostes
1501 317 1639 359 redire

251 398 464 444 possunt:
497 404 596 432 cum
627 391 806 446 populis
834 389 998 438 liberis,
1020 394 1065 429 et
1082 401 1184 429 cum
1204 387 1446 436 foederatis,
1477 390 1520 427 et
1541 399 1640 426 cum

251 458 423 511 regibus
444 459 762 512 postliminium
779 456 910 498 nobis
928 462 997 497 est
1016 456 1096 505 ita,
1109 455 1176 496 uti
1193 468 1293 496 cum
1307 454 1524 504 hostibus,
1542 466 1639 507 quae

248 527 450 568 nationes
472 527 516 567 in
538 528 746 581 opinione
762 531 778 554 g
803 528 955 566 nostra
976 527 1091 574 sunt,
1110 536 1212 565 cum
1234 522 1318 564 his.

197 593 448 636 Postuiaria
464 593 480 617 ¹¹
502 596 687 647 fulgura,
709 607 808 648 quae
825 597 1045 643 votorum,
1063 597 1141 634 aut
1156 596 1170 621 ⁵
1194 590 1506 633 sacrificiorum
1523 602 1643 643 spre-

250 667 336 703 tam
355 664 609 715 religionem
638 661 921 715 designantz⁶
965 660 1195 714 pestifera,
1223 672 1323 713 quae
1343 663 1542 707 mortem,
1563 664 1641 699 aut

251 731 433 772 exilium
453 731 711 772 ostendunt:
753 729 1059 785 peremptalia,
1082 741 1183 782 quae
1214 727 1437 782 superiora
1458 726 1642 779 fulgura,

250 806 327 839 aut
342 804 357 829 ⁷
379 804 578 853 portenta
599 806 838 852 peremunt,
860 798 904 839 id
923 805 1009 847 est,
1027 796 1225 838 tollunt.8

194 865 462 907 Postumusi
503 867 829 921 cognominatur
850 871 952 920 post
972 865 1114 920 patris
1135 869 1315 906 mortem
1347 876 1424 904 na·
1466 862 1643 917 [PAUL.

248 939 332 975 tus.

392 934 581 976 Plautus
616 936 661 976 in
696 934 955 975 Aulularia:
1003 934 1116 976 Post
1145 932 1339 974 mediam
1370 936 1544 973 aetatem
1567 931 1644 983 qui

249 997 438 1044 mediam
478 1003 600 1045 ducit
639 1016 825 1045 uxorem
868 1002 1062 1052 domum,
1115 1001 1161 1043 Si
1194 1014 1291 1042 eam
1328 1013 1467 1041 senex
1512 1011 1642 1040 anum

250 1075 548 1124 praegnantem
580 1072 763 1113 fortuito
786 1071 955 1121 fecerit,
987 1069 1111 1121 Quid
1133 1070 1325 1119 dubitas,
1347 1068 1451 1123 quin
1477 1068 1536 1108 sit
1566 1079 1645 1121 pa-

250 1143 391 1180 ratum
412 1140 482 1181 his
501 1153 658 1181 nomen
679 1141 826 1194 pueris
851 1139 1089 1180 Postumi?

198 1206 430 1249 Potestur.k
492 1207 645 1263 Scipio
674 1208 916 1249 Africanus
936 1209 979 1248 in
1001 1220 1069 1257 ea,
1090 1220 1190 1260 quae
1210 1209 1276 1246 est
1297 1204 1349 1245 de
1370 1204 1449 1245 im·-
1480 1201 1645 1256 [FEST.

251 1275 370 1328 perio
396 1276 453 1317 D.
485 1276 638 1318 Bruti:
687 1277 745 1318 Et
777 1281 1003 1331 poteratur
1035 1275 1088 1317 C.
1125 1273 1353 1315 Gracchus
1387 1273 1430 1312 in
1466 1283 1536 1320 ea,
1558 1282 1645 1323 qua

252 1355 361 1384 usus
382 1349 466 1392 cst,
489 1357 589 1385 cum
614 1345 778 1386 circum
801 1343 1102 1385 conciliabula
1122 1343 1218 1383 iret.

801 1463 920 1476 eeeeee

922 1463 1040 1476 ecel&

239 1556 258 1583 «ι
282 1552 347 1584 Ed.
377 1553 582 1585 Sca1.2's.-5
607 1554 686 1586 vet.
711 1553 787 1587 cod.
804 1556 917 1586 ut.—G
941 1553 1020 1585 Vet.
1048 1550 1124 1583 cod.
1153 1548 1409 1581 desiderante-T
1436 1545 1531 1577 Idem
1558 1548 1648 1575 ut.—

200 1599 218 1626 8
243 1595 337 1628 Idem
354 1597 450 1627 olunt.

852 1709 990 1743 NOTAE

242 1800 245 1816 ⁵
275 1798 504 1830 Postliminium
519 1802 674 1838 receptum
697 1796 753 1837 iis]
780 1798 895 1829 Facile

198 1849 373 1880 crederem
390 1850 462 1880 haec
481 1849 580 1881 verba
598 1850 684 1880 male
708 1850 771 1879 hnc
789 1850 894 1889 irrep-

198 1901 282 1931 sisse
308 1909 326 1931 e
351 1900 555 1941 glossemate
571 1900 713 1931 scilicet.
756 1899 822 1930 Sed
839 1910 896 1930 oe·

196 1951 337 1991 cupavit
353 1950 492 1981 doctiss.
518 1951 689 1991 CujacinS,
711 1949 895 1982 Observat.

197 2000 253 2033 lib.
272 2011 312 2033 ιι.
329 2011 406 2042 cap.
423 2004 477 2032 23.
501 2001 598 2032 Idem.

240 2059 252 2079 s
293 2051 371 2087 Quae
396 2052 536 2082 nationes
564 2052 597 2082 in
623 2051 780 2091 opinione]
810 2052 895 2084 Quae

199 2103 323 2133 desunt
340 2104 372 2133 in
390 2102 455 2133 fine
472 2112 537 2133 non
556 2112 730 2143 possumus
748 2102 895 2143 assequi.

198 2154 324 2185 Forsan
341 2153 474 2183 dixerat
491 2152 580 2183 Fest.
598 2156 730 2183 ceteras
743 2153 897 2183 nationes

200 2205 232 2235 in
249 2204 311 2235 hac
327 2204 486 2244 opinione
502 2202 606 2233 fuisse
629 2212 704 2234 curn
721 2203 761 2233 iis
776 2203 895 2234 eadem

199 2255 327 2286 utilitas
344 2254 552 2295 perveniret.
597 2252 750 2284 Putabat
762 2252 898 2284 Fulvius

199 2306 351 2339 Ursinus,
377 2314 437 2344 pro
461 2304 612 2345 opinione,
642 2303 744 2335 scribi
771 2303 898 2335 debere

199 2355 327 2388 dicione.
371 2355 412 2386 In
438 2354 631 2395 fragmento
646 2354 798 2386 Serviliae
815 2354 898 2395 legis

198 2406 247 2436 sic
271 2411 345 2437 est:
370 2414 494 2439 QUIVE·
517 2413 568 2435 iu.
592 2413 818 2436 Anni'rnnu.
844 2414 898 2436 ni-

201 2463 323 2486 TiONE.
361 2463 578 2488 Po'rEsTATE.
614 2464 799 2487 ΑΜιοιτιΑ.
833 2458 898 2486 «Sec,

201 2505 387 2546 scripserit
413 2507 517 2548 igitur
544 2507 685 2538 Festus:
709 2517 776 2547 quae
798 2507 898 2538 natio-

202 2565 256 2586 nes
281 2556 316 2585 in
344 2556 458 2587 ditione
495 2560 601 2587 nostra
638 2562 721 2594 sunt,
752 2568 820 2589 cum
851 2558 899 2589 his

204 2605 299 2635 etiam
309 2605 529 2645 postliminium
541 2607 753 2639 constitutum.
778 2607 886 2638 Idem.

248 2654 261 2674 '¹
286 2654 481 2696 Postularz'a]
501 2656 629 2689 Eadem
640 2663 673 2689 et
687 2658 899 2698 postulatoria.

953 1801 1105 1827 votorum
1133 1800 1192 1824 aut
1227 1789 1468 1823 sacrificiorum
1499 1790 1648 1827 spretam

951 1847 1147 1887 religionem
1164 1841 1400 1883 designabant,
1414 1847 1526 1869 eorum
1538 1846 1649 1868 emcn-

951 1898 1124 1929 dationem
1141 1892 1325 1933 exigentia.
1352 1891 1448 1921 Idem.

993 1947 1001 1968 ¹
1025 1944 1208 1984 Postumus]
1231 1945 1316 1975 Sunt
1329 1943 1385 1982 qui
1402 1940 1550 1971 scribunt
1566 1942 1651 1979 post-

951 1999 1069 2032 humus,
1092 1995 1189 2037 quasi
1216 1999 1294 2036 post
1317 1993 1488 2022 humatum
1520 1994 1650 2029 patrem

951 2055 1064 2081 natus.
1108 2045 1175 2078 Sed
1192 2044 1315 2085 ubique
1329 2040 1543 2074 scribendum
1569 2040 1653 2078 post-

951 2110 1051 2132 umus.
1096 2099 1164 2130 Est.
1183 2100 1297 2127 antem
1322 2095 1492 2133 postumus,
1510 2099 1568 2120 seu
1582 2097 1651 2128 pos-

951 2152 1056 2186 timus,
1071 2159 1089 2180 a
1101 2150 1253 2190 posterus,
1268 2151 1304 2175 ut
1327 2143 1368 2175 ab
1392 2147 1399 2159 ⁸
1416 2137 1564 2175 inferus,’
1583 2144 1590 2155 ‘
1601 2139 1652 2170 in·

950 2199 1071 2233 fimus!
1117 2199 1161 2230 Et
1175 2206 1241 2228 uon
1259 2200 1390 2226 tantum
1417 2194 1575 2232 postumus
1603 2188 1653 2220 di·

952 2253 1052 2288 citur,
1081 2250 1138 2292 qui
1165 2252 1242 2290 post
1271 2250 1417 2278 mortem
1447 2243 1563 2283 patris,
1590 2240 1652 2272 sed

953 2303 1055 2335 etiam
1073 2300 1129 2342 qui
1151 2304 1227 2340 post
1254 2296 1382 2328 factum
1408 2297 1652 2325 testamentum

955 2354 1031 2384 vivo
1046 2355 1144 2392 patre
1161 2354 1259 2380 natus
1272 2352 1336 2381 est,
1352 2350 1386 2376 et
1403 2345 1459 2386 qui
1478 2348 1555 2385 post
1570 2342 1652 2373 alios

953 2403 1078 2434 liberos
1114 2399 1249 2430 ultimus
1298 2394 1459 2437 gignitur.
1523 2392 1654 2423 Versus

953 2453 1069 2486 Plauti
1086 2455 1163 2482 sunt
1178 2448 1294 2481 Aulul.
1310 2453 1376 2478 act.
1392 2454 1432 2476 ιι.
1445 2454 1492 2476 sc.
1507 2446 1538 2475 1.
1555 2443 1653 2474 laem.

997 2504 1010 2524 k
1036 2499 1201 2540 Potestur]
1219 2499 1354 2530 Lucret.
1369 2496 1426 2527 lib.
1444 2503 1502 2526 111.
1527 2498 1533 2510 ‘
1552 2492 1651 2525 Quod

953 2561 1066 2587 tamen
1084 2551 1214 2593 expleri
1226 2549 1317 2580 nulla
1331 2547 1459 2577 ratione
1474 2546 1652 2585 potestur)

955 2606 1000 2636 Et
1016 2605 1112 2642 Virg.
1138 2598 1256 2632 ‘Quod
1284 2596 1358 2628 fieri
1375 2595 1465 2627 ferro
1482 2593 1649 2635 liquidove

956 2660 1113 2699 potestur
1130 2650 1280 2685 electr0.’
1306 2648 1402 2679 Idem.
