1835 2906
203 119 286 161 3:34
656 125 803 157 suxi]
838 125 1041 156 POMPEI!
1078 124 1214 155 FESTI

206 221 426 272 Inscitia‚h
451 221 651 264 stultitia.

206 287 413 339 Insecta,i
433 302 521 330 non
545 293 691 331 secta:
726 290 805 331 sed
825 292 868 330 et
888 288 1154 342 aliquotiens
1175 285 1397 339 significat
1417 288 1556 327 secta.

206 353 462 411 Inseptumk
484 369 570 397 non
599 361 796 410 septum:
827 356 1005 409 ponitur
1026 358 1174 396 tamen
1195 358 1241 394 et
1262 365 1342 406 pro
1363 366 1447 394 non
1468 351 1660 394 aedifica-

266 429 414 465 tum.¹4

209 491 423 546 Inseque¹
446 492 565 545 apud
586 492 789 540 Ennium,
805 491 893 531 dic.
953 489 1145 538 lnsexit,
1167 489 1293 529 dixit.

210 560 461 601 Insessores
478 565 504 581 “¹
534 561 738 608 latrones,
762 559 839 611 qui
860 559 980 598 circa
1001 558 1098 598 vias
1119 556 1383 596 insidientur
1406 555 1627 595 sedentes.

209 628 441 681 Insignesn
473 626 748 679 appellantur
789 626 940 674 boves,
978 624 1054 677 qui
1085 624 1131 664 in
1161 623 1368 672 femine‚¹⁵
1400 626 1441 663 et
1473 623 1517 662 in
1550 621 1661 675 pede

266 696 414 736 album
436 694 611 742 habent,
633 694 760 746 quasi
783 692 992 744 insigniti.

212 762 401 815 Insignis
428 763 518 801 tam
552 760 607 800 ad
631 759 823 808 laudem,
848 771 979 812 quam
1011 758 1068 799 ad
1098 758 1469 812 vituperationem
1496 756 1662 798 inflecti

270 833 436 882 potest.

820 911 1059 924 eeeeeeeeeeee

257 996 296 1025 14
321 991 407 1024 Vide
426 992 506 1023 Not.
522 990 670 1023 inf.—15
697 989 764 1021 Alii
779 989 1003 1027 libb.semore.

865 1097 1007 1129 NOTA:

971 1173 1025 1203 ris.
1049 1173 1145 1203 Idem.

213 1186 285 1208 num
297 1185 454 1215 magnum,
467 1183 527 1215 pro
540 1176 625 1205 valde
639 1184 796 1213 magnum.
825 1173 914 1204 Nam

216 1227 357 1267 respicit
382 1227 491 1257 locum
515 1226 630 1256 Plauti
647 1224 809 1256 Bacchid.
831 1224 841 1240 ‘
858 1223 915 1254 In-

216 1287 332 1309 sanum
362 1285 520 1316 magnum
558 1276 679 1306 molior
720 1274 915 1314 negotium.’

216 1329 354 1370 Alioqui
369 1329 512 1359 insanum
527 1328 607 1358 nihil
621 1326 711 1358 aliud
727 1331 791 1366 est,
815 1335 915 1367 qnam

216 1380 316 1410 valde.
376 1379 490 1409 Plaut.
519 1378 669 1409 Mostell.
690 1378 699 1394 ‘
717 1376 914 1417 anusmodi

218 1429 450 1471 Gynaeceum?
486 1428 566 1470 quid
599 1428 790 1468 porticum?
829 1428 916 1457 insa-

217 1489 296 1510 num
313 1478 459 1511 bonam.¹
502 1479 560 1509 Sic
583 1478 673 1519 apud
701 1478 841 1510 Graecos
858 1489 914 1515 μα-

218 1529 309 1561 νικόν.
334 1530 417 1560 Dae.

260 1580 275 1600 ¹¹
299 1580 447 1621 Inscitia]
473 1579 640 1611 Stultitia.
696 1579 752 1610 Sic
780 1579 917 1613 Plauto,

219 1630 349 1661 inscitus
365 1635 416 1661 est
431 1631 559 1669 stultus,
590 1628 755 1660 Bacchid.
780 1630 788 1645 ‘
807 1629 916 1660 Quam

219 1690 255 1712 se
273 1681 314 1711 ad
333 1681 436 1712 vitam
454 1685 487 1711 et
505 1690 586 1721 quos
611 1680 651 1711 ad
670 1689 779 1711 mores
797 1679 915 1720 praeci-

219 1732 324 1773 pitem
341 1731 521 1772 capessat?
547 1733 646 1763 Idem.

265 1783 426 1824 filnsecta]
441 1784 613 1814 Insectum
631 1783 758 1814 dicitur
775 1787 811 1814 et
829 1782 915 1823 qnod

220 1839 365 1874 sectum,
382 1840 416 1865 et
434 1834 524 1875 quod
554 1844 620 1865 non
643 1840 773 1865 sectum
799 1838 865 1871 est,
882 1838 920 1864 ut

221 1895 325 1927 supra
339 1886 545 1925 inlaqueatus,
569 1891 604 1915 et
630 1886 761 1916 vinctus
783 1889 817 1914 et
834 1884 920 1914 soln-

223 1941 291 1968 tus.
337 1937 506 1975 Infractus,
522 1935 664 1974 fractus,
690 1939 725 1966 et
747 1943 812 1965 non
836 1933 921 1966 frac-

222 1993 291 2020 tus.
335 1987 424 2018 Vide
449 1987 458 2003 ‘
476 1985 683 2027 prosicium.'
708 1986 803 2017 Idem.

266 2038 281 2059 ¹<
305 2037 481 2078 Inseptum]
499 2037 640 2078 Optime
656 2036 853 2076 Salmasius,
866 2036 921 2077 qui

223 2089 258 2120 in
276 2089 343 2120 suis
360 2088 402 2119 ad
415 2088 633 2129 Spartiannm
651 2086 741 2117 notis
753 2086 850 2126 legit,
866 2096 919 2125 po-

223 2140 312 2171 nitur
326 2143 428 2170 tamen
437 2148 492 2179 pro
502 2138 702 2178 (edificatum.
720 2136 807 2167 Nam
820 2136 920 2175 insep-

225 2194 276 2221 tus
289 2190 390 2221 etiam
406 2198 466 2229 pro
478 2192 594 2229 septus,
609 2192 644 2218 ut
661 2188 670 2205 ‘
684 2186 848 2218 insectus’
860 2196 920 2226 pro

226 2244 235 2259 ¹
249 2239 388 2271 sectus.’
411 2240 420 2256 ⁴
435 2237 632 2279 injunctus,’
659 2247 721 2278 pro
735 2237 744 2254 ‘
756 2235 922 2278 junctus,’

225 2290 235 2307 ‘
249 2289 412 2321 insciens’
429 2299 491 2330 pro
511 2290 521 2307 ‘
536 2287 670 2324 sciens‚'
690 2290 755 2319 &c.
792 2288 923 2318 Seneca

228 2340 270 2370 de
281 2339 464 2370 Beneficiis
479 2339 537 2370 lib.
555 2347 606 2369 lv.
621 2338 630 2354 ‘
641 2338 744 2369 Hunc
760 2337 863 2377 igitur
877 2337 925 2367 in-

229 2398 362 2433 septum
382 2392 512 2433 ingenti
527 2391 673 2433 quodam
689 2395 725 2422 et
740 2390 925 2431 inexplica-

229 2443 289 2475 bili
320 2453 426 2481 muro,
457 2443 670 2484 divisumque
695 2452 712 2472 a
740 2446 927 2482 conspectu

229 2492 441 2525 mortalium.’
493 2493 624 2534 Saepire
652 2497 766 2523 autem
796 2496 848 2523 est
877 2491 926 2522 in·

230 2543 419 2575 aedificare:
444 2544 477 2574 in
507 2544 583 2584 lege
613 2542 776 2574 Manilia:
800 2542 809 2558 ‘
828 2542 926 2573 Neve

233 2594 313 2636 quid
339 2594 448 2634 sepito
474 2603 540 2634 quo
565 2594 673 2624 minus
699 2602 784 2634 aqna
799 2601 857 2622 suo
875 2591 927 2622 iti-

232 2653 315 2675 nere
337 2644 399 2679 ire,
423 2641 529 2674 fluere
554 2642 683 2683 possit!
730 2642 821 2673 Hinc
838 2641 926 2682 apud

233 2694 418 2735 Vopiscum
441 2694 450 2711 ‘
468 2693 637 2733 septiones
652 2692 743 2724 urbis
755 2692 762 2704 '
781 2702 842 2733 pro
857 2702 925 2723 mu-

1012 1224 1020 1244 ¹
1045 1222 1188 1263 Iuseque]
1207 1222 1380 1253 Videndus
1400 1222 1440 1253 A.
1459 1222 1591 1254 Gellius
1607 1222 1668 1253 lib.

971 1283 1081 1305 xvlu.
1105 1285 1180 1314 cap.
1197 1278 1228 1305 9.
1254 1275 1327 1305 Ful.
1346 1274 1452 1305 Ursin.

1014 1325 1156 1365 Inseqzw]
1205 1325 1435 1356 Glossarium:
1476 1326 1484 1341 ⁴
1510 1325 1668 1366 Inseqne,

1107 1377 1221 1407 Livius
1254 1376 1467 1407 Andronicus
1496 1376 1592 1407 initio
1620 1376 1667 1406 O·

971 1428 1121 1468 dysseae:
1147 1428 1155 1443 ‘
1175 1427 1319 1467 Inseque
1336 1436 1430 1457 musa
1457 1426 1536 1457 mihi
1559 1426 1666 1457 virum

974 1476 1166 1508 versutum.'
1187 1478 1254 1508 Jos.
1269 1476 1351 1507 Scal.

1018 1529 1165 1568 Inseque]
1201 1528 1277 1559 Seco
1303 1528 1355 1557 vel
1393 1536 1493 1567 sequo,
1523 1526 1611 1565 dico,
1649 1535 1667 1555 a

976 1580 1097 1611 Graeco
1113 1577 1199 1608 ἔπω.’
1222 1578 1307 1609 Inde
1320 1578 1542 1618 compositum
1558 1578 1670 1608 insece.

975 1629 1089 1659 Livius
1119 1627 1345 1658 Andronicus.
1390 1629 1398 1643 ‘
1424 1627 1543 1658 Insece
1573 1637 1669 1657 musa

976 1680 1054 1710 milii
1073 1679 1178 1710 virum
1196 1677 1393 1709 versutum.'
1423 1678 1473 1708 Ex
1487 1677 1671 1708 Homerico

975 1731 1049 1760 illo:
1067 1730 1180 1769 Ἄνδρα
1201 1728 1252 1767 μοὶ
1278 1727 1382 1758 ἔννεπε
1405 1728 1505 1767 μοῦσα
1519 1727 1670 1768 πολύτρο-

974 1793 1042 1811 πον.
1098 1780 1153 1811 Ab
1183 1780 1281 1811 inseco
1309 1781 1411 1810 etiam
1441 1784 1528 1811 teste
1558 1778 1670 1810 Gellio

973 1832 1156 1863 insectiones
1178 1840 1349 1862 sermones
1373 1831 1469 1870 dicti,
1491 1834 1529 1862 ut
1555 1840 1573 1860 a
1593 1839 1670 1864 seco,

974 1883 1133 1914 sectiones.
1179 1882 1264 1914 Quae
1288 1891 1352 1912 vox
1373 1880 1458 1911 infra
1478 1880 1567 1921 apud
1594 1880 1672 1910 Fes-

978 1939 1048 1964 tum
1073 1931 1286 1963 restituenda
1310 1930 1366 1961 ubi
1387 1931 1580 1962 secessiones.
1625 1930 1671 1960 Et

976 1983 1064 2014 lianc
1080 1983 1280 2022 scripturam
1296 1991 1338 2012 ex
1352 1981 1450 2011 Pauli
1466 1980 1673 2020 negligentia

977 2040 1085 2065 ortam
1108 2034 1185 2064 olim
1209 2032 1343 2063 Merula
1366 2031 1456 2071 apud
1478 2030 1620 2061 Ennium
1640 2039 1673 2060 a·

976 2084 1206 2122 nimadvertit,
1219 2083 1321 2124 quiet
1334 2082 1366 2111 in
1382 2081 1446 2111 fine
1461 2090 1521 2121 pro
1533 2080 1617 2110 dixit
1627 2089 1669 2109 ex

977 2135 1086 2167 veteri
1104 2125 1287 2173 exemplari
1306 2131 1458 2163 restituit
1471 2130 1597 2162 dixerit.
1623 2130 1671 2160 Ut

976 2197 995 2217 a
1011 2185 1021 2202 ‘
1037 2184 1150 2223 facio,’
1175 2184 1184 2200 ‘
1201 2182 1303 2222 fax0‚'
1327 2182 1359 2213 id
1378 2186 1443 2220 est,
1467 2180 1600 2221 fecero,
1622 2180 1670 2210 sic

978 2236 1020 2267 ab
1044 2239 1052 2253 ¹
1070 2233 1208 2274 inseco,’
1228 2235 1236 2251 ‘
1252 2232 1390 2267 insexo,'
1406 2231 1438 2262 id
1458 2236 1524 2271 est,
1537 2230 1671 2261 dixero.

979 2288 1064 2318 Dae.

1022 2341 1044 2356 ¹¹¹
1066 2334 1253 2374 Insessores]
1279 2331 1516 2372 Insidiatores,
1537 2330 1578 2362 ab
1594 2330 1672 2362 insi-

980 2387 1110 2418 dendo:
1125 2387 1259 2417 insidere
1270 2389 1318 2415 est
1331 2384 1446 2414 dolose
1459 2383 1602 2423 aliquem
1615 2391 1673 2412 ex-

981 2442 1134 2478 pectare,
1151 2436 1238 2467 unde
1266 2433 1400 2465 insidiae
1418 2433 1547 2464 Graecis
1571 2431 1672 2462 dictae

981 2488 1110 2529 ἐνέδραι.
1133 2487 1233 2518 Idem.
1537 2490 1539 2492 ’

1025 2544 1038 2559 ¹¹
1064 2536 1223 2577 Insignes]
1246 2535 1393 2576 Insignis
1408 2537 1473 2572 est,
1488 2532 1543 2573 qui
1559 2532 1674 2572 aliquo

981 2589 1075 2629 signo
1103 2594 1241 2618 notatus
1268 2591 1333 2625 est,
1359 2589 1394 2615 et
1420 2589 1457 2615 ut
1483 2584 1515 2613 in
1540 2583 1674 2622 bonam,

981 2641 1027 2671 sic
1044 2644 1077 2670 et
1094 2639 1126 2669 in
1142 2638 1262 2669 malain
1280 2641 1409 2676 partem
1427 2634 1590 2670 sumitur;
1615 2633 1671 2663 ‹le-

983 2692 1110 2723 teriora
1123 2689 1211 2720 enim
1228 2686 1328 2728 signis
1350 2684 1458 2716 notari
1485 2684 1608 2723 solent,
1631 2693 1673 2714 33-

970 1375 1059 1408 εἷπέ.’
