1835 2906
202 74 286 115 472

647 84 785 114 SEXTI
823 84 1023 113 POMPEII
1061 84 1197 116 FESTI

262 179 455 230 Prcetori,
479 179 596 233 apud
618 193 747 233 quem
768 179 852 234 lege
873 179 1026 234 agitur,
1033 178 1133 232 fari
1153 179 1234 218 tria
1257 178 1394 230 verba,
1416 177 1500 230 Do,
1521 179 1642 231 Dico,

260 247 429 288 addico.
452 260 552 300 nep.
574 253 670 287 noca
691 246 893 301 designari
915 246 1055 296 solent,
1079 245 1151 300 qui
1169 245 1319 298 nefasti
1340 248 1506 301 priores
1529 253 1644 298 sunt,

261 328 432 367 quornm
477 328 575 368 pars
615 316 793 355 anterior
822 313 928 369 fas:

968 313 1028 353 leis
1068 314 1172 354 servi
1207 315 1383 356 liberati
1418 319 1532 365 sunt,
1578 314 1646 355 de-

261 381 383 422 lectus
418 381 629 432 habentur,
666 383 860 422 exercitus
889 381 1132 433 scribuntur,
1164 387 1208 423 et
1240 383 1284 423 in
1316 382 1559 436 provincias
1588 383 1645 423 z're

260 448 362 498 licet,
392 463 505 490 sacra
536 465 690 505 quoque
715 450 917 491 instituta
947 451 1068 501 fiunt,
1089 458 1127 490 et
1146 457 1242 491 ‘vota
1273 456 1509 504 nuncupata
1530 449 1647 500 solvi,

263 522 306 557 et
327 518 445 559 aedes
467 519 630 558 sacrari
650 517 791 557 solent.

206 584 450 626 Nefrendes
468 584 483 607 ¹¹
519 586 681 626 arietes
704 585 924 634 dixerunt,
947 585 1063 638 quod
1093 585 1296 626 dentibus
1324 585 1435 626 sren-
1466 585 1649 639 [PAUL.

260 652 359 693 dere
387 666 473 694 non
505 653 689 707 possint.

749 651 842 692 Alii
876 653 1027 694 dicunt
1064 653 1291 694 nefrendes
1325 653 1511 695 infantes
1551 665 1649 693 esso

858 832 886 862 N
895 830 999 862 OTAE

202 924 301 960 Dico,
333 925 477 958 Addico.

202 974 330 1006 Paulus
347 982 456 1016 notat,
483 979 603 1019 quibus
634 980 740 1010 literis
766 980 797 1010 iii
829 981 899 1010 dies

201 1032 363 1059 notentur
381 1029 412 1059 in
432 1031 542 1061 Fastis
558 1042 565 1061 2
584 1035 619 1061 ut
635 1042 709 1062 cum
726 1037 815 1062 totus
831 1031 902 1062 dies

204 1077 356 1110 nefastus
383 1085 435 1110 est
467 1081 498 1111 N
527 1086 681 1120 notetur3
720 1093 793 1113 cuni
826 1093 903 1113 vero

203 1128 317 1169 priore
343 1137 439 1170 parte
476 1133 555 1171 diei,
584 1139 652 1165 tum
683 1134 710 1164 N
739 1141 772 1165 ot
798 1136 903 1173 1‘3ita

204 1179 291 1210 enirn
309 1180 515 1222 interpretor
544 1184 623 1215 iilud
651 1184 753 1225 (nep.)
771 1192 804 1216 et
822 1186 902 1216 iilud

203 1229 319 1270 (riores
346 1232 433 1273 sunl)
460 1235 547 1274 quod
588 1235 697 1274 ipsunt
745 1236 775 1265 in
808 1235 904 1266 fastis

202 1280 344 1311 Achillis
360 1282 467 1314 Mafei
484 1284 727 1316 editisaPauio
742 1286 909 1327 Mantum,

204 1332 292 1362 idem
324 1332 462 1369 Paulus,
481 1339 514 1365 et
529 1340 607 1366 ante
637 1345 712 1366 euin
742 1337 906 1367 Octavius

204 1382 440 1423 Pantagathus
451 1386 644 1417 acutissime
662 1387 908 1418 animadverte-

203 1439 291 1464 runt.
345 1433 396 1464 Ad
414 1441 600 1466 extremum
623 1437 812 1475 dicebatur,
827 1438 907 1478 quid

203 1483 341 1514 nefastis
358 1485 479 1515 diebus
496 1485 567 1516 fieri
587 1491 711 1526 posset.
726 1488 802 1518 Ant.
821 1488 907 1526 Aug.

251 1535 391 1575 Nefastz']
433 1536 558 1574 Naefiisti
587 1537 652 1567 dies
682 1538 724 1567 N.
755 1538 835 1568 omni
866 1548 906 1569 ex

205 1586 503 1624 partenefitstisunt,
514 1588 630 1622 utdies,
639 1589 718 1627 apud
732 1598 819 1627 quem
830 1598 905 1619 nun-

206 1645 296 1674 quam
311 1636 382 1666 licet
392 1636 463 1672 suri
478 1637 542 1675 Do,
558 1637 650 1676 Dico,
668 1638 797 1668 Addico.
827 1639 905 1669 NE.

206 1685 245 1714 Ι).
260 1686 472 1726 nefastiparte
482 1688 586 1727 priore
597 1692 682 1719 sunl.-
705 1689 812 1728 quibus
823 1693 905 1729 post-

206 1746 240 1765 ea
259 1740 288 1766 et
304 1737 386 1767 sert-i
402 1738 525 1769 liberati
539 1743 612 1769 sunt
627 1749 719 1780 scepe,
736 1743 766 1770 el
781 1762 788 1769 .
799 1761 823 1771 ..
839 1745 906 1771 unt.

206 1790 236 1816 et
258 1787 290 1816 in
311 1789 486 1827 provincius
508 1790 585 1828 itur,
601 1794 630 1820 et
650 1800 739 1820 sacra
763 1791 908 1821 instituta

197 1836 297 1876 fiunt,
321 1841 351 1867 et
380 1839 460 1868 cedes
487 1840 618 1877 sacrari,
657 1844 685 1870 ct
725 1844 795 1871 rota
831 1842 909 1872 solvi

205 1891 343 1925 possunt.
390 1888 456 1919 Hic
471 1889 576 1926 vides,
594 1900 615 1920 N
633 1900 661 1921 Ε.
674 1900 704 1922 Ρ.
718 1891 907 1930 significare

209 1938 298 1969 idern
333 1939 421 1979 quod
452 1949 515 1970 NP.
544 1941 605 1971 hoc
623 1946 685 1979 est,
713 1940 805 1972 nefas
835 1952 908 1982 par-

209 1990 291 2020 tim:
325 1995 362 2020 ut
385 1999 445 2020 ΝΕ.
472 1999 532 2022 PR.
562 1991 592 2020 in
622 1991 827 2022 Kalendario
847 1993 909 2022 Ro-

209 2050 327 2071 mano:
354 2040 415 2072 hoc
444 2046 510 2079 est,
535 2040 629 2071 nefas
661 2042 772 2082 priore
800 2049 907 2081 parte.

209 2091 265 2121 Sic
284 2100 314 2122 P.
333 2100 365 2122 P.
390 2091 438 2121 fas
455 2093 579 2131 priore,
595 2098 651 2123 aut
680 2093 799 2132 partini
818 2104 824 2122 :
851 2094 907 2124 atii

209 2142 327 2172 dicunt
344 2150 402 2172 ΝΕ.
422 2151 483 2173 Pu.
507 2142 600 2172 nefas
625 2144 785 2182 praetori:
817 2144 905 2184 quod

207 2192 338 2222 nonita
356 2193 478 2231 placet.
525 2193 611 2223 Nam
642 2202 700 2223 ΝΕ.
721 2202 778 2223 PR.
794 2198 829 2224 et
847 2202 906 2224 ΝΕ.

212 2251 242 2271 Ρ.
260 2247 293 2273 ct
312 2252 369 2273 ΝΡ.
396 2243 484 2273 idem
500 2249 563 2278 est,
582 2254 690 2285 neque
716 2245 784 2275 ulla
812 2244 907 2275 diffe-

209 2294 316 2324 rentia
333 2299 396 2325 est.
423 2303 481 2325 NP.
498 2300 534 2325 et
549 2304 608 2325 ΕΝ.
636 2296 755 2335 partini
775 2294 907 2333 nefasti,

209 2346 330 2382 partim
359 2345 438 2376 fasti
456 2352 543 2377 sunt.
590 2346 675 2377 Haec
701 2354 812 2377 tannen
843 2345 908 2376 dif-

209 2393 367 2434 ferentia,
401 2397 489 2437 quod
515 2406 573 2428 NP.
605 2398 709 2428 semel
744 2396 907 2435 nefastus,

211 2449 246 2474 et
263 2447 364 2475 semet
383 2446 490 2478 fastus
517 2453 581 2486 est,
597 2456 655 2478 ΕΝ.
673 2457 770 2478 inane
788 2452 822 2478 et
838 2457 908 2477 ves·

211 2495 281 2534 peri
299 2494 462 2536 nefastus,
480 2498 591 2528 medio
609 2503 760 2538 tempore
777 2497 905 2528 fastus:

213 2545 278 2581 vel,
296 2550 331 2574 ut
347 2545 558 2578 Varroniane
573 2548 704 2588 loquar,
722 2557 781 2579 NP.
797 2548 909 2588 inquo

211 2594 381 2626 nefastum
411 2597 501 2627 cedit
529 2599 636 2629 iocum
664 2598 763 2636 fasto,
792 2607 850 2630 ΕΝ.
876 2599 908 2629 in

211 2656 276 2686 quo
307 2645 471 2677 nefastum
504 2647 647 2679 insititio
683 2648 771 2680 fasto
801 2647 909 2679 diffin-

539 927 682 959 Addidit
711 934 837 969 postea,
862 935 898 960 ut
953 929 1056 960 ditur.
1078 930 1146 959 Jos.
1165 928 1249 959 Scal.

1000 979 1127 1018 Nefasti
1143 978 1223 1017 dies]
1240 977 1329 1008 Festi
1346 976 1563 1016 sententiam,
1577 986 1653 1017 par-

959 1030 1016 1060 t'un
1042 1030 1143 1060 etiam
1160 1030 1234 1069 ejus
1260 1027 1362 1058 verba
1379 1027 1546 1058 divinarat
1572 1027 1650 1058 olim

959 1081 1194 1120 sagacissimus
1222 1079 1388 1118 Scaliger.
1445 1076 1652 1108 Addiderat·
1675 1103 1679 1106 .

959 1141 1044 1172 que:
1080 1130 1183 1161 Vides
1199 1139 1255 1160 NE.
1279 1138 1309 1159 Ρ.
1334 1127 1526 1168 significare
1564 1127 1652 1157 idem

960 1181 1048 1221 quod
1070 1189 1127 1211 NP.
1156 1181 1217 1210 hoc
1237 1185 1301 1219 est,
1329 1177 1426 1209 nefas
1451 1177 1591 1217 partim:
1617 1182 1655 1208 ut

963 1239 1021 1264 ΝΕ.
1045 1239 1104 1261 Pn.
1132 1230 1164 1260 in
1191 1228 1398 1260 Kalendario
1416 1229 1577 1267 Romano,
1590 1229 1652 1258 hoc

961 1288 1024 1322 est,
1045 1281 1138 1312 nefas
1160 1281 1262 1321 priori
1292 1285 1397 1321 parte.
1442 1279 1505 1310 Cui
1522 1284 1655 1310 contra-

962 1335 1029 1364 rius
1053 1338 1127 1364 erat
1149 1341 1179 1363 F.
1198 1342 1229 1362 P.
1250 1331 1300 1361 fas
1318 1332 1428 1371 priore
1445 1335 1502 1360 aut
1520 1331 1655 1370 partini.

964 1385 1030 1415 Alii
1060 1385 1176 1414 dicunt
1206 1392 1265 1413 ΝΕ.
1296 1391 1352 1412 PR.
1384 1380 1478 1411 nefas
1505 1381 1654 1420 praetori.

962 1434 1060 1467 Quod
1077 1443 1143 1464 non
1161 1434 1208 1463 ita
1233 1433 1354 1472 placet.
1404 1431 1489 1462 Nam
1519 1439 1574 1461 NE.
1597 1439 1655 1461 pn.

962 1491 996 1515 et
1014 1494 1070 1516 ΝΕ.
1088 1494 1118 1515 P.
1135 1488 1170 1514 et
1188 1492 1247 1514 NP.
1273 1483 1360 1513 idem
1379 1487 1441 1523 est,
1458 1491 1568 1523 neque
1587 1482 1655 1511 ulla

963 1534 1155 1566 differentia
1180 1539 1243 1564 est.
1268 1542 1327 1563 ΝΡ.
1353 1532 1409 1573 qui
1436 1531 1556 1563 nefasti
1589 1531 1655 1571 pri-

961 1587 1010 1616 ori
1028 1591 1137 1626 parte,
1152 1589 1269 1625 postea
1284 1583 1362 1615 fasti
1379 1588 1468 1618 sunt,
1489 1591 1544 1613 ΕΝ.
1562 1592 1653 1620 vero,

962 1636 1023 1666 lioc
1053 1641 1117 1671 est,
1155 1633 1374 1671 eudemi-cisi,
1403 1632 1566 1668 intercisi,
1597 1632 1655 1673 qui

961 1696 1058 1717 mane
1083 1691 1115 1716 et
1141 1684 1275 1725 vesperi
1292 1683 1428 1722 nefasti,
1445 1682 1555 1714 medio
1573 1688 1656 1713 tem-

964 1746 1043 1777 pore
1060 1736 1135 1767 fasti
1149 1740 1238 1769 sunt,
1253 1735 1320 1773 vel,
1334 1738 1369 1764 ut
1382 1734 1592 1764 Varroniano
1610 1733 1656 1763 lo-

964 1796 1059 1827 quar,
1085 1795 1142 1816 NP.
1168 1786 1199 1816 in
1225 1794 1290 1825 quo
1313 1783 1481 1815 nefastum
1499 1783 1591 1814 cedit
1608 1783 1654 1813 Ιο-

963 1848 1037 1868 cnin
1056 1837 1151 1868 fastu.
1177 1845 1233 1867 ΕΝ.
1252 1837 1284 1866 in
1303 1846 1368 1876 quo
1386 1833 1554 1865 nefastum
1580 1834 1658 1864 iusi-

966 1888 1040 1918 titio
1069 1887 1157 1918 fusto
1182 1885 1382 1917 diffinditur.
1429 1886 1506 1916 Hoc
1535 1889 1599 1922 est,
1623 1885 1655 1915 in

964 1949 1028 1981 quo
1046 1939 1213 1970 nefastum
1241 1938 1273 1967 in
1298 1936 1381 1967 duas
1404 1941 1531 1977 partes,
1555 1935 1657 1966 iuter-

966 1990 1077 2030 posito
1095 1989 1195 2024 fusto,
1213 1988 1387 2018 scinditur.
1415 1987 1494 2017 Duc.

1007 2039 1020 2059 '¹
1047 2037 1234 2077 Nefrendes]
1269 2038 1319 2068 Ex
1345 2038 1437 2067 Festi
1469 2035 1579 2065 verbis
1609 2034 1657 2065 in-

942 2090 1097 2129 .telliges
1145 2089 1284 2128 primani
1322 2086 1512 2126 opinionem
1552 2085 1658 2115 Mucii

962 2140 1077 2179 fuisse,
1093 2140 1230 2170 alteram
1246 2137 1368 2175 Aterii,
1391 2136 1444 2176 qui
1468 2135 1555 2166 Livii
1585 2145 1658 2166 car-

962 2191 1050 2221 mine
1064 2200 1099 2220 se
1118 2189 1287 2220 tuebatur.
1333 2188 1457 2218 Cetera
1479 2196 1521 2216 ex
1550 2186 1658 2216 Paulo

962 2247 1040 2272 nota
1056 2246 1144 2271 suut.
1191 2239 1310 2273 Viden.
1334 2238 1476 2278 Fulgen.
1523 2237 1658 2268 Placia-

961 2292 1021 2322 des
1039 2291 1080 2321 de
1096 2289 1241 2329 antiquis
1271 2288 1428 2319 vocibus:
1459 2293 1494 2318 et
1522 2288 1658 2326 Festus,

963 2344 971 2359 ‘
989 2339 1135 2372 Rienes.’
1159 2339 1236 2369 Ant.
1254 2338 1338 2376 Aug.

1007 2389 1197 2429 Nesrcndes]
1221 2390 1285 2421 Qui
1311 2386 1468 2418 dentibus
1494 2385 1654 2417 frendere

963 2452 1029 2473 non
1061 2446 1210 2482 possunt,
1240 2441 1301 2470 hoc
1329 2443 1393 2477 est,
1419 2437 1591 2478 frangere,
1619 2443 1657 2467 ut

964 2492 1052 2534 apud
1071 2494 1257 2523 Serenum:
1282 2489 1418 2529 ‘fruges
1443 2487 1582 2518 frendeo
1606 2497 1657 2518 so-

964 2546 1023 2585 Ιειε,
1041 2553 1079 2575 ac
1096 2543 1185 2574 sicco
1202 2539 1343 2572 robore.y
1389 2539 1473 2570 Inde
1496 2539 1504 2555 ‘
1524 2537 1656 2568 nefren—

965 2595 1016 2625 dis
1031 2593 1137 2636 puer,'
1161 2595 1170 2610 ‘
1183 2590 1356 2622 uefrendis
1372 2587 1517 2630 porcus.’
1549 2589 1657 2619 Varro

965 2647 1022 2677 lib.
1038 2654 1078 2676 11.
1095 2644 1136 2675 de
1165 2643 1203 2673 R.
1232 2642 1271 2672 R.
1297 2649 1371 2680 cap.
1399 2642 1428 2670 4.
1454 2638 1495 2669 de
1524 2639 1656 2679 porcis:
