1835 2906
187 76 271 119 620

187 181 394 223 Potitusp
424 179 628 222 servitute
656 177 709 220 ab
735 177 912 234 antiquis
942 176 1152 218 dicebatur
1176 178 1266 232 qui,
1284 181 1333 219 ut
1360 176 1422 219 ait
1467 178 1634 233 [FEST.

243 250 410 300 Labeo,
431 247 671 290 servitutem
690 246 828 298 servit,
849 244 948 287 tales
964 244 1274 287 consuetudines
1288 246 1490 300 proxime
1506 246 1634 290 Grae-

243 319 285 360 ci
306 317 452 358 moris.-
482 316 618 358 eodem
636 315 752 358 modo
773 315 1002 356 dicebatur
1017 320 1046 338 ¹¹
1068 315 1125 355 ab
1146 315 1340 368 antiquis
1361 315 1519 368 potitus
1547 315 1636 356 lios-

244 384 379 427 tiumf!

187 453 379 504 Praebia,
399 454 607 495 remedia.
1454 450 1636 501 [PAUL.

190 519 359 562 Praebia
379 521 595 563 dicunturr
617 517 788 562 curandi
810 517 912 560 mali
933 517 1126 572 remedia,
1144 515 1327 560 videlicet
1348 531 1435 574 quae
1471 518 1634 573 [FEST.

244 589 468 631 curationis
488 604 616 632 causa
631 587 906 644 praebeantur.

189 656 353 700 Parare
381 659 487 700 inter
506 673 545 700 se
565 663 732 700 φηαηῑιεΒ
762 655 1000 698 dicebantur
1030 669 1119 696 cum
1147 653 1308 696 sortitio
1324 652 1462 709 fiebat
1492 669 1518 694 a
1549 668 1636 695 ma-

240 726 494 782 gistratibus
526 727 578 769 P.
609 726 666 768 R.
688 730 825 768 uter¹²
855 724 1119 779 magistratus
1149 729 1367 779 utramque
1399 737 1483 764 rem
1513 735 1639 764 acere

242 793 401 835 deberet
414 811 426 835 .·
456 801 527 836 aut
550 795 655 836 inter
675 809 713 836 se
735 793 1027 849 comparabant
1046 791 1094 832 de
1115 793 1243 833 rebus
1263 792 1358 848 lege
1378 790 1597 832 mandatis.

187 862 458 917 Praeceptat,
482 878 603 919 saepe
623 864 840 919 praecipit.
1456 859 1639 914 [PAUL.

186 929 440 986 Praeceptat
458 933 500 974 in
522 933 680 974 Saliari
699 933 892 974 carmine
911 935 993 982 est,
1018 943 1141 984 saepe
1163 929 1383 984 praecipit.
1473 927 1639 981 [FEST.

187 997 586 1042 Praeciamitatores
603 1000 658 1032 ¹³²
689 1000 895 1042 dicuntur
923 999 1001 1054 qui
1033 997 1307 1040 Flaminibus
1329 995 1469 1046 Diali,
1491 993 1641 1046 Quiri-

633 84 780 115 SEXTI
815 84 1015 115 ΡΟΜΡΕΙΙ
1052 83 1187 114 FESTI

787 1107 1026 1121 ”comum

230 1177 268 1206 ll
294 1175 357 1207 Ed.
372 1176 753 1208 Scal.dicebantur.—l2
780 1176 863 1209 Ead.
881 1175 935 1209 ed.
951 1179 985 1207 ut
1001 1175 1129 1207 ei.—13
1153 1173 1215 1205 Vir
1240 1171 1333 1206 doct.
1359 1170 1394 1202 in
1420 1178 1527 1210 marg.
1555 1168 1645 1210 ejus-

187 1217 263 1250 dem
279 1218 332 1250 ed.
348 1220 437 1261 conj.
453 1220 750 1251 Proeclamitatores.

841 1326 983 1359 NOTAE

940 1401 984 1432 de
999 1399 1096 1432 bonis
1111 1401 1305 1439 usurpatur,
1317 1399 1356 1427 ut
1371 1399 1380 1413 ‘
1391 1394 1556 1436 sperare,’
1572 1399 1647 1436 ‘pa-

942 1451 1071 1491 ti‚’&c.
1101 1451 1198 1482 Idem.

227 1407 243 1428 ¹³
267 1403 409 1445 Potitus]
429 1403 680 1444 Interpretatio
697 1412 772 1435 esse
791 1402 884 1434 vide-

184 1458 240 1485 tur
256 1454 374 1485 horum
392 1455 585 1492 verborum,
612 1456 622 1473 ‘
637 1455 766 1496 potitus
781 1454 885 1486 servi-

184 1504 283 1543 tute,'
300 1510 337 1536 ut
353 1505 521 1546 significet
534 1506 686 1536 servire:
711 1506 791 1537 item
809 1506 886 1545 ‘po-

184 1556 268 1586 titus
280 1555 452 1597 hostium,'
468 1556 557 1596 apud
572 1557 744 1596 Plautum,
755 1561 790 1587 et
801 1555 888 1596 juris

183 1607 552 1648 consultos,captivum
566 1607 747 1648 significat.
772 1607 888 1638 Piaut.

184 1658 218 1688 in
235 1658 337 1698 Capt.
363 1663 399 1690 et
421 1658 455 1689 in
481 1659 640 1700 Epidico.
671 1658 801 1691 Jnrisc.
826 1657 886 1689 sub

185 1709 285 1740 titulo
302 1709 344 1740 de
362 1710 531 1750 captivis:
556 1714 591 1741 et
615 1710 658 1741 de
681 1714 886 1741 testamento

184 1760 312 1791 militis.
335 1761 413 1791 Ant.
429 1761 516 1800 Aug.

230 1811 358 1842 Potitus
372 1811 549 1852 servitutis]
561 1811 764 1843 Graecorum
777 1810 888 1841 imita-

185 1860 279 1892 tione
291 1861 324 1892 id
339 1861 466 1893 dictum
482 1863 567 1903 vult,
578 1863 634 1903 qui
647 1862 780 1899 dicunt,
797 1864 889 1893 ἐπαυ·

183 1911 248 1950 ρεΐν
261 1912 367 1942 κακοῦ.
414 1912 598 1944 Hesiodus.
620 1913 690 1943 Jos.
705 1913 785 1944 Scal-

231 1961 358 1992 Potitus
372 1962 537 2002 servitute]
562 1963 671 1994 Recte
683 1963 731 1994 ait
745 1963 778 1994 id
797 1973 816 1994 a
834 1973 889 1995 ve-

184 2011 315 2042 teribus
333 2011 457 2043 Graeco
474 2022 566 2043 more
581 2018 795 2053 usurpatum,
812 2023 888 2044 nam

185 2061 302 2093 Graeci
328 2063 470 2103 ἐπαυρεῖν
492 2063 643 2099 δούλειας,
669 2065 721 2094 vel
750 2065 890 2104 ἐπαυρεῖν

186 2113 294 2144 κακοῦ.
335 2114 379 2144 Et
393 2123 473 2145 sane
489 2114 631 2154 ἐπαυρεῖν
646 2115 754 2155 κακοῦ,
777 2116 785 2131 ‘
800 2115 888 2155 poti-

185 2163 214 2194 ri
244 2163 345 2203 mali,¹
375 2163 461 2194 dixit
491 2164 632 2196 Hesiod.
656 2167 664 2183 ‘
682 2165 800 2196 Potin-e
827 2167 888 2197 ali-

184 2222 285 2255 quem
320 2214 495 2245 servitutis
512 2213 520 2226 '
567 2215 682 2246 Piaut.
717 2215 887 2256 Amphitr.

183 2264 193 2280 ‘
207 2274 284 2295 eum
300 2272 390 2296 nunc
418 2265 542 2306 potivit
567 2270 668 2307 pater
684 2266 889 2299 Servitutis.'

183 2314 265 2346 Duc.

225 2371 241 2391 ‘1
259 2366 387 2398 Potitus
398 2366 549 2408 hostium]
564 2366 659 2398 Idem
671 2367 770 2408 Capt.
779 2367 788 2384 ‘
800 2367 887 2399 Nam

183 2421 363 2457 postquam
392 2427 486 2449 meus
518 2428 555 2449 re
585 2423 640 2450 est
664 2420 790 2459 potitus
813 2418 888 2449 hos·

186 2466 295 2498 tium.'
341 2468 451 2501 Item:
475 2469 485 2486 ‘
500 2469 590 2509 Ergo
608 2474 787 2510 postquam
804 2480 886 2510 gna-

188 2521 244 2548 tus
269 2521 345 2549 tuus
370 2520 500 2559 potitus
530 2524 583 2551 est
611 2519 783 2551 hostium.'
828 2521 887 2552 Sic

186 2567 197 2584 ‘
213 2567 339 2608 potitus
365 2575 419 2600 est
440 2570 610 2608 hostium:
637 2570 726 2602 idem
751 2581 818 2603 non
835 2581 887 2603 se-

187 2619 265 2650 mel.
311 2620 434 2660 Neque
451 2620 485 2650 id
510 2621 654 2660 mirum3
677 2622 776 2661 potiri
800 2624 888 2653 enim

187 2670 300 2702 media
313 2680 379 2701 vox
395 2674 460 2710 est,
477 2675 512 2700 et
526 2676 595 2700 tam
609 2670 651 2701 de
668 2671 775 2711 malis,
789 2682 889 2712 quam

984 1506 996 1522 Γ
1020 1500 1147 1532 Praebia
1176 1497 1339 1539 dicuntur]
1365 1497 1496 1529 Proebia
1524 1506 1541 1528 a
1563 1506 1646 1538 prae·

943 1553 1051 1591 bendo,
1066 1551 1177 1592 inquit
1194 1551 1334 1581 Festus:
1360 1548 1449 1580 idem
1465 1553 1579 1579 tamen
1596 1547 1646 1577 in-

943 1603 996 1635 fra
1011 1613 1030 1634 a
1045 1601 1244 1643 prohibendo,
1256 1599 1346 1641 quod
1361 1608 1478 1630 verum
1495 1602 1647 1638 etymon.

941 1653 1009 1685 Sed
1029 1651 1210 1693 legendum
1222 1649 1352 1691 proebia,
1367 1658 1428 1691 per
1439 1660 1477 1684 oe,
1491 1648 1543 1680 vel
1557 1646 1649 1689 quod

943 1705 1049 1745 magis
1066 1705 1180 1745 piacet
1194 1702 1330 1743 proebra,
1342 1706 1379 1732 ut
1396 1700 1438 1732 ab
1449 1698 1647 1738 inhibendo,

940 1756 1060 1795 inebra,
1071 1755 1120 1786 sic
1131 1753 1266 1795 proebra,
1279 1763 1299 1784 a
1312 1750 1534 1793 prohibendo.
1562 1751 1649 1782 Sunt

944 1813 1056 1839 autem
1066 1805 1197 1847 praebia,
1213 1813 1272 1835 seu
1285 1801 1419 1844 proebra,
1433 1800 1475 1833 τὰ
1485 1799 1649 1841 ἆλεξίφθο·

945 1871 993 1897 να,
1009 1858 1166 1890 amuleta.
1212 1856 1313 1886 Varr.
1334 1853 1391 1885 lib.
1420 1862 1469 1884 w.
1495 1852 1537 1883 de
1552 1852 1591 1884 1..
1609 1852 1648 1883 L.

944 1911 954 1927 ‘
968 1907 1130 1944 Proebia‚'
1143 1907 1209 1946 vei,
1220 1911 1257 1937 ut
1268 1905 1358 1937 Scal.
1370 1903 1503 1944 proebra,
1519 1903 1529 1920 ‘
1540 1912 1559 1933 a
1571 1912 1650 1944 pro·

945 1960 1091 1992 bibendo
1116 1958 1291 1992 usitatum,
1310 1954 1399 1997 quod
1417 1955 1485 1986 sint
1501 1953 1651 1985 remedia

946 2011 980 2042 in
997 2010 1083 2041 collo
1100 2007 1260 2050 pnes-eis!
1296 2005 1451 2038 Eandem
1466 2005 1533 2036 vim
1546 2004 1650 2036 habe-

945 2062 1027 2093 bant
1053 2060 1145 2102 apud
1168 2060 1310 2092 Graecos
1338 2057 1466 2092 annuli,
1484 2056 1542 2097 qui
1557 2055 1650 2087 dice-

946 2115 1080 2150 bantur,
1097 2111 1235 2153 φυσικοὶ,
1252 2110 1305 2142 vel
1325 2109 1518 2150 φαρμακῖται
1538 2105 1651 2138 δακτύ-

943 2172 1016 2196 λιοι.
1071 2162 1231 2195 Meminit
1271 2160 1446 2201 Aristoph.
1485 2159 1519 2190 in
1555 2158 1650 2189 Plut.

943 2215 1043 2248 Οὐδὲν
1056 2215 1192 2256 προτιμῶ
1214 2223 1281 2245 σου·
1305 2212 1390 2252 φορῶ
1406 2209 1468 2251 ’γὰρ
1483 2207 1649 2249 πριάμενος

943 2268 1003 2300 Τὸν
1019 2266 1187 2300 δακτύλιον
1200 2263 1285 2295 τονδὶ
1306 2263 1376 2303 παρ’
1397 2259 1537 2299 Εὐδάμου
1551 2261 1650 2301 δραχ-

943 2321 1014 2359 μῆς.
1054 2323 1062 2336 ¹
1078 2317 1257 2357 Nihiliego
1282 2320 1316 2346 te
1333 2312 1445 2352 faci03
1467 2310 1542 2343 fero
1559 2310 1648 2341 enim

944 2372 1105 2402 annulum
1119 2369 1229 2401 Quem
1246 2364 1410 2397 drachma
1431 2362 1499 2395 emi
1513 2362 1557 2393 ab
1581 2361 1649 2393 Eu-

942 2419 1063 2453 damo.'
1094 2420 1192 2450 Idem.

984 2477 995 2492 ¹³
1020 2472 1141 2503 Parare
1156 2469 1240 2500 inter
1264 2477 1296 2498 se
1320 2465 1443 2506 munus]
1467 2463 1647 2496 Poste-rior

943 2533 1021 2566 pars
1036 2522 1137 2563 hujus
1153 2519 1276 2561 capitis
1291 2517 1435 2550 adhaesit
1452 2521 1530 2558 post
1546 2520 1649 2556 ‘pap-

944 2573 1005 2616 pi?
1050 2573 1175 2604 Locum
1194 2570 1260 2603 adi.
1284 2570 1383 2600 Idem.

989 2626 998 2644 ¹
1021 2618 1322 2659 Proeciamilatm·es]
1345 2616 1500 2649 Macrob.
1529 2615 1588 2646 lib.
1621 2623 1648 2647 ¹.

945 2676 1080 2706 saturn.
1113 2675 1122 2688 ⁴
1139 2673 1270 2710 Regem
1305 2676 1432 2699 sacror.
1464 2665 1649 2697 Flamines-
