1835 2906
375 143 438 173 DE
471 140 744 172 VERBORUM
779 139 1190 171 SIGNIFICA'I'IONE
1226 140 1321 170 LIB.
1354 140 1424 171 XI.

232 239 509 280 Albanorum
545 236 688 290 primi,
726 234 881 276 deinde
916 233 1092 287 patricii
1129 234 1198 275 usi
1234 239 1351 276 sunt.

1540 131 1624 171 431

1423 233 1489 275 M.
1511 233 1623 275 Cato

234 307 462 359 Originum
484 305 596 345 libro
631 304 821 357 septimo
842 317 850 341 :
897 301 987 353 Qui
1009 302 1309 355 magistratum
1339 303 1533 344 curulem
1555 315 1624 343 ce·

234 375 394 428 pisset,
440 372 616 414 calceos
651 372 842 412 mulleos
874 370 1162 412 allucinatos:
1180 374 1211 401 ¹⁷
1257 372 1391 412 ceteri
1422 383 1626 424 perones.

232 441 346 482 Item
362 440 553 481 Titinius
573 441 618 481 in
639 440 815 481 Setina:
846 438 949 480 Jam
980 451 1077 479 curn
1111 437 1284 478 mulleis
1307 443 1349 479 te
1371 439 1624 488 ostendisti,

233 521 346 562 quos
368 508 538 549 tibiatis
559 508 602 549 in
624 507 824 548 calceos:
861 520 972 560 quos
993 509 1151 559 putant
1171 518 1198 546 a
1219 505 1457 557 mullando,
1479 506 1523 547 id
1544 510 1626 555 est,

233 576 402 617 suendo
424 576 582 617 dictos.

176 636 392 686 Multamg
414 642 531 685 Osce
561 642 649 684 dici
682 645 839 695 putant
864 653 1039 694 poenam
1060 639 1334 695 quandam.¹8

1394 639 1462 681 M.
1487 640 1628 682 Varro
1654 622 1656 624 -

233 713 295 753 ait
325 723 505 765 poenam
535 723 654 760 esse,
689 709 767 750 sed
804 709 1119 763 pecuniariam,
1147 709 1200 750 (10
1234 722 1322 763 qua
1343 709 1563 750 subtiliter
1583 709 1627 750 in

778 851 794 861 ο
800 850 899 862 ‘roco

904 849 998 861 e-e‘oo
1006 849 1023 861 o

222 963 258 991 17
283 961 344 991 Vir
360 961 450 992 doct.
469 961 502 992 in
521 970 626 1000 marg.
643 959 698 991 ed.
715 959 803 990 Scal.
822 957 964 998 conjicit
988 957 1197 988 alutacz'natos
1225 957 1276 987 vel
1302 958 1393 989 lucos.
1439 956 1527 988 Vide
1558 958 1626 989 No-

177 1006 326 1035 tas.——18
351 1004 550 1044 Legendum
575 1008 688 1035 monet
704 1003 793 1034 Scal.
807 1011 929 1042 poenam
944 1001 1082 1041 quidum.

831 1132 978 1168 NOTAE

177 1237 354 1279 republica
379 1235 520 1267 Patricii
546 1239 582 1267 et
601 1235 784 1266 Senatores
807 1233 876 1264 cal—

177 1298 254 1320 ceos
264 1288 375 1327 nigros
387 1286 588 1327 gestabant3
602 1296 642 1316 ex
655 1285 809 1326 patriciis
818 1294 875 1315 au-

177 1344 258 1378 tem,
270 1338 325 1379 qui
342 1337 580 1377 Magistratunl
596 1336 746 1366 curulem
766 1335 875 1375 cepis-

177 1394 266 1428 sent,
293 1389 448 1426 umlleos,
479 1388 541 1417 1100
570 1390 635 1426 est,
665 1386 807 1424 rubros3
840 1390 875 1416 at

177 1445 357 1481 postquam
379 1438 612 1478 Imperatores
628 1437 691 1468 sibi
717 1437 796 1467 solis
816 1446 876 1477 pu-

177 1490 292 1521 niceos
316 1489 388 1520 illos
411 1489 484 1519 sive
509 1488 649 1518 mulleos
672 1488 803 1518 calceos
822 1496 876 1517 vo·

179 1541 285 1576 111010,
295 1539 391 1580 quasi
406 1538 572 1579 proprios,
584 1538 743 1579 relinqui,
756 1547 875 1568 consu-

176 1590 265 1621 libus
291 1599 356 1620 non
383 1588 546 1629 purpurei
577 1593 636 1619 aut
663 1588 808 1628 punicei,
838 1592 877 1619 ut

178 1644 292 1678 antea,
318 1638 377 1670 sed
402 1638 513 1669 aurati
537 1643 615 1669 sunt
640 1638 808 1674 attributi,
839 1642 878 1669 ut

178 1694 313 1721 constat
330 1698 371 1720 ex
389 1688 602 1720 Cassiodoro.
640 1688 695 1719 Ita
710 1689 824 1729 igitur,
840 1693 878 1720 ut

177 1740 305 1780 optime
320 1738 361 1770 ad
378 1738 564 1779 Vopiscum
580 1738 778 1778 Salmasius,
798 1748 877 1770 con-

179 1789 318 1820 ciliandi
344 1793 422 1820 sunt
446 1793 613 1823 auctores,
641 1788 695 1829 qui
719 1783 877 1829 patricio-

180 1849 253 1871 rum
276 1840 390 1880 nigros
418 1837 548 1870 faciunt
578 1839 724 1875 0310008,
755 1843 790 1870 et
819 1840 877 1882 qui

180 1891 340 1929 mulleos;
357 1899 432 1921 113111
448 1889 665 1929 patriciorum
679 1899 809 1928 eorum,
821 1889 878 1931 qui

181 1940 413 1980 magistratum
431 1939 582 1970 curulem
601 1939 786 1980 cepissent,
801 1949 878 1980 pro-

181 1990 291 2031 prium
320 1994 497 2030 gestamen
513 1993 610 2020 erant
626 1989 739 2020 mullei
760 1989 878 2025 calcei,

181 2040 402 2081 reliquorum,
426 2039 483 2080 qui
502 2039 651 2070 nondum
665 2039 698 2070 in
715 2039 797 2070 sella
822 2049 879 2071 cu—

181 2091 247 2122 ruli
275 2090 456 2127 sedissent,
489 2091 673 2131 vulgariter
699 2091 799 2132 nigri.
837 2091 879 2123 Id

183 2141 319 2172 omnino
342 2140 471 2172 evincit
495 2141 587 2172 locus
609 2141 761 2182 Catonis,
785 2141 881 2182 cujus

184 2191 291 2222 verba
313 2191 361 2222 sic
383 2190 467 2231 legit
485 2190 658 2231 Scaliger:
686 2192 751 2228 Qui
766 2193 881 2232 magis-

185 2243 303 2271 tratum
329 2241 466 2271 curulem
489 2240 640 2281 cepissent
668 2243 783 2274 calceos
804 2243 882 2275 mul-

185 2291 260 2329 leos,
270 2290 327 2321 aziz·
342 2291 512 2328 nncinatos,
527 2292 622 2322 celeri
633 2301 773 2331 perones.
797 2292 882 2323 Por-

185 2351 236 2380 ro,
261 2341 363 2372 docet
389 2341 478 2372 idem
508 2342 689 2373 Salmasius
715 2343 884 2375 Puniceos

185 2392 261 2422 illos
285 2391 355 2422 sive
378 2391 519 2422 mulleos
540 2392 674 2423 calceos
700 2393 884 2433 Tyrrheni-

186 2451 244 2472 cos
261 2441 364 2472 etiam
381 2440 504 2477 dictos,
519 2441 606 2482 quod
618 2451 732 2472 00111111
750 2441 884 2474 factura

186 2491 373 2522 Tuscanica
388 2495 489 2527 esset,
504 2496 543 2522 ut
558 2491 723 2532 Virgilius
739 2492 884 2533 Tyrrhe-

187 2550 248 2572 nos
265 2541 396 2572 calceos
414 2540 572 2571 Evandro
600 2541 672 2581 regi
689 2541 809 2573 tribuit
825 2542 883 2574 lib.

191 2599 273 2622 vrn-
297 2593 306 2609 ‘
320 2592 365 2622 Et
379 2591 554 2632 Tyrrhena
565 2591 687 2632 pedum
699 2592 887 2625 circumdat

190 2641 324 2673 vincula
344 2642 492 2683 plantis.'
515 2642 581 2674 Ubi
597 2642 756 2675 Servius:
780 2644 789 2661 ‘
805 2644 886 2685 'Pyr-

932 1232 1038 1262 1110113
1054 1231 1189 1262 vincula
1205 1230 1318 1261 Tusca
1334 1230 1578 1270 calceamenta,
1598 1236 1634 1262 et

930 1282 1013 1313 dicit
1040 1282 1210 1323 crepidas,
1238 1292 1320 1323 quas
1348 1282 1458 1322 primo
1484 1282 1634 1313 habuere

928 1335 1126 1370 Senatores,
1172 1339 1250 1375 post
1295 1334 1435 1375 Equites
1478 1334 1635 1374 Romani,

930 1394 1019 1415 nunc
1036 1385 1173 1416 milites,
1199 1383 1264 1415 Alii
1280 1385 1479 1416 senatorios
1501 1386 1634 1416 calceos

930 1437 1059 1475 volunt,
1074 1436 1227 1476 quiahoc
1243 1444 1350 1475 genus
1374 1435 1598 1466 calceamenti
1615 1445 1635 1465 a

930 1486 1049 1517 Tuscis
1077 1490 1223 1516 sumtum
1241 1485 1317 1516 est.'
1368 1485 1432 1515 Sed
1453 1485 1507 1515 adi
1525 1485 1633 1525 ipsum

929 1534 1129 1566 Salmasium
1155 1534 1197 1564 ad
1224 1533 1420 1574 Vopiscum.
1456 1534 1496 1565 111
1526 1534 1635 1564 verbis

932 1585 1073 1616 Catonis
1091 1595 1153 1626 pro
1169 1584 1353 1615 allucinatos
1367 1584 1517 1615 Turneb.
1533 1585 1634 1615 uluta-

930 1635 1066 1666 cinatos:
1083 1644 1205 1675 nempe
1223 1634 1264 1665 ab
1281 1635 1378 1666 aluta.
1405 1633 1473 1665 Alii
1487 1635 1634 1674 ulutatus,

932 1686 985 1716 vel
1002 1686 1167 1716 lunulatos.
1206 1685 1367 1721 Perones,
1384 1685 1490 1716 calcei
1507 1686 1570 1716 toti
1586 1694 1630 1716 ex

931 1735 1090 1777 pellibus,
1106 1745 1149 1767 ex
1172 1735 1265 1766 corio
1289 1735 1407 1768 crudo.
1450 1734 1574 1766 Isidor.
1601 1736 1636 1766 in

931 1785 1043 1817 Gloss.
1079 1785 1089 1802 ‘
1116 1786 1206 1817 Pero
1242 1786 1470 1818 calciamenta
1502 1786 1636 1827 pilosa.’

932 1836 1015 1867 Dae.

975 1898 991 1921 g
1022 1894 1174 1935 Multam]
1209 1893 1339 1924 Oscum
1371 1891 1589 1931 vocabulum,
1617 1902 1637 1922 a

933 1953 999 1985 quo
1027 1944 1155 1980 multus,
1181 1943 1272 1985 quod
1300 1942 1511 1973 numerando
1538 1942 1637 1973 multa

934 1993 1181 2034 aestimaretur,
1206 2000 1242 2024 et
1268 1994 1414 2032 multare,
1445 2001 1638 2025 numerare.

935 2043 1051 2075 Plaut.
1074 2042 1183 2075 Stich.
1207 2052 1266 2074 111.
1295 2045 1325 2074 1.
1355 2042 1486 2074 ‘Quam
1513 2042 1638 2074 multas

935 2098 1048 2124 tecum
1067 2093 1221 2124 miserias
1244 2089 1486 2122 multaverim.'
1532 2091 1640 2121 Multa

937 2149 1053 2175 autem
1076 2143 1193 2184 primis
1223 2142 1434 2182 temporibus
1460 2141 1493 2172 in
1517 2141 1637 2172 ovibus

937 2198 974 2224 et
996 2193 1105 2224 bubus
1132 2192 1306 2224 aestimatis
1327 2192 1493 2229 constitit,
1517 2191 1638 2231 quibus

938 2242 1132 2274 abundabat
1142 2242 1256 2274 113113.
1278 2241 1435 2274 Gell.lib.
1446 2250 1498 2272 Χι.
1511 2240 1634 2282 Supre-

938 2303 992 2324 ma
1006 2294 1112 2324 multa
1135 2294 1144 2310 ‘
1154 2298 1229 2324 erat
1242 2293 1382 2324 duarum
1396 2292 1522 2333 ovium,
1536 2293 1637 2324 boum

938 2343 1092 2384 triginta,
1103 2353 1166 2384 pro
1179 2344 1279 2384 copia
1288 2343 1420 2374 scilicet
1430 2343 1543 2384 boum,
1557 2353 1636 2384 pro—

938 2403 1004 2435 que
1013 2394 1123 2425 ovium
1135 2393 1286 2434 penuria.
1309 2392 1376 2424 Sed
1389 2402 1464 2424 cum
1473 2393 1639 2433 ejusmodi

939 2445 1045 2476 multa
1074 2444 1208 2485 pecoris
1235 2443 1448 2484 armentique
1475 2453 1495 2475 a
1517 2445 1639 2485 magis-

939 2494 1085 2526 tratibus
1101 2493 1195 2524 dicta
1206 2498 1292 2532 erat,
1304 2492 1523 2533 adigebantur
1534 2494 1639 2526 boves

939 2554 1101 2586 ovesque,
1118 2544 1200 2574 alias
1217 2542 1319 2583 pretii
1343 2542 1454 2583 parvi,
1472 2544 1554 2575 alias
1570 2554 1639 2575 ma-

935 2593 1032 2635 joris,
1058 2602 1166 2635 eaque
1190 2601 1244 2624 res
1266 2591 1417 2623 faciebat
1439 2592 1638 2634 iuaequalem

939 2645 1055 2677 multae
1068 2643 1301 2685 punitionem:
1318 2641 1447 2674 idcirco
1462 2649 1579 2684 postea
1591 2645 1638 2674 le=
