1835 2906
357 155 420 185 DE
455 152 726 185 VERBORUM
762 150 1174 182 SIGNIFICATIONE
1209 150 1304 180 LIB.
1336 151 1401 181 Vl.

1523 139 1608 182 257

163 252 483 294 Famuletiumx
514 251 757 300 dicebatur,
781 248 900 304 quod
923 262 1039 290 nunc
1063 249 1304 290 servitium.

163 320 334 361 Famuli
356 321 479 372 origo
494 325 510 348 y
540 321 595 360 ab
618 319 750 360 Oscis
773 316 1005 371 dependet,
1028 316 1144 370 apud
1162 330 1274 371 quos
1295 328 1448 357 servus
1475 315 1608 357 famel

215 387 533 435 nominabatur,
555 387 671 428 unde
695 391 740 427 et
758 385 925 427 familia
945 390 1122 426 vocata.

164 454 318 502 Fana‚²
352 455 472 507 quod
494 454 626 495 fando
649 456 970 495 consecrantur.

162 522 380 563 Fanatica
395 528 410 543 ὃ
441 522 596 563 dicitur
615 523 744 562 arbor
763 520 944 561 fulmine
966 521 1070 561 icta.

164 589 332 629 Fanum
355 603 380 630 a
405 589 529 630 Fano
548 596 562 619 ⁷
578 588 593 611 b
625 589 815 638 dictum3
851 589 944 629 sive
967 601 994 629 a
1014 587 1172 637 fando3
1205 586 1325 640 quod
1343 585 1444 626 dum
1467 585 1609 639 ponti-

216 656 292 697 fex
314 656 503 706 dedicat,
526 660 641 697 certa
662 657 796 697 verba
814 656 942 698 fatur.

163 723 432 773 Farfenuni,⁸
450 730 465 747 ⁰
495 725 665 777 virgulti
687 737 839 777 genus.

765 855 899 866 ιιιιιιι

202 951 219 979 7
245 948 254 964 ⁴
273 948 427 978 Fanuma
445 947 562 978 Fauno.
609 947 663 977 Ita
684 947 705 976 l.
729 956 772 976 m.
799 955 858 986 pro
882 944 1015 983 asana!

161 991 244 1022 dicit
262 992 412 1022 Dac.—S
436 989 582 1023 Quidam
608 990 685 1020 libri
714 990 886 1020 Farcenum
915 989 967 1020 vel
994 988 1179 1019 Frasenum.

904 854 1001 866 ooooo

1062 945 1157 975 Fulv,
1175 944 1288 976 Ursin.
1307 946 1342 974 et
1359 942 1405 974 ita
1430 941 1609 981 legendum

1234 986 1311 1018 Vid.
1341 987 1423 1018 Not.
1450 985 1551 1018 infra.

814 1143 960 1175 NOTAE

206 1232 220 1247 ¹
239 1228 458 1268 Famulecium]
472 1230 540 1259 Pro
546 1229 753 1267 famulitium.
773 1229 860 1260 Var-

164 1286 218 1308 ro:
244 1279 253 1295 ‘
272 1277 370 1318 Apud
397 1279 553 1319 ignavum
580 1279 750 1310 dominum
778 1279 860 1311 duro

161 1327 329 1359 famulitio
361 1330 543 1361 astrictus?
599 1332 609 1348 ‘
627 1330 862 1363 Famulatum'

162 1384 261 1411 vocat
278 1380 411 1411 Cicero.
457 1382 466 1398 ‘
485 1381 747 1418 Famulitatem,'
793 1381 860 1412 Ac-

162 1432 233 1461 cius
272 1436 306 1461 et
346 1431 516 1462 Pacuvius
559 1432 649 1473 apud
699 1432 859 1464 Nonium.

163 1481 260 1511 Idem.

205 1536 218 1557 5
244 1531 369 1563 Famulz·
399 1531 502 1572 origo]
539 1532 567 1564 A
601 1533 722 1563 Famel.
769 1533 861 1564 Osca

163 1590 247 1612 voce
270 1581 387 1621 famul,
411 1582 571 1620 famu‘lus5
609 1583 668 1613 sed
705 1583 861 1614 Latinum

163 1642 250 1673 esse,
268 1643 332 1664 non
352 1634 656 1672 Oscum‚samulum
674 1639 769 1674 puto.
814 1634 863 1665 Ut

163 1688 197 1713 et
214 1692 318 1723 supra
336 1684 454 1714 Festus
470 1684 502 1714 in
520 1686 529 1701 ‘
545 1683 711 1725 Familias
730 1693 790 1724 pro
807 1683 862 1721 fa-

164 1734 244 1764 mulo
261 1734 388 1765 dictum
407 1739 523 1774 postea
537 1735 653 1773 famul.
700 1735 748 1764 Ut
771 1736 780 1751 ‘
800 1734 862 1774 pa'

165 1794 227 1824 pro
250 1785 259 1801 ‘
279 1785 408 1824 parte;‘
442 1786 451 1802 ⁴
469 1786 531 1816 do'
567 1796 628 1826 pro
660 1787 668 1803 ‘
687 1785 804 1817 domo'
829 1790 865 1817 et

166 1835 298 1866 similia.
346 1835 432 1867 Quae
448 1842 648 1877 sequuntur,
665 1838 745 1867 uncle
760 1840 790 1868 et
809 1837 863 1875 fa-

164 1885 251 1916 milia
272 1891 390 1924 vocata,
407 1887 433 1917 si
449 1887 541 1917 Festi
559 1892 650 1926 sunt,
662 1887 812 1918 levitatis
830 1893 865 1919 et

164 1936 400 1967 inconstantiae
418 1937 557 1968 Festum
585 1942 738 1976 arguunt,
756 1939 810 1979 qui
829 1939 863 1969 in

155 1986 284 2023 familia
300 1987 348 2017 his
365 1988 534 2019 contraria
547 1989 694 2028 scripsit.
729 1989 863 2030 Nempe

157 2036 313 2074 famulum
329 2037 395 2068 dici
419 2048 438 2068 a
455 2037 595 2078 familia,
610 2039 621 2069 i
638 2043 768 2070 mutato
785 2039 818 2069 in
835 2049 867 2080 ze,

164 2086 254 2127 quod
273 2096 387 2117 verum
406 2093 472 2119 est.
513 2089 602 2119 Nam
618 2089 643 2119 si
662 2099 680 2119 a
695 2089 796 2126 famel
811 2099 862 2120 es-

166 2141 216 2167 set
231 2136 370 2174 familia,
403 2137 500 2168 velim
530 2138 584 2169 hic
613 2139 695 2169 mihi
723 2148 861 2179 respon-

165 2186 269 2217 deant
285 2188 340 2228 qui
364 2187 500 2218 Festum
518 2193 715 2229 sequuntur,
731 2190 787 2230 qui
803 2188 860 2219 fie-

167 2236 193 2266 ri
208 2237 320 2276 potuit
337 2242 372 2268 nt
399 2243 501 2268 antea
516 2238 645 2277 familia
661 2239 803 2270 honeste
819 2240 862 2271 de

166 2285 316 2323 ingenuis
331 2287 519 2318 hominibus
536 2288 717 2321 diceretur.
743 2289 840 2320 Idem.

209 2341 222 2355 ²
246 2336 352 2375 Fami]
374 2337 460 2367 Vide
483 2343 491 2356 ‘
509 2337 644 2369 fanum!
666 2340 764 2371 Idem.

210 2390 224 2405 ὃ
248 2385 414 2426 Fanatica]
438 2387 589 2418 Fanatici
611 2389 749 2429 proprie
772 2390 861 2420 dice-

168 2435 291 2466 bantur
321 2437 378 2477 qui
407 2437 520 2468 divino
555 2436 671 2470 furore
705 2440 863 2480 correpti,

167 2485 222 2528 qui
240 2486 375 2517 numine
394 2485 498 2517 afflati
520 2493 630 2519 erant.
676 2488 761 2518 Inde
784 2488 794 2505 ‘
812 2488 860 2520 fa-

169 2538 281 2568 natica
305 2537 425 2568 arbor'
461 2548 535 2579 quae
559 2537 699 2569 fulmine
723 2538 859 2570 afflata:

169 2588 228 2619 sed
251 2588 390 2626 fanatici
416 2596 518 2619 etiam
536 2589 737 2620 dicebantur
752 2599 862 2620 sacro-

172 2649 243 2669 rum
270 2639 429 2670 ministri.
486 2639 665 2679 Optimum
693 2639 861 2677 Glossari-

917 1230 955 1261 In
973 1230 1081 1261 veteri
1098 1229 1212 1270 lapitle
1226 1233 1324 1260 extra
1341 1228 1482 1259 Romam
1500 1236 1508 1257 ε
1542 1224 1552 1242 ‘
1569 1225 1613 1257 Q,

915 1281 1021 1312 Coelio
1047 1280 1238 1321 Apollinari
1273 1279 1423 1310 fanatico
1458 1277 1501 1309 de
1538 1276 1611 1309 aede

913 1331 1091 1363 Bellonae.’
1115 1331 1214 1362 Idem.

956 1383 970 1404 b
994 1383 1119 1414 Fanum
1141 1393 1160 1413 α
1179 1381 1280 1422 Fano]
1305 1381 1396 1420 Lege
1422 1384 1460 1411 ut
1486 1379 1518 1409 in
1542 1382 1614 1409 vet.

915 1434 973 1465 lib.
991 1434 1113 1464 Fanum
1133 1442 1152 1463 a
1171 1432 1291 1464 Fauno.
1337 1431 1367 1462 A
1392 1430 1514 1462 Faunis
1531 1428 1614 1468 fana

914 1483 1007 1513 dicta
1019 1483 1162 1513 Veteres
1175 1481 1352 1523 putabant,
1367 1480 1455 1521 quod
1469 1479 1534 1510 illis
1547 1479 1613 1519 pri-

914 1543 1003 1564 mum
1029 1533 1156 1573 templa
1180 1532 1246 1562 sint
1272 1535 1484 1561 consecrata.
1530 1529 1613 1560 Cor-

914 1585 1020 1614 nelius
1044 1584 1170 1614 Fronto
1186 1593 1193 1613 :
1219 1584 1228 1599 ⁴
1244 1582 1372 1612 Fanum
1399 1581 1517 1611 Fauno
1533 1588 1613 1609 con-

914 1633 1109 1664 secratum)
1142 1632 1211 1663 Alii
1228 1632 1310 1670 suna
1326 1631 1468 1668 asando.
1513 1628 1614 1661 Quod

914 1684 997 1714 iniis
1011 1683 1250 1715 consecrandis
1264 1679 1416 1723 pontifex
1430 1685 1524 1712 certa
1538 1687 1613 1710 ver-

914 1735 955 1765 ba
971 1733 1074 1765 fatur.
1114 1734 1176 1764 Vel
1194 1734 1305 1773 potius
1323 1738 1361 1764 ut
1376 1732 1486 1762 Varro
1503 1730 1560 1761 lib.
1579 1738 1613 1760 v.

916 1785 958 1816 de
985 1786 1023 1816 L.
1038 1785 1074 1816 L.
1103 1784 1191 1825 quod
1219 1782 1373 1824 pontifex
1400 1783 1432 1812 in
1450 1780 1614 1812 sacrando

915 1834 1006 1865 fatus
1021 1840 1072 1865 est
1088 1834 1188 1864 finem
1202 1843 1211 1871 3
1235 1833 1310 1863 hinc
1326 1832 1364 1872 (a
1379 1829 1499 1867 fando)
1513 1830 1521 1846 ‘
1536 1829 1615 1859 fana

916 1884 1112 1924 nominata‚’
1129 1884 1247 1924 inquit,
1263 1884 1271 1900 ‘
1283 1882 1372 1923 quod
1389 1879 1566 1921 pontifices
1580 1879 1614 1911 iu

915 1933 1080 1965 sacrando
1097 1932 1158 1964 fati
1175 1938 1252 1962 sunt
1267 1930 1392 1962 finem?
1426 1929 1493 1961 Sed
1510 1927 1618 1960 maxi-

914 1993 968 2015 me
986 1984 1101 2023 placet
1116 1982 1287 2020 sententia
1302 1980 1426 2018 Vossii‚
1441 1979 1497 2020 qui
1515 1981 1615 2019 putat

915 2034 1026 2065 fanum
1044 2043 1119 2064 esse
1136 2042 1190 2071 eo,
1214 2031 1301 2073 quod
1319 2031 1351 2061 id
1370 2029 1486 2062 Graeci
1500 2028 1616 2059 simili-

916 2089 970 2116 ter
984 2083 1057 2115 ναὸν
1070 2088 1202 2114 vocent.
1237 2083 1368 2121 Nempe
1383 2090 1444 2121 per
1459 2085 1615 2118 transpo-

915 2135 1070 2166 sitionem
1086 2133 1192 2165 fuerit
1206 2132 1288 2171 ἀμὸν,
1309 2131 1368 2162 sed
1385 2129 1524 2170 spiritus
1539 2127 1615 2158 abit

915 2186 1040 2226 saepins
1069 2185 1102 2215 in
1131 2184 1163 2222 f.
1217 2183 1258 2214 Id
1290 2181 1437 2222 probant
1469 2179 1615 2219 ipsamet

916 2238 1006 2269 Festi
1023 2237 1127 2267 verba
1141 2246 1158 2266 e
1177 2234 1328 2265 lib.v111.
1346 2234 1354 2250 ‘
1372 2231 1521 2268 Hanuta,
1536 2239 1615 2270 par-

916 2297 957 2318 va
984 2287 1126 2318 delubra
1155 2285 1249 2326 quasi
1274 2281 1414 2314 fannia)
1461 2282 1551 2320 Ergo
1570 2289 1613 2310 ex

916 2338 1056 2379 obliquo
1084 2336 1156 2367 ἆνὸν
1177 2336 1303 2374 sanum,
1333 2332 1421 2363 unde
1456 2330 1616 2369 hanulum,

917 2392 1036 2428 postea
1057 2387 1216 2425 fanulum,
1240 2389 1276 2414 ut
1301 2380 1451 2417 ‘hostis,'
1472 2379 1616 2420 ‘fostis,'

916 2440 925 2456 ‘
940 2437 1058 2475 liolns,'
1082 2433 1218 2470 ⁶f01ns,’
1242 2438 1276 2464 et
1292 2432 1424 2463 similia.
1447 2431 1548 2462 Idem.

967 2491 981 2507 ⁰
1013 2484 1199 2524 Faifenum]
1236 2483 1382 2514 Videtur
1419 2481 1542 2521 legisse
1579 2479 1614 2510 in

917 2538 1030 2568 Plauti
1048 2537 1177 2567 Milite:
1196 2539 1204 2552 ‘
1218 2543 1258 2565 eo
1275 2532 1546 2574 praesternebant
1563 2528 1612 2561 fo-

917 2589 962 2619 lia
980 2586 1140 2627 Farfaiii,’
1156 2586 1208 2616 vel
1227 2583 1408 2616 ‘Fan-feni)
1428 2583 1500 2614 dos.
1515 2580 1599 2612 Seni.

963 2637 1146 2677 Farfenum]
1167 2636 1362 2676 Scripserat
1387 2634 1508 2665 Festus
1534 2630 1614 2661 Far-

171 2700 239 2728 um,
255 2689 263 2705 ί
282 2691 475 2726 Fanaticus,
492 2689 654 2730 ἱερατικὸς,
673 2689 866 2731 ἱερόδουλος.’
912 2691 1029 2728 ferum.
1062 2689 1135 2721 Nisi
1151 2688 1244 2719 dicas
1259 2697 1275 2717 r
1291 2686 1415 2718 abiisse
1432 2685 1464 2715 in
1481 2694 1511 2713 n.
1536 2681 1614 2712 Far-

257 2742 371 2782 Deiph.
390 2747 418 2774 el
444 2744 518 2775 Vair.
536 2744 620 2774 Cius.

818 2744 927 2783 Pomp.
947 2741 1030 2774 Fosi.
1499 2737 1529 2766 R
