1835 2906
367 166 429 195 DE
463 165 732 196 VERBORUM
766 164 1170 196 SlGNlFICATlONE
1214 168 1308 197 [ΑΒ.
1343 169 1406 199 lV.

1520 158 1604 200 223

224 261 448 313 putabant,
470 264 653 310 rectore,
689 261 762 314 qui
792 260 949 302 Graece
982 261 1058 300 Δία
1093 263 1349 315 appellatur,
1372 263 1464 306 sive
1484 265 1604 317 quod

225 326 300 366 aer
317 326 495 366 diurnus
511 328 713 370 dehiscat
734 328 777 368 in
798 327 1048 369 candorem.

168 392 445 435 Difl'arreatio
462 400 478 415 ⁰
509 408 646 447 genus
666 397 756 437 erat
775 394 999 444 sacrificii,
1028 395 1146 448 quod
1165 396 1272 437 inter
1293 398 1429 439 virum
1446 403 1491 439 et
1512 410 1606 439 mu-

222 460 368 500 lierem
386 461 518 502 fiebat
539 462 767 503 dissolutio
785 476 795 503 :
815 462 935 505 dicta
957 462 1234 514 differreatiQ
1253 464 1357 517 quia
1370 465 1507 506 fiebat
1521 465 1609 506 sar-

223 539 297 568 reo
317 528 407 569 libo
430 529 644 571 adhibito.

169 593 446 646 Dignorant‚³
462 603 478 627 1³
500 597 624 650 signa
643 598 891 651 imponunt,
905 603 956 638 ut
976 596 1072 638 fieri
1094 597 1204 638 solet
1224 598 1268 638 in
1290 599 1540 650 pecoribus.

169 660 424 704 Dilaniare‘1
463 669 532 705 est
566 664 825 715 discindere,
860 668 902 705 et
933 665 1062 718 quasi
1090 665 1235 706 lanam
1270 665 1438 707 trahere
1457 680 1466 705 ;
1499 666 1611 707 unde

225 729 385 771 lacinia
399 735 418 761 4
437 736 482 772 et
500 731 645 773 lanius
667 731 843 783 dicitur,
864 732 940 786 qui
963 745 1100 786 pecus
1123 732 1346 774 discindit.

770 851 887 863 eeeee

213 916 232 943 3
258 913 311 945 ΑΙ.
337 915 571 948 Βεηοιαηιμ-υιί
598 916 652 948 Al.
678 918 814 952 laniena.

889 851 1008 864 ‘‘‘‘‘

821 1025 968 1058 NOTAE

212 1099 226 1114 ⁰
248 1094 474 1136 Diffarreatio]
520 1098 711 1131 Dissolutio
748 1101 864 1132 matri-

169 1144 547 1178 moniieonfarreatione
558 1149 736 1186 contracti,
749 1149 865 1181 diffar-

171 1196 282 1226 teatio
298 1195 486 1229 dicebatur.
518 1197 636 1229 Cicero
661 1199 695 1229 in
709 1199 863 1240 Topicis:

170 1245 178 1260 ‘
193 1243 311 1276 Genus
333 1250 387 1277 est
415 1256 512 1287 uxor,
537 1247 609 1287 ejus
637 1248 714 1279 duae
736 1248 867 1285 formae,

169 1303 234 1325 una
256 1299 400 1326 matrum
423 1296 578 1333 familias,
602 1298 653 1330 11ae
677 1303 768 1339 sunt,
790 1310 865 1342 quae

168 1343 201 1374 in
218 1353 352 1376 manum
376 1355 586 1379 convenere:
611 1349 721 1380 altera
736 1359 868 1391 earum,

168 1403 243 1434 quae
267 1397 499 1428 tantummodo
526 1407 647 1430 uxores
674 1400 866 1433 habentur.'

170 1443 279 1476 Addit
316 1446 522 1479 Severinus:
561 1451 571 1466 ⁴
595 1449 720 1482 Tribus
756 1452 866 1484 modis

169 1503 254 1525 uxor
293 1495 494 1537 habebatur,
539 1508 613 1538 usu,
649 1500 865 1538 farreatione,

169 1544 373 1585 memnone,
416 1548 476 1578 sed
515 1549 745 1582 confarreatio
786 1553 866 1584 solis

169 1595 384 1635 pontificibus
400 1600 638 1637 conveniebat,
663 1611 737 1642 quae
753 1607 865 1634 autem

170 1646 203 1675 in
219 1655 350 1677 manum
369 1657 430 1688 per
446 1648 670 1681 coemtionem
697 1661 866 1682 convene-

171 1699 261 1734 rant,
274 1695 324 1727 hae
342 1702 466 1729 matres
490 1697 515 1730 f.
533 1699 765 1739 vocabantur3
789 1711 865 1741 quae

170 1754 250 1776 vero
279 1756 352 1786 usu,
378 1748 430 1778 vel
457 1747 678 1789 farreatione,
706 1750 866 1782 miuime.'

170 1794 215 1824 Et
231 1795 398 1835 Ulpianus
424 1797 478 1829 tit.
498 1800 530 1830 8.
553 1798 708 1832 Institut.
740 1802 750 1818 ‘
765 1801 868 1832 Farre

171 1846 372 1877 convenitur
383 1847 415 1877 in
430 1857 562 1878 manum
578 1850 680 1880 certis
696 1850 822 1890 verbis,
834 1854 869 1882 et

173 1895 316 1927 testibus
332 1897 450 1928 decem
468 1899 692 1939 praesentibus
704 1905 738 1932 et
750 1902 868 1932 solem-

171 1947 205 1976 ni
222 1946 386 1978 sacrificio
409 1947 515 1988 facto,
537 1949 569 1980 in
585 1959 652 1991 quo
675 1951 772 1992 panis
787 1962 868 1993 quo-

172 2005 238 2036 que
274 1995 404 2028 farreus
441 1998 642 2031 adhibetur.’
684 2001 867 2042 Dionysius

173 2046 232 2078 lib.
250 2055 289 2078 ιι.
303 2057 322 2078 a
338 2047 483 2079 Romulo
500 2058 580 2089 rege
592 2051 785 2083 institutum
794 2062 869 2084 esse

172 2097 303 2133 scribit,
339 2103 376 2129 ut
409 2097 615 2132 farreatione
655 2102 869 2134 matrimonia

172 2147 309 2187 fierent,
326 2147 368 2178 ab
382 2158 423 2179 ea
440 2158 475 2179 re
498 2149 602 2186 dicta,
616 2151 705 2191 quod
722 2151 786 2191 far,
802 2162 868 2193 quo

172 2202 253 2228 tune
269 2206 357 2237 pane
381 2197 579 2238 utebantur,
601 2202 869 2232 communionem

174 2246 252 2277 vitae
279 2247 484 2279 ostenderet.
520 2249 571 2279 De
602 2249 719 2281 eodem
745 2261 869 2291 genere

174 2295 378 2326 matrimonii
406 2296 544 2329 Tacitus
574 2298 693 2330 scribit
726 2300 786 2331 lib.
822 2310 872 2332 lv.

175 2343 370 2375 Annalium.
394 2346 484 2380 Plin.
511 2347 571 2379 lib.
600 2357 706 2381 xvm.
735 2360 814 2391 cap.
838 2354 871 2383 3.

175 2395 255 2426 Ant.
275 2395 362 2435 Aug·

219 2445 445 2487 Differreatz'o]
469 2447 558 2487 Lege
571 2458 579 2480 z
593 2448 805 2489 Diffarreatio
814 2460 871 2489 ge-

175 2506 232 2527 nus
247 2500 292 2528 est
307 2496 454 2538 sacrificii
474 2507 562 2537 quom
585 2499 670 2529 inter
693 2499 871 2540 cirum,850.

177 2549 244 2588 vel,
260 2559 318 2589 quo
334 2549 415 2580 inter
430 2550 543 2590 virum,
556 2550 607 2589 &a
653 2549 871 2584 Diffarreatio

176 2604 228 2630 est
243 2600 364 2631 solutio
380 2600 585 2631 matrimonii
608 2610 666 2641 per
681 2600 872 2633 confarrea-

179 2650 304 2681 tionem
334 2650 511 2681 contracti.
557 2649 872 2684 Confarreationem

180 2705 289 2731 autem
316 2701 364 2732 sic
392 2700 554 2732 describit
580 2701 743 2741 Ulpianus
769 2702 822 2733 tit.
839 2704 872 2733 9.

918 1102 1034 1135 Instit.
1064 1104 1073 1121 ‘
1092 1102 1220 1138 Farre,'
1247 1102 1367 1144 inquit,
1394 1102 1616 1134 ‘convenitur

918 1152 951 1183 in
976 1162 1108 1184 manum
1137 1152 1240 1184 certis
1260 1152 1386 1191 verbis,
1410 1157 1446 1183 et
1472 1153 1617 1183 testibus

918 1201 1036 1233 decem
1059 1201 1298 1243 praesentibus,
1314 1206 1349 1232 et
1371 1201 1500 1232 solenni
1517 1202 1617 1232 sacri-

916 1250 994 1282 ficio
1016 1250 1120 1291 facto,
1134 1252 1168 1282 in
1185 1261 1251 1291 quo
1274 1251 1372 1291 panis
1394 1260 1528 1292 quoque
1553 1249 1621 1281 far·

918 1311 996 1333 reus
1017 1301 1219 1333 adhibetur?
1262 1300 1348 1332 Inde
1373 1301 1492 1340 glossae
1509 1300 1618 1331 Isido-

914 1353 945 1384 ri
962 1363 969 1384 :
995 1354 1004 1370 ‘
1023 1351 1253 1388 Diffarreatio,
1269 1351 1446 1383 dissolutio
1460 1351 1548 1383 inter
1572 1351 1618 1382 vi-

919 1413 993 1435 rum
1010 1408 1046 1435 et
1062 1401 1258 1434 foeminam.'
1281 1402 1364 1433 Dae,

961 1459 977 1480 Ρ
997 1453 1196 1493 Dignorant]
1213 1453 1444 1485 Glossarium:
1467 1452 1477 1471 ‘
1492 1452 1620 1492 Digno-

921 1507 985 1539 rat,
1008 1502 1223 1535 ἆναπτύσσει.’
1264 1503 1334 1534 Sed
1361 1503 1482 1534 melius
1506 1501 1619 1533 infra:

920 1556 930 1571 ⁶
945 1554 1100 1593 Dicorat‚
1129 1552 1345 1592 mammam!
1390 1553 1506 1593 Lege:
1542 1552 1620 1583 Dic-

920 1608 1021 1635 norat.
1035 1604 1109 1636 Jos.
1125 1604 1212 1634 Scal.

964 1653 1165 1692 Dignorant]
1188 1652 1302 1682 Gloss.
1327 1650 1521 1688 ‘dicnorat‚
1547 1649 1621 1680 ἀνα·

918 1701 1086 1742 γινώσκει,’
1104 1702 1137 1732 id
1152 1707 1217 1742 est,
1229 1701 1351 1741 signat.
1396 1700 1484 1731 Nam
1501 1699 1621 1738 digno-

920 1761 995 1782 rare
1011 1756 1076 1791 est,
1090 1751 1233 1792 signare,
1244 1755 1341 1782 notas
1358 1750 1504 1781 inurere.
1521 1750 1621 1789 Virg.

920 1807 929 1820 ‘
948 1803 994 1834 Et
1030 1802 1163 1833 nomina
1200 1801 1312 1842 gentis
1350 1799 1487 1831 inurat?
1529 1800 1623 1830 Nota

922 1852 1033 1883 inusta
1049 1850 1366 1883 dicta‘cbaracter'
1381 1849 1549 1882 Columel.
1560 1849 1621 1880 lib.

923 1912 976 1934 xr.
993 1913 1069 1944 cap.
1085 1905 1117 1935 2.
1141 1907 1150 1921 ‘
1167 1902 1244 1934 Nec
1259 1902 1370 1932 minus
1392 1900 1520 1941 majora
1541 1909 1622 1940 qua-

921 1954 1087 1995 drupedia
1097 1953 1308 1985 ‘charactere
1317 1951 1326 1966 '
1336 1951 1460 1992 signari
1471 1949 1624 1981 debent!

923 2005 999 2037 Quo
1012 2005 1089 2035 loco
1105 2002 1192 2035 forte
1208 2012 1251 2034 an
1268 2002 1434 2042 deceptus
1450 1999 1572 2040 scalig.
1588 2000 1623 2030 in

923 2053 1151 2095 conjectaneis
1189 2052 1321 2083 notavit
1361 2051 1623 2081 instrumentum

923 2113 989 2145 quo
1005 2108 1170 2144 perurunt
1186 2103 1253 2134 dici
1269 2102 1429 2133 character
1448 2100 1497 2131 rei
1523 2099 1624 2130 rusti-

923 2163 971 2185 cae
986 2154 1195 2192 auctoribus,
1211 2152 1303 2194 quod
1319 2150 1438 2182 falsum
1454 2153 1527 2180 est:
1545 2158 1622 2180 nam

925 2204 967 2235 de
997 2207 1079 2235 nota
1109 2203 1274 2244 impressa
1299 2202 1458 2233 character
1488 2209 1623 2240 semper

923 2253 1105 2293 dicitur‚ut
1117 2257 1152 2284 et
1167 2253 1325 2284 Graecum
1335 2248 1498 2290 χαρακτὴρ
1509 2254 1544 2281 et
1560 2248 1623 2288 χά-

921 2314 1037 2344 ραγμα.
1056 2304 1138 2335 Dae.

964 2359 980 2381 ‘1
1003 2352 1185 2391 Dilaniare]
1208 2350 1239 2382 A
1251 2351 1341 2390 lana,
1356 2349 1445 2391 quod
1462 2359 1482 2380 a
1498 2348 1623 2381 Graeco

921 2405 1015 2435 λᾶνος
1043 2403 1167 2434 Dorice
1193 2410 1254 2441 pro
1275 2401 1381 2439 λῆνος,
1403 2400 1492 2432 lana.
1536 2399 1621 2430 Inde

920 2457 933 2470 ‘
950 2452 1096 2485 laniare'
1112 2456 1148 2483 et
1163 2456 1171 2469 ‘
1189 2450 1336 2491 lanista‚’
1352 2454 1389 2481 ut
1412 2449 1502 2491 apud
1519 2450 1624 2481 Vete-

924 2513 979 2535 res
1004 2502 1182 2534 dicebatur
1201 2501 1245 2541 is,
1261 2501 1317 2542 qui
1339 2501 1447 2532 lanam
1472 2500 1622 2538 carebat,

923 2553 985 2583 boc
1001 2556 1066 2592 est,
1080 2551 1303 2587 carminabat,
1329 2549 1516 2591 carpebat;
1543 2550 1621 2581 inde

927 2602 937 2619 ‘
953 2600 1081 2632 lanius’
1106 2606 1141 2633 et
1163 2603 1173 2620 ⁴
1192 2601 1323 2633 laniena
1337 2600 1358 2631 ε’
1382 2601 1439 2632 sic·
1458 2600 1545 2632 enim
1576 2601 1621 2630 le-

926 2651 1073 2692 gendum
1101 2651 1136 2684 in
1157 2651 1267 2684 verbis
1292 2651 1382 2684 Festi
1409 2660 1470 2693 pro
1497 2651 1622 2682 lacinia.

926 2701 1032 2733 Idem.
