1835 2906
371 140 435 171 DE
467 140 742 172 VERBORUM
776 139 1194 173 SIGNIFICATIONE
1230 145 1326 175 121ss.
1360 146 1475 178 X111.

183 234 422 288 Obstitum,
445 238 686 291 obliquum.

1554 137 1639 179 513

1456 241 1636 294 [PAUL.

179 304 416 355 Obstitum,
438 306 700 359 obliquum.‘¹
742 305 910 346 Ennius
931 305 1010 346 lib,
1034 306 1225 347 XV111.¹⁶
1265 307 1432 351 Monti—
1468 311 1637 364 [FEST.

235 373 320 413 bus
337 373 524 422 obstitis,
542 373 834 419 obstantibus,
852 373 966 414 unde
982 373 1116 414 oritur
1131 387 1241 416 nox:
1264 380 1306 417 et
1322 377 1432 418 libro
1451 383 1638 420 octavo:

236 440 427 493 amplius
459 453 518 481 ex
551 454 709 494 augere
727 446 758 472 ¹⁷
794 441 1122 494 obstipolumve
1140 442 1171 465 ¹8
1210 444 1320 485 solis
1355 444 1404 487 C.
1443 446 1641 488 Licinius

237 507 419 548 Imbrex
437 513 518 549 :19‘
546 509 751 562 resupina
772 509 936 550 obstito
962 510 1160 563 capitulo
1182 512 1269 552 sibi
1290 517 1473 554 ventum
1494 514 1641 556 tacere

237 576 457 617 cunicula.
495 576 724 618 Lucretius
743 591 753 617 :
775 577 937 618 Omnia
954 578 1163 620 mendose
1183 578 1296 631 fieri,
1320 585 1454 635 atque
1479 583 1642 624 obstita

234 656 415 685 necesse
439 648 518 686 est.

180 710 485 761 Obstrudant,s
519 711 841 762 obsatulient,20
878 714 934 754 ab
969 713 1097 754 avide
1120 715 1337 757 trudendo
1357 718 1520 770 gulam,
1549 731 1641 759 non

234 780 444 821 sumendo
465 780 627 830 cibum,
647 781 761 822 unde
778 785 821 822 et
841 781 1223 825 obstrudulentum
1240 783 1250 805 t
1285 784 1401 827 dixit
1421 785 1610 828 Titinius
1631 801 1640 828 z

794 898 1013 912 “I“'J‘COO
1020 900 1038 911 Ι

226 969 265 997 16
287 966 368 997 Vet.
384 965 443 996 lib.
459 966 561 998 habet
578 967 765 999 XVI.-17
791 966 855 998 Ed.
872 967 963 998 Scal.
980 977 1019 998 ex
1034 973 1252 1008 augure.—18
1277 971 1352 1003 Vir.
1370 972 1459 1007 doct.
1477 974 1511 1005 in
1527 983 1641 1016 marg.

182 1009 333 1050 ejusdem
351 1009 404 1040 ed.
423 1010 564 1050 conjicit
580 1010 768 1042 obstitumve
794 1010 1131 1051 obstipolumine.—-l9
1154 1014 1236 1047 Vet.
1264 1014 1323 1047 lib.
1343 1016 1490 1048 Caecilius
1512 1017 1545 1048 in
1574 1018 1639 1049 Im-

180 1052 349 1084 bres.—20
372 1051 437 1084 Ed.
454 1053 545 1084 Scal.
561 1054 746 1086 obsatulent.

836 1152 981 1184 NOTAE

223 1232 238 1253 ιι
267 1225 438 1266 obstitum,
460 1225 631 1267 obliquum]
656 1226 783 1258 Paulus
809 1226 885 1258 Me-

181 1276 301 1307 rulain
318 1277 406 1307 notis
430 1276 499 1307 suis
526 1277 568 1308 ad
600 1278 744 1308 Ennium
771 1277 884 1318 legen-

179 1327 258 1357 dum
290 1327 472 1358 contendit
492 1328 659 1368 obstipum.
715 1329 883 1360 Frustra:

179 1387 256 1408 nam
285 1377 375 1408 aliud
407 1378 564 1415 obstitum,
596 1379 687 1410 aliud
719 1380 883 1420 obstipum.

183 1427 354 1469 0bstitum,
385 1429 556 1470 obliquum
595 1430 638 1461 ab
675 1430 883 1465 obsistendo,

180 1479 271 1510 unde
288 1479 419 1511 obstitus
434 1480 522 1511 lunae
535 1490 652 1511 cursus
665 1481 801 1512 dicitur.
821 1481 884 1512 Ob-

179 1530 294 1570 stipum
326 1540 404 1561 vero
432 1531 579 1571 σκληρὸν,
608 1531 742 1571 durum,
768 1532 885 1563 immo-

181 1585 267 1621 tuin,
292 1585 326 1611 et
349 1581 506 1621 rigidum.
551 1581 582 1612 A
607 1582 730 1613 Graeco
754 1582 884 1622 στυφός.

182 1631 337 1672 Hesych.
354 1632 486 1672 στυφὸν,
502 1632 690 1673 στερέμνιον,
703 1634 793 1673 βαρύ.
810 1639 819 1652 ‘
831 1634 885 1665 fir-

181 1691 284 1720 mum,
302 1682 373 1713 sive
392 1683 523 1723 durum,
537 1685 666 1725 grave.'
709 1686 794 1717 Inde
810 1696 885 1716 στυ-

182 1731 290 1772 φελὸς,
309 1737 343 1763 et
362 1733 517 1765 Latinum
534 1735 645 1775 stipas,
661 1736 795 1776 obstipa
813 1746 886 1768 eer-

181 1783 251 1817 vix,
275 1783 396 1823 rigida,
424 1790 459 1815 et
487 1784 625 1825 obstipo
648 1787 760 1826 capite
786 1793 886 1825 σκλη-

182 1832 312 1873 ραύχην.
357 1833 452 1864 Infra
469 1835 594 1865 citatur
611 1837 710 1867 Ennii
728 1837 812 1868 liber
831 1848 887 1869 oc-

182 1890 278 1914 tavus
292 1884 348 1924 qni
360 1888 471 1915 tamen
489 1890 541 1915 est
553 1887 726 1926 septimus.
752 1888 886 1928 Nempe

184 1945 246 1975 pro
258 1935 336 1967 VII.
348 1935 490 1975 positum
500 1936 600 1968 VIII.
618 1937 699 1977 Ipsa
709 1939 809 1969 verba
819 1940 885 1970 En-

182 1987 228 2017 nii
247 1987 295 2017 sic
310 1987 473 2026 legenda:
498 1987 644 2028 Amplius
658 1999 813 2029 exaugere
835 1990 887 2021 ob-

180 2037 257 2067 stito
273 2037 387 2067 lumine
402 2038 483 2068 solis.
530 2039 582 2069 De
606 2039 727 2070 Attilio
754 2041 886 2082 Regulo

182 2097 282 2128 quem
306 2088 404 2118 Poeni
421 2089 564 2119 resectis
582 2090 755 2130 palpebris
771 2092 818 2122 ita
836 2102 888 2124 so-

183 2139 205 2170 li
222 2139 412 2180 expositum
430 2140 597 2176 locavere,
622 2146 660 2172 ut
679 2142 790 2173 lumen
807 2144 888 2174 solis

184 2190 329 2222 haberet
354 2190 531 2226 obstitum,
553 2191 588 2222 id
612 2196 676 2229 est,
704 2194 890 2236 obliquum,

185 2251 252 2282 quo
278 2241 377 2272 valde
399 2241 538 2273 fuerunt
559 2242 633 2283 ejus
647 2245 736 2275 oculi
753 2245 889 2277 exancti

184 2297 219 2322 et
237 2291 444 2323 discruciati.
467 2291 566 2323 Idem.

228 2347 240 2362 Γ
259 2344 296 2373 C.
312 2342 454 2373 Licinius
463 2342 606 2383 Imbrex]
625 2344 706 2384 Ejus
721 2344 826 2376 verba
840 2346 887 2377 sic

185 2392 390 2424 emendabat
402 2393 488 2423 idem
502 2394 655 2424 Merula:
670 2396 829 2436 Resupina
840 2397 891 2427 ob-

184 2444 296 2475 stitum
312 2447 415 2484 caput,
429 2445 494 2474 culo
510 2445 538 2474 si
562 2445 609 2475 vis
631 2449 754 2476 ventum
767 2445 887 2488 fucere,

181 2494 336 2534 genicula.
390 2493 472 2532 Alii,
506 2494 673 2534 Resupinae
696 2496 809 2527 obstito
837 2507 888 2528 ca-

182 2546 281 2586 pitulo
294 2545 355 2576 sibi
367 2548 490 2576 ventum
500 2545 607 2583 fecere
618 2546 775 2579 caniculae.
819 2548 887 2578 Sed

186 2596 322 2627 omnino
346 2595 489 2626 melius:
515 2596 683 2637 Resupinoe
705 2599 817 2630 obstito
838 2609 887 2630 ca-

182 2648 282 2687 pitulo
295 2648 353 2678 sibi
364 2648 597 2685 ventumfucere
610 2649 758 2680 tunicula.
773 2651 782 2668 ‘
797 2652 827 2681 V
831 2661 887 2682 en-

189 2704 257 2729 tum
276 2698 413 2733 facere,’
436 2697 571 2737 ῥιπίζειν.
596 2699 709 2731 Plaut.
743 2703 751 2718 ‘
769 2702 887 2733 Facite

276 2752 391 2790 Delyilz.
414 2756 446 2782 et
467 2754 546 2785 Var-
575 2753 662 2784 Clu».

817 2756 927 2797 Pomp.
949 2757 1030 2789 Fesl.

940 1231 1092 1269 ventum,
1111 1233 1150 1260 ut
1170 1230 1358 1270 gaudeam!
1402 1233 1502 1266 Quod
1519 1236 1644 1276 saepius

939 1277 1112 1319 dicebant,
1130 1280 1139 1296 ‘
1154 1281 1327 1312 ventulum
1343 1281 1484 1315 facere.’
1506 1285 1645 1318 Terent.

939 1328 1093 1361 Eunucb.
1111 1335 1120 1349 ‘
1135 1330 1229 1372 Cape
1244 1332 1308 1364 hoc
1318 1332 1504 1375 flabellum,
1519 1341 1554 1368 et
1566 1347 1644 1369 ven·

938 1380 1045 1411 tulum
1062 1381 1139 1413 huic
1155 1382 1203 1414 sic
1219 1381 1351 1415 facito.’
1373 1385 1470 1417 Idem.

980 1435 991 1450 ⁵
1017 1432 1228 1474 Obstrudant]
1254 1435 1345 1475 Lege
1358 1436 1390 1466 in
1404 1437 1553 1471 Titinio:
1580 1440 1644 1471 Ob-

936 1483 1044 1512 strude
1068 1483 1161 1514 lentis
1189 1485 1322 1525 aliquid,
1342 1488 1441 1526 quoad
1462 1492 1584 1527 pectam
1599 1500 1646 1521 se-

937 1533 1024 1570 dens,
1034 1533 1099 1564 Aut
1111 1534 1162 1565 hz'c
1176 1536 1326 1576 loetaster,
1342 1541 1396 1568 aut
1403 1538 1646 1578 formasterfrz'-

935 1582 1040 1621 gidus.
1092 1585 1102 1602 ⁴
1125 1585 1318 1622 Laetaster,’
1364 1588 1645 1630 χαριεντιζόμενος.

937 1634 945 1649 ‘
962 1632 1170 1676 formaster,’
1193 1635 1406 1676 ὧραῒζόμενος.
1437 1641 1544 1681 Lenti,
1561 1652 1647 1673 nias-

937 1684 1063 1720 culino,
1096 1685 1262 1725 ἆρχαῖκῶς.
1318 1690 1484 1721 Titinius:
1519 1693 1528 1709 ‘
1542 1693 1646 1724 Lenti

939 1734 1063 1774 calido,
1079 1736 1213 1778 cluella,
1232 1739 1364 1779 rapula,
1386 1741 1553 1775 rumices!
1575 1745 1646 1776 Jos.

938 1784 1021 1817 θεαί.

986 1836 1209 1877 Obstrudant]
1224 1838 1434 1880 Obsatulient,
1448 1841 1648 1882 obwtullent,

939 1887 1120 1918 obtrudant.
1151 1888 1311 1921 Insertos
1321 1892 1514 1926 abstrudunt.
1528 1895 1645 1927 Plaut.

941 1938 1078 1969 Curcul.
1105 1947 1144 1969 11.
1170 1942 1200 1970 3.
1224 1939 1363 1982 ‘Atque
1395 1943 1521 1984 aliquid
1552 1946 1646 1985 prius

941 1988 1176 2030 obtrudamus,
1206 2001 1355 2032 pernam,
1391 2003 1522 2034 sumen,
1552 1997 1646 2036 glau-

940 2037 1056 2070 dium!
1078 2039 1159 2071 Duc.

981 2090 992 2111 t
1008 2091 1099 2121 Unde
1113 2091 1393 2133 obstrudulentum]
1410 2094 1529 2126 Titinii
1544 2097 1648 2127 verba

938 2142 987 2174 sic
1013 2142 1153 2183 legebat
1174 2143 1348 2185 Scaliger:
1377 2146 1534 2178 Obstrude
1554 2147 1648 2179 lentis

939 2193 1071 2234 aliquid,
1098 2196 1199 2234 quoad
1223 2199 1344 2234 pectam
1367 2198 1485 2236 sedens,
1508 2198 1575 2230 Aut
1597 2199 1647 2230 hic

941 2245 1095 2285 laetaster‚
1117 2249 1173 2276 aut
1190 2247 1363 2284 formaster
1380 2248 1534 2288 frigidus.
1582 2250 1648 2281 Ob-

941 2297 1132 2327 strudulentz'
1145 2302 1257 2327 tamen
1274 2298 1307 2329 in
1325 2298 1478 2330 omnibus
1492 2300 1593 2332 codd.
1611 2306 1648 2332 et

942 2345 991 2376 ita
1024 2347 1160 2377 omnino
1188 2348 1385 2389 legendum,
1409 2349 1648 2383 Obstrudulenti

941 2397 1059 2437 aliquid
1081 2400 1160 2438 quod
1180 2400 1340 2440 adpectam
1364 2402 1482 2432 sedens.
1527 2401 1649 2443 Adpee-

943 2451 1008 2478 tere
1034 2448 1122 2480 dixit
1143 2450 1290 2481 Titinius
1316 2451 1404 2492 quod
1436 2452 1578 2484 Plautus
1594 2464 1647 2494 op-

940 2502 1080 2538 peciere:
1105 2499 1214 2532 ‘Nam
1243 2502 1346 2533 nimio
1370 2503 1490 2534 melius
1519 2514 1645 2545 oppec-

945 2554 1062 2581 tuntur
1078 2549 1225 2592 frigida.'
1268 2554 1277 2570 ⁴
1292 2554 1460 2585 Laetaster
1477 2553 1486 2567 '
1510 2561 1561 2585 est
1585 2567 1646 2595 χα-

943 2599 1188 2641 ριεντιζόμενοςς
1218 2607 1226 2620 ‘
1245 2603 1449 2646 forniaster‚'
1479 2605 1646 2646 ὡραϊζόμε-

942 2662 1004 2682 νος.
1022 2653 1120 2685 Idem.

1481 2765 1555 2794 21<
