1835 2906
328 162 389 191 DE
424 158 652 190 VERBORU
663 158 695 187 M

729 154 1139 187 SlGNlFlCATIONE
1173 154 1266 183 LlB.
1302 155 1365 183 IV.

1482 142 1565 183 213

183 269 365 310 magna:
396 267 497 296 nam
517 260 562 295 et
581 266 711 294 ovum
731 251 946 292 decimum
975 249 1120 302 majus
1151 249 1358 298 nascitur,
1395 252 1438 289 et
1457 247 1565 287 fluc-

183 331 253 366 tus
276 324 471 364 decimus
491 320 581 362 fieri
602 320 821 361 maximus
844 317 1016 358 dicitur.

130 392 439 432 Decumanus²
474 388 722 442 appellatur
751 386 891 435 limes,
913 385 988 438 qui
1010 383 1059 424 fit
1085 384 1140 425 ab
1164 386 1259 423 ortu
1281 381 1396 423 Solis
1416 382 1472 423 ad
1491 394 1566 422 oc-

183 471 350 499 casum.
410 456 535 498 Alter
557 469 615 498 ex
631 460 875 498 transverso
891 465 1066 495 currens
1088 450 1335 505 appellatur
1353 449 1508 491 Cardo.

127 526 341 575 Decures,
365 525 636 566 decuriones.

125 594 428 635 Decuriones³
449 592 734 646 appellantur,
755 591 832 645 qui
854 589 978 631 denis
1002 588 1222 642 equitibus
1244 592 1454 641 praesunt.

126 661 292 703 Dedita
305 661 320 684 b
341 661 592 712 intelligitur
610 658 738 700 valde
761 658 879 699 data.

125 728 503 778 Defomitatum,40
521 741 548 768 a
560 727 786 769 fomitibus
806 726 1042 775 succisum,
1061 725 1220 779 quibus
1236 721 1457 764 confoveri
1475 723 1567 761 erat

181 796 370 837 solitum.

124 861 420 912 Defrensam,d
441 862 657 913 detritam,
679 865 812 916 atque
834 861 1079 903 detonsam.

123 930 308 972 Defruie
331 930 536 971 dicebant
557 930 738 983 antiqui,
759 934 808 971 ut
828 930 1044 980 deamare,
1066 928 1288 982 deperire:
1319 923 1564 979 significan-

179 1003 244 1039 tes
265 1011 436 1039 omnem
455 997 646 1039 fructum
663 998 907 1051 percipere.

125 1065 296 1118 Degere
321 1071 335 1095 ⁵
351 1062 364 1086 f
391 1065 556 1119 antiqui
577 1068 819 1118 posuerunt
839 1078 918 1120 pro
937 1070 1190 1118 expectare.

123 1131 382 1185 Degunere,⁶
395 1138 410 1161 g
433 1131 679 1185 degustare.

719 1214 963 1229 “Meeaeuaeeo

163 1278 183 1305 4
210 1274 261 1306 Al.
281 1274 606 1314 Desormz'calum.—5
632 1273 733 1305 Malit
751 1274 833 1304 Dae.
851 1272 965 1312 legere
982 1270 1214 1309 Degerere.—-6
1238 1268 1383 1302 Quidam
1407 1268 1482 1300 libri
1501 1268 1566 1298 De-

120 1327 260 1357 gumare.

768 1390 912 1423 NOTAE

122 1458 351 1499 supereminet
378 1467 504 1498 omnes,
525 1456 700 1488 Posterior
727 1465 815 1487 nono

121 1513 186 1548 est,
210 1509 455 1550 undecimoque
483 1508 596 1549 prior.’
643 1509 731 1539 Nam
756 1516 817 1548 per

120 1561 351 1600 metaphoram
371 1562 537 1591 decumana
554 1568 592 1590 ea
616 1559 776 1590 dicuntur
799 1568 818 1588 a

121 1619 158 1641 re
175 1611 306 1650 agraria
321 1611 464 1650 scilicet,
476 1610 640 1641 maximus
666 1610 754 1640 enim
778 1608 816 1638 li-

120 1670 191 1691 mes
208 1661 240 1691 in
259 1662 345 1700 agris
371 1662 529 1693 Romanis
553 1662 736 1692 decumanus
760 1668 815 1689 vo-

121 1715 231 1742 catur.
256 1712 353 1742 Idem.

164 1767 175 1781 2
199 1761 411 1802 Decumanns]
426 1761 465 1792 In
483 1761 571 1802 agris
588 1760 744 1791 Romanis
760 1759 817 1790 de-

121 1821 280 1842 cumanus
308 1812 417 1850 limes,
441 1812 496 1852 qui
528 1811 570 1842 ab
601 1811 744 1841 Oriente
775 1809 816 1840 ad

122 1862 361 1893 Occidentem.
414 1863 515 1892 Cardo
541 1861 597 1902 qui
628 1871 646 1891 a
672 1859 818 1891 Meridie

121 1912 163 1942 ad
179 1912 464 1952 Septemtriouem
477 1911 644 1951 dirigitur,
657 1910 712 1941 ubi
724 1919 817 1941 mun-

121 1963 155 1994 di
172 1962 341 1994 cardines.
366 1963 463 1994 Idem.

162 2018 177 2034 a
201 2012 407 2052 Decuriones]
432 2013 543 2044 Gloss.
567 2011 751 2050 ‘Det-urio,
769 2011 817 2041 δε-

119 2063 300 2105 κιιιδιιὶρχης.1
315 2065 324 2081 ‘
334 2065 592 2104 Decurionatus,
606 2061 816 2103 δεκαδαρχία.’

120 2116 219 2147 Idem.

162 2165 175 2185 b
191 2165 326 2206 Dedila]
344 2165 452 2197 Valde
470 2165 562 2206 data,
578 2164 613 2195 id
629 2168 692 2199 est,
710 2163 814 2194 omni·

120 2226 175 2257 no,
191 2217 224 2247 in
239 2221 439 2257 perpetuum
456 2216 546 2251 data,
572 2215 620 2246 ita
636 2221 673 2246 ut
695 2225 734 2246 ea
757 2224 814 2245 ue-

121 2276 224 2306 queas
249 2273 419 2307 repetere.
463 2266 519 2297 Sic
546 2270 643 2296 vetus
669 2265 821 2296 Terentii

121 2318 311 2356 interpres:
335 2322 343 2334 ‘
360 2318 454 2347 Dare
483 2322 538 2347 est
554 2316 645 2356 quod
662 2322 820 2356 repetas:

122 2366 262 2398 Dedere
282 2370 334 2396 est
362 2366 403 2396 ad
431 2372 647 2406 perpetuum.
692 2366 819 2397 Damus

122 2417 250 2455 amicis,
265 2416 417 2447 dedimus
433 2416 609 2446 hostibus.’
633 2417 731 2447 Idem.

164 2473 177 2488 0
202 2465 449 2505 Defomitatum]
498 2465 598 2498 Quod
627 2466 670 2496 de
699 2465 817 2496 fomite

121 2519 315 2550 excutitur:
346 2523 399 2548 est
415 2521 529 2548 autem
545 2515 652 2547 fomes
675 2515 819 2546 materia

122 2568 217 2599 arida
246 2567 288 2599 ad
314 2566 556 2607 ignescentium
586 2570 676 2606 apta.
721 2565 816 2606 Virg.

121 2622 129 2635 ‘
155 2618 351 2658 Rapuitque
390 2617 423 2647 in
460 2615 578 2646 fomite
614 2614 793 2646 flammam.
809 2616 819 2631 ’

122 2669 233 2699 fomes
246 2678 264 2698 a
277 2668 384 2707 foveo,
396 2666 483 2709 quod
500 2665 619 2698 fomite
640 2665 750 2698 foveri
767 2675 817 2697 so-

123 2720 245 2751 lerent.
270 2719 369 2750 Idem.

913 1454 927 1474 ‘¹
950 1452 1155 1492 Defrensam]
1200 1452 1430 1484 Glossarium:
1476 1452 1567 1483 ‘De-

871 1504 996 1544 frensa,
1012 1503 1122 1544 ἄρουρα
1137 1504 1331 1543 θερισθεῖσα.’
1380 1504 1389 1520 ‘
1407 1501 1567 1541 DefrenS,

874 1556 995 1596 ἄρουρα,
1011 1554 1174 1595 &epto-pacis!
1197 1555 1268 1586 Jos.
1285 1553 1368 1584 Scal.

916 1606 1118 1645 Defrensum]
1145 1603 1301 1643 Defrens,
1320 1603 1374 1634 vel
1398 1601 1568 1640 destensa,

872 1657 1010 1698 proprie
1038 1661 1090 1686 est
1121 1664 1214 1694 seges
1243 1654 1408 1685 demessa.
1456 1652 1568 1683 Gloss.

871 1710 879 1723 ‘
898 1705 1082 1744 Desteusa,
1108 1704 1218 1744 ἄρουρα
1241 1702 1436 1744 θερισθεῖσα.’
1480 1701 1567 1732 Inde

871 1766 934 1797 per
957 1755 1193 1795 metaphoram
1208 1753 1367 1785 defi-ensa
1382 1753 1487 1784 vestis
1502 1751 1568 1782 dici

872 1807 986 1847 potuit
1026 1806 1130 1836 vestis
1178 1805 1304 1836 detrita
1341 1809 1377 1835 et
1414 1804 1568 1842 detonsa,

872 1857 954 1888 Duc.

914 1912 928 1929 θ
950 1905 1082 1946 Dffrui]
1105 1906 1194 1937 Vide
1208 1906 1217 1923 ⁶
1235 1903 1396 1936 deactio.'
1423 1904 1517 1935 Idem.

915 1957 926 1978 f
946 1957 1086 1997 Degere]
1119 1956 1237 1988 Malim
1269 1957 1384 1996 legere
1413 1955 1569 1994 degerere,

872 2013 910 2039 ut
921 2008 954 2039 in
967 2018 1072 2048 marg.
1086 2016 1276 2049 quanquam
1293 2012 1470 2046 utrumque
1487 2004 1569 2035 mihi

873 2068 969 2101 aeque
984 2059 1136 2100 ignotum
1154 2063 1217 2088 est.
1248 2056 1323 2087 Nisi
1334 2057 1477 2094 degerere
1488 2063 1570 2094 ope-

871 2110 916 2140 ris
933 2108 1158 2149 privationem
1175 2105 1342 2147 significet
1360 2115 1379 2135 a
1404 2105 1440 2135 de
1456 2105 1569 2144 priva-

870 2161 952 2200 tivo,
964 2164 1002 2190 ut
1022 2159 1145 2190 denascz·
1163 2167 1223 2199 pro
1236 2156 1334 2194 mori,
1351 2155 1398 2185 sic
1413 2155 1570 2193 degerere,

870 2212 953 2242 nihil
969 2221 1085 2252 agere,
1110 2216 1146 2241 et
1172 2209 1230 2250 qui
1255 2207 1337 2238 nihil
1367 2211 1472 2246 agunt
1488 2214 1569 2246 quo-

876 2262 1055 2293 dammodo
1080 2260 1239 2292 videntur
1267 2262 1462 2298 expectare.
1509 2256 1569 2287 Ni-

873 2312 919 2342 hil
953 2311 1042 2342 aliud
1079 2308 1259 2347 succurrit,
1294 2316 1384 2337 nunc
1421 2305 1568 2347 quidem.

874 2364 972 2394 Idem.

917 2418 930 2439 ἐ
971 2409 1153 2450 Degzmere]
1184 2410 1344 2440 Fortasse
1374 2408 1569 2447 Degumare.

873 2462 972 2496 Quod
987 2463 1019 2493 in
1033 2460 1270 2501 Conjectaneis
1286 2459 1484 2491 monuimus.
1499 2459 1570 2489 JOS.

873 2515 958 2545 Scal.

916 2559 1098 2601 Degunere]
1125 2559 1238 2590 Gloss.
1264 2559 1568 2600 ‘Degunere,‹i⁷ro·

872 2611 1053 2651 γεύσασθαι,
1069 2609 1266 2649 σινγγεῦσοιι.1
1305 2609 1371 2641 Sed
1388 2609 1478 2650 apud
1489 2610 1569 2640 Fes-

872 2669 944 2694 tum
969 2666 1005 2692 et
1033 2662 1066 2691 in
1097 2659 1271 2692 Glossario
1296 2660 1476 2700 legendum
1499 2668 1570 2689 mo-

872 2713 946 2744 nuit
962 2712 1115 2753 Scaliger
1129 2711 1310 2750 Degumare
1338 2710 1407 2741 sive
1430 2710 1568 2749 degumi-
