1835 2906
365 140 426 169 DE
463 139 737 171 VERBORUM
771 140 1183 174 SlchFch'rlONE
1219 146 1313 176 mn.
1346 147 1437 178 xri.
1551 139 1632 181 481

247 234 358 274 libro
381 240 536 288 quarto
558 250 565 273 :
600 235 690 277 Hic
711 237 784 277 ubi
805 236 960 278 nictari
980 244 1199 291 nequeunt
1226 241 1515 297 insistereque
1539 245 1633 286 alis.

247 301 457 343 Caecilius
494 303 538 343 in
561 303 809 357 Hymnide:
841 304 1041 346 Garrulis
1078 307 1301 349 medentes
1332 310 1499 362 jactent
1537 313 1631 353 sine

246 369 458 409 nictentur
477 371 667 422 perticis.
728 371 903 414 Novius
925 373 969 412 in
991 373 1252 424 Macchoco,
1277 376 1399 418 Pone
1422 383 1634 429 actutum,

246 435 416 484 scribit,
437 449 534 477 cum
555 438 596 477 in
618 451 752 479 nervo
775 439 998 480 nictabere
1012 454 1022 481 t
1037 446 1056 471 4
1086 441 1197 481 unde
1229 443 1408 495 quidam
1428 446 1632 488 nictatio-

245 514 353 551 nem,
370 502 549 555 quidam
569 503 751 554 nictum,
768 508 815 545 ut
829 505 1040 547 Caecilius
1063 508 1106 547 in
1124 509 1269 562 pugile
1290 515 1329 551 :⁵
1348 516 1363 532 ⁰
1392 512 1506 552 Tum
1526 515 1633 555 inter

244 569 514 610 laudandum
544 570 655 611 hunc
685 571 888 612 timidum
920 575 1115 614 tremulis
1146 577 1368 629 palpebris
1401 579 1634 621 Percutere

246 637 393 686 nictu3
425 636 495 678 hic
529 637 716 689 gaudere
738 643 783 678 et
802 639 1012 680 mirarier.
1074 641 1216 683 Nictit
1243 644 1365 684 canis
1386 644 1429 684 in
1450 645 1634 687 odoran-

245 702 312 743 dis
334 703 520 744 ferarum
551 705 748 757 vestigiis
770 705 926 747 leviter
956 709 1182 760 ganniens,
1207 714 1254 752 ut
1276 712 1436 752 Ennius
1457 712 1501 752 in
1521 713 1633 756 libro

247 780 298 809 Χ.
322 770 457 811 veluti
485 771 702 824 siquando
728 772 913 814 vinculis
936 775 1141 816 venatica
1162 777 1396 818 venenox⁶
1427 784 1532 832 apta
1562 793 1629 821 so-

242 836 316 885 let,
341 837 380 877 si
400 837 513 878 forte
534 851 590 878 ex
620 853 722 880 nare
753 842 902 893 sagaci
925 844 1075 893 sensit,
1100 857 1209 886 voce
1232 859 1312 887 sua
1345 847 1506 896 nictit,⁷
1538 848 1634 888 ulu-

243 903 406 957 latque,
429 905 491 946 ibi
514 910 647 947 acuta
668 910 745 947 est.
800 907 930 948 Unde
949 908 963 931 8
997 910 1099 962 ipsa
1120 914 1345 964 gannitio.p

189 969 369 1011 Nictare
387 977 402 1001 ‘¹
432 976 498 1012 est
511 973 737 1014 oculorum
754 978 798 1014 et
815 975 1003 1016 aliorum
1023 980 1312 1021 membrorum
1329 981 1425 1022 nisu
1456 983 1633 1035 [l'AUL.

242 1050 364 1090 saepe
415 1039 581 1092 aliquid
636 1042 819 1082 conari:

869 1043 1056 1084 dicimus
1106 1047 1221 1087 enim
1273 1049 1550 1090 nictationem
1588 1057 1633 1091 et

242 1106 424 1155 nictum,
465 1106 700 1149 Caecilius:
737 1109 866 1150 Hunc
904 1112 1098 1153 tremulis
1139 1115 1365 1167 palpebris
1400 1116 1633 1157 Percutere

242 1173 378 1213 nictu.
440 1173 581 1215 Nictit
611 1176 761 1215 canisr
780 1177 820 1216 in
843 1176 1074 1219 odorandis
1097 1180 1286 1222 ferarum
1308 1184 1503 1235 vestigiis
1523 1184 1634 1224 leni-

244 1244 307 1280 ter
342 1241 565 1291 ganniens.

626 1242 814 1283 Ennius:
863 1244 982 1286 Nare
1022 1249 1172 1299 sagaci
1214 1250 1361 1298 sensit,
1402 1262 1511 1290 voce
1552 1263 1634 1291 sua

242 1305 383 1355 nictit,
406 1306 643 1361 ululatque.
693 1308 819 1350 Unde
842 1315 886 1351 et
905 1313 1117 1363 gannitio.

188 1372 351 1426 Niger⁵
381 1374 497 1426 lapis
520 1375 563 1414 in
587 1377 767 1417 comitio
790 1377 933 1419 locum
955 1380 1175 1422 funestum
1206 1384 1437 1435 significat,
1467 1383 1631 1439 [FEs'r,

781 1497 916 1508 ‘‘‘‘‘‘

921 1498 1017 1509 eeeee

228 1572 247 1599 -1
272 1568 358 1599 Vide
378 1568 497 1598 Notas.
529 1570 607 1599 Vet.
625 1569 682 1601 hb.
699 1572 793 1603 scrib.
819 1573 897 1604 Vet.
915 1574 988 1604 cod.
1006 1575 1130 1615 scribes,
1148 1581 1183 1607 et
1208 1587 1283 1608 mox
1309 1579 1542 1610 manirera—5
1569 1577 1632 1609 Ed.

184 1610 272 1640 Scal.
289 1611 498 1649 pugilem—³6
515 1611 574 1641 Vir
590 1612 682 1642 doct.
701 1613 732 1642 iu
749 1624 855 1654 marg.
869 1617 1021 1655 ejusdem
1039 1619 1092 1649 ed.
1110 1620 1252 1660 conjicit
1269 1624 1438 1653 cenom—7
1462 1620 1540 1651 Vet.
1554 1621 1632 1651 cod.

186 1653 347 1684 niem—8
372 1652 517 1685 Quidam
535 1653 592 1685 lib.
610 1658 640 1685 et
656 1657 742 1686 unde.

782 1658 858 1689 Vel.
876 1659 950 1690 cod.
965 1663 995 1690 et
1010 1661 1089 1691 inde.

836 1775 975 1808 NOTAE

229 1850 242 1863 ἡ
269 1844 411 1875 Caecilius
438 1845 470 1874 z'n
494 1846 614 1886 pugile]
667 1846 746 1887 Ejus
777 1848 883 1880 verba

186 1899 346 1935 corrupta
370 1894 535 1934 suspicor,
563 1901 598 1927 et
623 1895 735 1927 forsan
760 1898 809 1928 ita
834 1900 881 1930 le-

185 1946 314 1986 genda:
342 1947 418 1977 Tum
437 1948 519 1978 inter
534 1950 719 1980 laudandum
732 1951 782 1981 Ιιὶε
797 1951 881 1987 timi-

184 1999 240 2028 dus
267 1998 411 2028 tremulas
431 1999 591 2038 palpebras
609 2004 767 2040 perculere
782 2001 880 2040 nictu,

185 2048 235 2077 hic
258 2048 416 2085 gaudere:
439 2050 572 2088 supplei
597 2051 696 2089 coepit,
722 2051 775 2081 vel
800 2052 881 2082 hunc

185 2099 328 2129 timidum
359 2100 516 2136 tremulus,
549 2102 600 2140 &1:-
626 2101 705 2132 hunc
724 2103 875 2141 gaudere:

185 2150 304 2189 supple
320 2149 435 2180 videas.
458 2149 567 2182 Idem.

229 2204 244 2224 1'
271 2201 359 2231 Unde
374 2200 438 2240 ipsa
451 2201 610 2241 gannitio]
626 2202 665 2233 In
683 2203 836 2234 schedis.
852 2226 882 2236 ..

192 2251 279 2280 Unde
295 2270 457 2281 ........
469 2253 536 2291 ipsa
560 2253 716 2289 gannitio.
769 2255 879 2295 Lege:

186 2301 264 2329 unde
279 2299 407 2330 nictatio
419 2300 486 2339 ipsa
500 2302 654 2338 gannitio.
679 2303 787 2334 Idem.

229 2357 243 2376 ‘l
271 2350 416 2390 Nictare]
465 2352 564 2382 Ennii
599 2362 733 2384 carmen
764 2354 822 2386 lib.
848 2365 883 2386 x.

187 2400 380 2431 mendosum
397 2405 461 2431 est.
484 2401 562 2432 Ant.
574 2402 660 2441 Aug.

230 2453 241 2469 ¹¹
266 2449 369 2480 Nictit
381 2449 482 2490 canis]
508 2450 564 2481 Ob
582 2451 719 2482 odorem
735 2451 882 2485 ferarum

188 2498 323 2529 naribus
345 2498 519 2538 objectum
537 2500 708 2531 oculorum
726 2506 762 2533 et
779 2513 876 2534 mem-

189 2549 324 2580 brorum
339 2549 412 2579 nisu
429 2550 543 2588 gestit.
573 2551 699 2582 Versus
717 2552 817 2583 Ennii
832 2554 880 2586 sic

187 2598 269 2638 legit
287 2598 411 2638 Sealig.
428 2599 459 2627 in
477 2600 702 2640 conjectaneis
728 2602 770 2632 ad
796 2603 879 2634 Var-

191 2658 259 2679 rou.
289 2645 477 2689 Animusque
495 2649 528 2680 in
543 2654 666 2689 pectore
682 2652 789 2688 latrat,
813 2652 880 2683 Vel-

189 2697 246 2736 uei,
263 2698 409 2737 siquando
425 2699 522 2729 vinclo
543 2701 683 2732 venatica
705 2702 779 2733 u'e'no
795 2703 881 2742 ΑρΙα

276 2750 388 2792 Delph.
405 2755 432 2781 ct
453 2752 525 2785 Vur.
542 2754 623 2786 Clas.

806 2757 915 2797 I'omp.
933 2757 1019 2789 Fesl,

935 1854 1009 1882 solet
1026 1854 1315 1893 c‹nzi‚forleferam
1330 1856 1357 1887 si
1377 1866 1415 1888 ex
1438 1866 1512 1887 nare
1526 1858 1633 1896 sagaci

936 1901 1056 1941 Sensit,
1078 1915 1148 1936 voce
1173 1916 1230 1937 sua
1258 1908 1369 1946 ηἰείαἱ,
1392 1907 1548 1946 ululatque
1588 1907 1632 1937 ibi

934 1957 1031 1984 acute.
1054 1955 1161 1995 ‘Apta
1178 1957 1289 1987 vinclo
1306 1956 1416 1995 ae'no‚'
1432 1962 1482 1987 est
1496 1958 1631 1996 juncta,

935 2011 1089 2035 connexa
1106 2005 1225 2037 vinclo.
1271 2007 1351 2036 Cani
1368 2016 1427 2046 pro
1443 2007 1538 2036 canis.
1584 2006 1632 2036 At

934 2052 1093 2085 Gifanius
1119 2055 1271 2095 legebat:
1314 2056 1427 2095 Veluti,
1455 2056 1482 2085 sz'
1511 2056 1633 2093 quando

935 2104 1044 2135 vinclis
1070 2106 1212 2136 venatica
1239 2116 1335 2137 venox
1375 2105 1462 2145 Apta
1488 2105 1574 2141 solet,
1602 2105 1632 2135 si

926 2154 1123 2192 forteferam
1139 2166 1178 2186 ex
1190 2166 1264 2187 nure
1278 2156 1395 2195 sagaci.
1441 2156 1550 2188 Quem
1565 2164 1631 2185 non

935 2213 1067 2245 sequor,
1083 2215 1190 2247 neque
1203 2207 1293 2237 enim
1310 2206 1366 2236 illa
1381 2206 1520 2237 venatica
1534 2215 1630 2237 venox

936 2255 1070 2294 probari
1089 2266 1187 2296 posse
1203 2256 1361 2287 arbitror.
1386 2257 1466 2287 Dae.

977 2310 988 2325 ⁵
1012 2306 1133 2347 Niger]
1175 2306 1328 2337 Historia
1367 2306 1460 2336 nobis
1504 2307 1630 2346 ignota.

936 2354 1015 2386 Ant.
1038 2356 1121 2394 Aug.

982 2405 1101 2446 Niger]
1129 2405 1270 2446 Nigrum
1287 2405 1432 2446 lapidem
1446 2403 1545 2435 morti
1563 2404 1630 2434 Ro-

938 2455 1019 2485 muli
1046 2455 1253 2487 destinatum
1280 2456 1387 2496 primo
1411 2457 1480 2487 ait:
1506 2456 1630 2489 deinde

936 2503 1131 2536 Faustulum
1148 2507 1329 2537 nutricium
1350 2508 1482 2540 Romuli
1503 2510 1629 2543 ibidem

935 2554 1117 2594 sepultum.
1164 2557 1305 2597 Reliqua
1321 2567 1385 2588 non
1407 2561 1628 2601 assequimur.

934 2604 1098 2644 Lapidem
1121 2606 1207 2638 hunc
1244 2606 1358 2638 λίθινον
1382 2608 1494 2641 λέοντα
1532 2617 1630 2643 vocat

936 2654 1119 2694 Dionysius
1175 2657 1475 2697 Halicarnasseus3
1530 2663 1627 2701 cujus

937 2703 1049 2743 verba,
1065 2706 1142 2747 quia
1159 2711 1304 2739 mentem
1322 2708 1414 2740 Festi
1430 2710 1525 2740 nobis
1549 2721 1628 2751 ape-

1464 2768 1483 2795 2
1509 2764 1538 2794 H
