1835 2906
168 116 252 159 5282

224 235 325 272 nus,
342 221 491 275 fuligo,
512 221 670 275 fulgus,
699 221 860 262 fumus.

226 303 360 343 grum,
386 289 674 330 immolabant
692 287 884 329 Averno.

444 127 580 157 FESTI
615 127 678 156 DE
711 126 854 156 VERB.
886 125 1069 156 SIGNIF.
1105 125 1197 155 [ΑΒ.
1225 125 1291 154 VI.

922 220 1117 261 Furvum
1145 220 1337 269 bovem‚²
1366 218 1411 260 id
1441 222 1519 269 est,
1542 221 1603 261 ni-

170 356 369 406 Futare,a
398 368 576 409 arguere
597 359 664 397 est
682 369 692 394 ε
720 356 835 397 unde
856 360 897 397 et
914 354 1153 396 confutare.
1199 353 1286 395 Sed
1302 352 1414 394 Cato
1426 353 1508 394 hoc
1526 365 1604 406 pro

226 425 390 477 saepius
409 424 546 465 fuisse
567 424 732 478 posuit.

170 490 371 533 Futilesb
403 491 620 542 dicuntur,
660 493 737 546 qui
774 492 900 533 silere
940 490 1126 532 tacenda
1162 492 1396 542 nequeunt,
1437 487 1512 529 sed
1552 500 1606 528 ea

224 559 473 601 effundunt:
506 559 571 600 sic
593 564 638 600 et
656 572 765 600 vasa
785 559 930 600 sutilia
949 572 977 600 a
996 556 1221 599 fundendo
1243 560 1412 597 vocata.

815 694 955 726 NOTAE

169 782 303 823 quidem
320 783 440 820 asur-vo
462 787 555 814 reete
574 782 649 813 duci
668 781 784 822 possit,
800 781 860 812 sed

167 833 200 862 in
217 833 351 873 reliquis
368 833 487 863 Festus
511 834 644 872 ineptus
661 837 735 869 est;
763 831 861 862 Furia

167 883 254 912 enim
269 882 405 920 afurere
417 882 542 921 ;suligo
555 883 684 921 asumo,
699 880 796 922 quasi
807 879 861 920 fu-

166 932 295 971 miligo;
312 933 419 963 Funus
437 943 455 963 a
467 932 644 971 fimalihus‚
661 932 730 962 sive
750 930 862 972 potius

167 993 186 1013 a
201 982 306 1022 φόνος.
339 984 456 1014 Fumus
472 983 514 1014 ab
532 983 659 1014 AEolieo
676 981 785 1021 φύμος,
802 991 862 1022 pro

167 1033 270 1073 θυμὸς,
285 1034 376 1073 πνοὴ,
392 1033 459 1074 ἆὴρ.
474 1033 544 1072 δὲέν,
569 1033 716 1073 spiritus.
743 1033 841 1063 Idem.

208 1090 221 1105 ²
245 1086 383 1116 Fun-um
408 1085 526 1125 bovem]
550 1084 622 1115 Diis
651 1082 766 1113 inferis
791 1083 863 1113 hos-

167 1136 215 1167 tia
227 1135 324 1166 furva
339 1135 523 1167 faciebant.
548 1135 642 1175 Virg.
664 1143 713 1164 vl.
730 1133 864 1164 AEneid.

165 1187 175 1202 ‘
189 1186 344 1218 Quatuor
370 1186 423 1216 hic
445 1185 587 1225 primum
605 1185 777 1225 nigrantes
797 1189 864 1214 ter-

166 1245 210 1276 ga
233 1236 399 1275 juvencos
428 1234 638 1266 Constituit.'
689 1235 734 1265 Et
766 1234 864 1274 paulo

166 1291 267 1326 post:
291 1287 300 1302 ‘
319 1285 397 1326 Ipse
425 1285 490 1315 atri
515 1284 650 1314 velleris
675 1293 794 1323 agnam
811 1283 864 1314 ΖΕ-

166 1345 247 1367 neas
257 1336 356 1367 matri
367 1335 591 1366 Eumenidum
604 1344 802 1375 magnaeque
813 1344 863 1365 so-

166 1386 234 1417 rori
249 1386 338 1417 Ense
352 1384 457 1417 ferit.'
480 1385 577 1416 Idem.

209 1442 223 1457 ³
236 1436 370 1477 Facere]
386 1436 557 1468 Isidorus:
575 1440 583 1453 ‘
597 1436 698 1475 Futo,
715 1433 861 1474 ἐλέγχω.’

165 1488 235 1519 Jos.
251 1487 336 1519 Scal.

211 1537 346 1578 Futare]
360 1537 505 1578 Proprie
516 1536 602 1577 futo,
616 1536 704 1577 quod
719 1540 793 1566 erat
805 1546 864 1566 vas

167 1589 355 1630 aquarium,
369 1598 489 1629 aquam
508 1587 700 1618 ferventem
716 1595 865 1625 compes·

166 1649 256 1671 cere.
300 1639 400 1670 Varr.
429 1638 486 1669 lib.
502 1647 549 1668 ιγ.
582 1638 623 1668 de
656 1638 692 1668 L.
707 1638 743 1667 L.
773 1638 781 1653 ‘
796 1637 863 1667 Vas

165 1690 340 1731 aquarium
358 1694 479 1719 vocant
503 1687 626 1726 sutum,
653 1697 718 1728 quo
745 1688 777 1717 in
805 1687 862 1717 tri-

166 1741 267 1772 clinio
297 1740 431 1771 allatam
462 1749 584 1780 aquam
615 1736 864 1768 infundebant!

169 1792 215 1822 Et
231 1790 368 1830 proprie
383 1789 554 1820 Titinnius
571 1790 603 1819 in
620 1788 761 1819 Setina:
780 1788 864 1818 ‘Co-

166 1850 268 1883 quus,
294 1840 437 1871 ahenum
464 1839 597 1880 quaudo
622 1838 734 1876 fervit,
750 1838 864 1878 paulla

168 1890 325 1922 confutat
348 1888 447 1921 trua.'
493 1889 577 1919 Inde
605 1898 665 1929 per
690 1889 863 1928 metapho-

168 1951 238 1971 ram
268 1939 391 1981 futare,
423 1948 576 1979 arguere.
623 1938 735 1969 Gloss.
769 1943 776 1955 ‘
792 1937 864 1969 futo

169 1990 318 2031 ἐλέγχω,’
343 2001 361 2022 a
386 2000 465 2034 quo,
488 1988 678 2030 confutare,
701 1987 862 2020 refutare.

172 2042 268 2073 Idem.

957 780 970 801 ὓ
998 779 1131 819 Futiles]
1156 779 1309 810 Lutatius
1340 775 1606 809 Grammaticus:

916 831 1060 868 ‘Futile‚
1087 840 1144 860 vas
1164 831 1234 861 lato
1250 839 1319 868 ore,
1337 827 1439 858 fundo
1455 831 1611 867 angusto,

918 891 983 922 quo
999 880 1181 912 utebantur
1202 881 1235 911 iu
1253 879 1356 910 sacris
1374 880 1456 910 Deae
1470 879 1584 908 Vestae
1600 887 1608 906 2

917 931 996 972 quia
1022 941 1109 972 aqua
1135 931 1178 961 ad
1204 939 1300 961 sacra
1321 929 1437 959 Vestae
1464 928 1495 958 in
1520 933 1610 958 terra

917 990 981 1012 non
998 981 1146 1022 ponitur.
1191 979 1292 1012 Quod
1310 978 1336 1009 si
1353 977 1426 1018 fiat,
1442 977 1608 1018 piacuium

915 1037 979 1064 est.
1019 1031 1116 1063 Unde
1132 1030 1358 1071 excogitaturi:
1375 1034 1425 1059 est
1444 1025 1611 1067 vas‚qnod

916 1088 1006 1114 stare
1022 1092 1089 1113 non
1104 1086 1234 1122 posset,
1251 1079 1309 1110 sed
1327 1079 1353 1109 si
1370 1078 1531 1119 positum,
1544 1082 1612 1107 sta-

916 1133 976 1164 tim
991 1131 1202 1163 funderetur.
1249 1129 1347 1161 Unde
1364 1134 1399 1160 et
1411 1128 1507 1159 homo
1524 1136 1616 1158 eom-

918 1184 1017 1215 missa
1041 1193 1106 1214 non
1136 1183 1302 1219 retinens,
1324 1179 1444 1211 Futilis
1469 1177 1614 1209 dicitur.'

920 1234 1005 1265 Haec
1021 1233 1077 1264 ille
1096 1238 1192 1263 vetus
1205 1230 1468 1263 Grammaticus.
1493 1228 1540 1260 At
1550 1229 1613 1259 Te-

920 1284 1047 1315 rentius
1064 1285 1097 1314 in
1116 1283 1277 1314 Eunucho
1295 1291 1352 1312 vas
1368 1280 1466 1311 futile
1489 1279 1613 1310 intelli-

919 1335 968 1374 git
983 1334 1116 1373 plenum
1135 1333 1304 1363 rimarum.
1328 1331 1397 1361 Jos.
1409 1329 1491 1361 Scal.

962 1383 1097 1423 Futiles]
1116 1383 1242 1413 Donat.
1260 1380 1350 1412 And.
1368 1385 1435 1411 act.
1449 1388 1504 1410 ιιι.
1522 1388 1569 1409 sc.
1582 1382 1614 1410 5.

919 1433 928 1449 ‘
944 1434 1060 1468 Fumi,
1074 1433 1105 1464 id
1120 1438 1182 1473 est,
1198 1433 1276 1471 levi,
1289 1442 1307 1462 a
1319 1441 1396 1462 vase
1409 1429 1498 1471 quod
1515 1428 1615 1460 futile

920 1483 1056 1522 dicitur,
1076 1483 1164 1524 quod
1190 1492 1254 1513 non
1276 1482 1448 1522 deponunt
1471 1478 1615 1510 ministri

920 1543 1103 1574 sacrorum,
1130 1533 1218 1574 quod
1244 1539 1296 1563 est
1319 1537 1419 1563 acuto
1451 1529 1555 1561 fundo
1582 1534 1616 1559 et

920 1585 1036 1624 patulo
1048 1594 1116 1619 ore,
1130 1583 1404 1624 eoqueinstabue
1419 1581 1494 1613 est.'
1518 1581 1613 1612 Idem

921 1636 1058 1666 I'horm.
1083 1639 1148 1665 act.
1163 1644 1197 1664 v.
1215 1644 1262 1665 sc.
1280 1637 1309 1664 1.
1335 1638 1342 1650 ’
1354 1632 1546 1664 Effutiretis
1563 1638 1616 1662 est

919 1684 1176 1725 eloqueremini,
1190 1683 1414 1722 evacuaretis,
1426 1681 1615 1713 exinanire-

920 1735 975 1774 tis,
988 1735 1030 1766 ab
1047 1745 1100 1774 eo,
1117 1734 1206 1776 quod
1221 1740 1272 1764 est
1287 1732 1473 1765 effundere.
1494 1733 1615 1763 Trans-

919 1787 996 1818 latio
1015 1793 1066 1818 est
1083 1798 1101 1817 a
1128 1796 1207 1818 vase
1235 1785 1325 1817 futili
1356 1787 1499 1820 nomine,
1526 1785 1614 1826 quod

919 1839 1033 1878 patulo
1046 1847 1115 1876 ore,
1132 1837 1236 1867 fundo
1253 1842 1365 1870 acum,
1383 1835 1614 1873 inata1›ile‚ni-

918 1888 963 1918 hil
982 1897 1115 1928 prorsus
1132 1889 1294 1918 continet.
1331 1886 1428 1917 Unde
1447 1885 1553 1916 futilis
1569 1886 1617 1916 di-

920 1939 1007 1969 citur
1029 1937 1209 1979 ejusmodi,
1234 1943 1269 1967 ut
1287 1937 1365 1967 nihil
1384 1937 1472 1967 intra
1488 1946 1522 1966 se
1539 1945 1615 1967 con-

920 1989 1039 2025 tineat,
1058 1993 1091 2020 et
1110 1996 1244 2028 semper
1262 1987 1366 2018 inanis
1381 1987 1446 2017 εἰμ’
1472 1986 1551 2017 Duc.
