1835 2906
232 148 288 189 48
671 160 818 192 εΕΧτι
853 162 1054 191 POMPEH
1093 161 1225 193 FEs'rt

232 255 529 298 Advelitatiov
554 255 740 310 jactatio
762 256 965 310 quaedam
994 257 1220 297 verborum
1253 256 1434 310 figurata
1455 259 1511 299 ab
1533 258 1671 300 hastis

284 325 568 365 velitaribus:
600 324 752 366 velites
771 323 1003 364 dicunturq
1025 323 1222 376 expediti
1243 324 1423 375 milites,
1444 328 1573 378 quasi
1592 338 1672 366 vo-

285 393 398 441 lites,
419 392 464 432 id
487 397 570 442 est,
592 393 806 433 volantes.

230 458 482 500 Adversusr
513 462 587 500 aut
621 459 879 499 contrarium
902 457 1136 510 significat,
1168 464 1247 500 aut
1280 459 1394 500 idem
1417 460 1536 514 quod
1558 473 1672 513 erga.

230 526 413 568 Adulari
428 532 441 556 ⁵
457 533 467 548 ⁵
497 530 563 567 est
584 527 876 579 compositum
896 538 953 565 ex
973 526 1237 576 accedendo,
1260 530 1302 567 et
1322 527 1583 568 adludendo.

231 594 439 645 Adulter,t
466 602 510 636 et
540 595 734 636 adultera
765 594 983 643 dicuntur,
1015 595 1117 647 quia
1147 597 1190 635 et
1221 594 1295 634 ille
1319 594 1374 635 ad
1407 595 1596 646 alteram,
1628 600 1672 635 et

286 661 383 702 haec
406 662 462 703 ad
486 662 666 702 alterum
691 674 739 701 se
762 662 1004 702 conferunt.

229 727 485 770 Adulterina
508 730 633 781 signa
655 729 859 769 dicuntur
878 729 1034 769 alienis
1057 729 1198 770 anulis
1219 729 1347 770 facta.

229 796 486 847 Advocitat,
509 809 630 849 saepe
654 797 861 838 advocat.

231 862 490 913 Advosem‚⁶
505 870 521 886 ⁰
543 865 853 913 adversarium,
874 864 1060 905 hostem.

834 973 948 986 eeeeee

954 973 1067 986 eeeeee

271 1041 288 1068 5
314 1037 390 1068 vid.
409 1037 519 1068 Notas
537 1037 662 1068 tufi—6
684 1038 884 1078 Perperam,
911 1042 1073 1068 censente
1099 1037 1181 1068 Dae.
1210 1037 1345 1078 quidam
1370 1038 1549 1077 legendum
1575 1042 1671 1079 puta-

231 1086 310 1111 runt
326 1080 505 1111 Advortem.

886 1138 1024 1170 NOTAE

272 1207 288 1227 Ρ
304 1202 513 1243 Advelitatz'o]
530 1203 690 1234 Velitatio
707 1207 742 1234 et
760 1201 923 1233 advelita—

232 1254 278 1284 tio
291 1254 399 1284 levior
412 1258 446 1284 et
459 1254 647 1284 umbratilis
662 1253 816 1293 quaedam
830 1253 923 1283 ‹limi-

228 1303 318 1333 catio
335 1313 354 1333 a
366 1303 523 1334 velitibus
536 1304 591 1344 qui
609 1308 706 1333 erant
721 1304 803 1334 levis
817 1312 923 1333 arma·

230 1360 315 1384 turae
332 1354 469 1393 milites,
493 1355 523 1384 in
541 1355 614 1384 acie
634 1354 740 1394 prima
756 1353 923 1390 collocati,

228 1410 265 1435 ut
283 1405 389 1435 levem
415 1415 559 1445 pugnam
585 1405 716 1435 cierent
741 1409 921 1444 antequam

228 1455 337 1486 coiret
359 1456 541 1486 exercitus.
588 1455 674 1486 Inde
697 1455 737 1485 ad
766 1455 872 1495 litigia
889 1459 924 1485 et

224 1504 343 1543 jurgia
361 1503 574 1535 transfertur.
600 1504 756 1535 Plaut.in
774 1505 922 1535 Rudent.

226 1554 235 1568 ‘
251 1553 414 1594 Equidem
441 1563 493 1584 me
511 1554 551 1584 ad
571 1554 801 1584 velitationem
831 1563 924 1584 exer-

229 1613 302 1638 ceo,
316 1604 403 1634 Nam
421 1605 532 1634 onmia
545 1613 685 1634 corusca
697 1613 765 1644 prae
777 1608 922 1635 tremore

228 1653 382 1684 fabulor-¹
408 1654 486 1685 Dae.

285 1702 490 1742 Advelitatio]
522 1704 683 1734 Plautus:
719 1704 728 1721 ‘
741 1704 923 1734 Velitatio-

230 1763 306 1784 nem
324 1754 433 1785 verbis
452 1754 629 1794 compendi
646 1754 718 1785 fieri
737 1754 832 1785 volo.'
856 1755 922 1784 Jos.

229 1802 312 1833 Scal.

271 1859 285 1879 ’ἱ
307 1853 422 1884 Velites
436 1854 598 1893 [licuntur]
628 1853 731 1884 Certe
758 1853 830 1883 liaec
858 1862 923 1882 non

228 1907 305 1933 sunt
333 1904 437 1943 Festi,
466 1903 524 1934 sed
550 1904 684 1934 barbari
706 1903 924 1933 racematoris

227 1953 284 1993 qni
307 1962 371 1984 non
389 1953 537 1984 meminit
555 1953 634 1984 alibi
649 1954 785 1983 Festum
803 1954 923 1983 velites

228 2003 356 2032 velatos
373 2003 510 2033 dixisse.
536 2001 626 2032 Vide
643 2007 652 2020 ¹
664 2001 789 2032 velati.’
814 2002 895 2032 Duc.

270 2056 282 2071 ¹’
295 2052 465 2092 Adversus]
497 2052 680 2090 Adversus,
711 2052 764 2082 vel
800 2052 918 2082 adver-

228 2111 312 2140 sum,
330 2111 405 2142 pro,
420 2102 567 2132 Contra:
591 2101 727 2133 Sallust.
760 2102 921 2142 Jugurtli.

226 2157 235 2170 ‘
250 2152 340 2192 Sylla
357 2151 544 2192 profligatis
569 2151 610 2182 iis
634 2162 716 2192 quos
741 2152 919 2183 adversum

227 2203 326 2242 ierat,
342 2202 475 2233 rediens
489 2202 530 2233 ab
543 2201 648 2232 latere
665 2203 794 2232 Mauris
811 2203 920 2233 incur-

228 2252 296 2283 rit.'
323 2253 405 2292 Pro,
423 2253 536 2293 Erga:
553 2257 604 2291 ut,
617 2257 625 2270 ‘
638 2254 745 2293 pietas
759 2252 921 2284 adversus

228 2301 342 2332 Deos!
366 2302 476 2333 Cicer.
493 2303 630 2334 Terent.
653 2302 744 2333 And.
763 2312 786 2333 ι.
803 2306 832 2334 l.
855 2303 864 2320 ‘
879 2302 920 2333 Id

228 2356 360 2391 gratum
374 2351 474 2383 fuisse
488 2352 664 2383 adversum
677 2359 708 2383 te
725 2353 830 2384 liabeo
847 2362 919 2392 gra-

228 2401 309 2432 tiam
325 2401 345 2431 :'
378 2411 567 2442 quanquam
591 2403 645 2432 hic
671 2404 832 2433 adversum
855 2412 920 2433 non

229 2456 296 2481 tam
313 2461 388 2489 erga
404 2461 501 2491 quam
518 2454 609 2491 apud.
633 2454 723 2484 Dae.

270 2500 437 2540 'Adulari]
454 2500 562 2531 Locus
576 2507 765 2542 suspectus.
790 2502 920 2533 Nonius

228 2560 345 2583 eanum
369 2560 442 2581 esse
468 2552 639 2591 proprium
663 2552 816 2589 affirmat,
832 2553 921 2584 unde

228 2599 288 2631 ἀπὸ
305 2601 361 2636 τῆς
385 2602 474 2639 οὐρᾶς
496 2600 636 2632 fortasse
660 2604 753 2643 origo
778 2604 920 2634 nominis

228 2655 338 2681 tracta
352 2656 417 2689 est,
447 2651 534 2691 quod
553 2661 652 2682 canes
670 2653 863 2684 accedendo
885 2659 920 2684 et

229 2700 422 2732 adludendo
440 2701 549 2733 cauda
571 2706 663 2732 mota
690 2703 917 2736 blandiantur.

978 1201 1055 1231 Ant.
1067 1201 1153 1240 Aug.

1020 1252 1171 1292 Adulari]
1194 1252 1283 1283 Puto
1311 1251 1504 1291 legendum,
1526 1253 1671 1293 Adulari,

977 1307 1022 1333 est
1039 1303 1238 1343 compositum
1260 1311 1300 1332 ex
1322 1303 1375 1340 ad,
1392 1305 1420 1332 el
1445 1303 1585 1333 ludendo.
1632 1304 1672 1334 ln

978 1354 1169 1385 Glossario:
1191 1356 1200 1371 ‘
1214 1355 1301 1385 Adol
1327 1354 1535 1386 αἷνδελέστις.’
1559 1356 1672 1395 Lege:

978 1404 1144 1443 Adolatus,
1160 1403 1344 1435 δελεασθείς.
1377 1404 1417 1434 In
1437 1405 1673 1445 manuscriptis

979 1454 1200 1494 exemplarib.
1223 1455 1348 1494 legitur
1371 1455 1489 1484 «uiolari
1514 1463 1574 1493 pro
1597 1456 1672 1485 adu-

979 1505 1048 1535 lari.
1086 1506 1207 1545 Neque
1232 1511 1359 1535 temere
1384 1505 1415 1534 in
1440 1505 1552 1535 multis
1575 1505 1675 1536 aliter

981 1556 1143 1595 scriptum
1160 1557 1322 1595 reperias.
1343 1557 1412 1586 Jos.
1425 1556 1508 1586 Scal.

1023 1606 1171 1646 Aclulari]
1195 1607 1280 1637 Sane
1296 1615 1361 1636 non
1380 1606 1478 1636 video
1495 1606 1574 1645 qnitl
1593 1606 1674 1636 velit

977 1656 1102 1687 Paulus
1119 1666 1194 1687 cum
1207 1656 1329 1686 adulari
1343 1665 1384 1686 ex
1397 1656 1562 1686 accedendo
1576 1660 1611 1685 et
1621 1657 1676 1685 ad-

977 1707 1105 1737 ludendo
1122 1706 1205 1736 dicit
1231 1715 1305 1735 esse
1329 1705 1564 1744 compositum.
1611 1705 1673 1735 Le-

979 1755 1078 1794 gebat
1106 1756 1258 1795 Scaliger
1273 1755 1396 1785 adulari
1418 1759 1462 1785 est
1478 1755 1674 1794 compositum

978 1814 1017 1834 ex
1029 1806 1069 1834 ad
1085 1808 1113 1834 et
1131 1806 1271 1835 ludendo.
1308 1804 1348 1834 ln
1365 1804 1446 1834 Mss.
1464 1804 1571 1834 Codd.
1589 1804 1672 1843 legi-

981 1860 1035 1886 tur
1049 1856 1168 1885 adolari
1185 1865 1245 1895 pro
1260 1855 1396 1893 adulari,
1418 1864 1529 1894 neque
1547 1859 1674 1885 temere

979 1905 1011 1935 in
1039 1906 1151 1935 multis
1181 1905 1280 1935 aliter
1317 1905 1480 1943 scriptum
1511 1905 1673 1945 reperias,

979 1954 1067 1984 unde
1084 1963 1148 1984 non
1174 1954 1260 1984 male
1279 1954 1398 1984 adoleri
1424 1954 1594 1993 simplicil
1611 1963 1672 1994 pro

974 2005 1117 2039 advllari,
1128 2005 1255 2035 dictum
1269 2004 1312 2034 sit
1326 2004 1418 2044 quasi
1437 2004 1478 2034 ad
1496 2004 1595 2034 ollam
1611 2004 1673 2042 ire,

976 2054 1075 2084 ollam
1093 2053 1231 2092 sectari,
1242 2053 1330 2093 quod
1349 2053 1506 2093 parasitis
1520 2053 1670 2083 solenne.

976 2105 1059 2135 Dac.

1007 2151 1167 2194 Ἀιῐιιῑιεν]
1183 2153 1213 2184 Α
1231 2152 1469 2193 praepositione
1480 2154 1520 2183 ad
1535 2156 1569 2183 et
1581 2154 1672 2184 alter.

975 2204 1062 2235 Nam
1079 2214 1098 2234 α
1116 2204 1148 2233 ἰη
1165 2202 1411 2243 compositione
1430 2203 1574 2233 vertitur
1592 2203 1623 2233 in
1640 2213 1672 2234 u.

976 2253 1067 2283 Male
1082 2252 1138 2283 alii
1153 2251 1339 2282 adulterium
1356 2252 1451 2292 quasi
1470 2250 1510 2281 ad
1528 2251 1670 2281 alterum

976 2307 1084 2333 torum
1100 2313 1108 2333 z
1147 2301 1291 2341 adulter,
1321 2301 1535 2332 adulterium.
1586 2301 1671 2332 Inde

976 2352 985 2367 ‘
1002 2351 1191 2382 adulterina
1207 2351 1323 2392 signa,'
1341 2361 1416 2392 qnae
1434 2352 1552 2381 alionis
1568 2360 1671 2382 annu-

975 2401 1015 2431 lis
1028 2406 1104 2431 sunt
1127 2399 1232 2431 facta.
1275 2401 1320 2431 Et
1344 2399 1548 2431 ‘adulterini
1577 2409 1669 2431 nnm-

974 2451 1045 2489 mi,'
1061 2455 1068 2467 ¹
1085 2451 1284 2481 adulterinae
1301 2450 1465 2488 staterae:
1487 2451 1496 2467 ‘
1510 2450 1670 2481 adulteri-

975 2510 1052 2531 num
1071 2499 1334 2540 testamentum,’
1351 2502 1414 2531 &a
1442 2500 1542 2530 Idem.

1016 2557 1031 2572 ¹¹
1042 2550 1207 2590 Advosem]
1231 2550 1438 2582 Glossarium
1452 2560 1460 2581 ε
1475 2551 1484 2567 ‘
1502 2549 1669 2590 Advores,

975 2602 1119 2640 ἐναντίοι,
1130 2601 1359 2636 ἐπιβουλεύωνὸ
1374 2602 1440 2632 Jos.
1458 2600 1540 2631 Scal.

1018 2652 1184 2692 Advosem]
1203 2653 1372 2691 Advorsus,
1396 2651 1523 2682 extrito
1544 2661 1559 2681 r
1575 2652 1666 2681 advo-

972 2714 1035 2744 sus,
1047 2714 1066 2735 a
1081 2713 1146 2745 quo
1158 2702 1289 2733 advosz's.
1314 2701 1381 2733 Sed
1395 2700 1554 2732 dicebant:
1566 2701 1666 2731 etiam
