1835 2906
187 90 272 133 592

629 95 776 128 SEXTI
812 94 1010 126 POMPElI
1046 91 1182 123 FESTI

186 196 361 238 Picatiy
380 193 661 249 appellantur
682 190 873 245 quidam,
894 200 1074 243 quorum
1090 186 1226 241 pedes
1247 187 1423 228 formati
1461 187 1626 240 [FEST.

242 267 346 305 sunt
384 262 429 303 in
464 260 660 314 speciem
698 258 947 312 sphingum,
988 254 1105 309 quod
1136 267 1213 295 eas
1254 254 1380 296 Dorii
1418 254 1627 308 phicas¹0

242 333 413 372 vocant.

186 399 349 440 Picena
370 396 525 450 regio?
544 395 588 436 in
608 406 698 449 qua
719 397 789 434 est
805 390 1034 439 Asculum,
1057 389 1191 438 dicta,
1212 388 1333 442 quod
1355 388 1508 429 Sabini
1530 401 1628 429 cum

241 465 460 507 Asculum
481 462 873 519 proficiscerentur,
894 459 940 499 in
969 456 1134 498 vexillo
1155 468 1302 497 eorum
1329 457 1455 509 picus
1476 468 1628 497 conse-

242 533 363 575 derit.

184 602 317 643 Picta
338 613 437 654 quae
453 611 567 640 nunc
588 601 690 649 toga
706 595 876 644 dicitur,
899 596 1026 634 antea
1049 593 1291 634 vocabatur
1317 604 1416 645 pur·
1453 591 1580 645 [PAU
1588 601 1631 632 1,-

242 682 391 724 purea,
413 679 552 721 eaque
575 668 664 706 erat
684 663 777 704 sine
798 662 987 716 pictura.

189 737 318 779 Picta
335 742 349 758 ὃ
371 748 472 790 quae
493 745 608 774 nunc
632 737 733 785 toga
757 730 930 779 dicitur,
951 741 1174 783 purpurea
1201 732 1331 769 antea
1361 740 1436 768 vo·
1464 726 1523 780 [F
1528 736 1629 767 EST.

791 837 1026 851 emmone&

232 903 271 931 10
294 899 357 930 Vir
374 899 465 930 doct.
483 896 572 937 conj.
600 896 696 936 picas.

839 979 980 1012 NOTAE

194 1057 293 1083 trum.
318 1050 416 1081 Idem.

228 1108 240 1128 Υ
266 1099 389 1139 Picatz']
412 1097 515 1139 Apud
546 1095 774 1137 Hesychium:
798 1094 885 1134 φῖκα,

185 1151 277 1190 φίγα,
297 1156 332 1182 et
356 1149 490 1189 σφίγγα.
534 1147 707 1179 Hesiodus
724 1147 757 1177 in
772 1146 883 1177 Theo-

184 1204 284 1242 gonia
298 1201 360 1240 φῖκ’
377 1200 483 1237 ὀλοήν.
532 1198 730 1240 Lycopliron
758 1197 790 1228 in
817 1195 884 1227 fine

186 1252 411 1284 Alexandrae:
430 1249 549 1289 φῖκειον
559 1248 661 1288 τέρας.
693 1248 789 1278 Picas
803 1256 884 1277 vero

188 1311 250 1343 pro
275 1301 382 1341 phicas
398 1299 475 1339 dici,
493 1305 531 1331 ut
549 1300 558 1316 ‘
576 1296 722 1336 Poenos,'
744 1302 780 1327 et
803 1297 812 1313 ‘
825 1296 884 1326 Al-

186 1351 272 1393 pes‚'
295 1356 331 1382 et
353 1353 362 1368 ‘
381 1348 578 1390 Pilippum‚'
603 1353 637 1379 et
652 1349 660 1364 ‘
676 1345 886 1386 triumpum‚'

186 1400 401 1433 manifestum
419 1403 479 1430 est.
524 1398 610 1429 Haec
628 1396 729 1428 etiam
746 1395 884 1427 Fulvius

187 1458 314 1485 noster.
340 1452 418 1482 Ant.
438 1451 522 1489 Aug.

230 1502 353 1542 Pie-ati]
365 1502 550 1542 Sphingem
567 1509 583 1530 a
600 1498 748 1529 Doribus
761 1497 886 1538 phicam

186 1553 300 1584 vocari
333 1557 463 1583 certum
496 1555 560 1582 est.
618 1548 771 1589 Hesych.
794 1547 885 1587 φίγα,

186 1604 274 1644 φίκα,
291 1603 425 1643 σφίγγα.
471 1602 515 1632 Et
542 1601 642 1631 etiam
667 1609 760 1629 mons
786 1607 885 1639 quem

187 1657 244 1686 illa
268 1654 459 1691 insedebat,
484 1651 614 1682 Plu‘cius
642 1650 767 1680 dictus.
815 1647 885 1678 He-

187 1704 271 1736 siodi
287 1704 401 1735 Schol.
419 1703 450 1733 in
469 1700 590 1742 Aspidi
612 1705 647 1731 et
668 1700 700 1730 in
716 1698 886 1738 Theogon.

188 1760 223 1787 et
250 1754 360 1785 Schol.
380 1752 534 1792 Euripid.
557 1752 590 1781 in
615 1749 811 1783 Plioenissis,
828 1748 886 1788 qui

189 1804 297 1843 addit,
312 1803 496 1843 Sphingem
514 1801 639 1831 habere
655 1798 775 1830 faciem
794 1797 887 1838 puel-

190 1855 245 1893 lae,
261 1858 382 1894 pectus
399 1858 434 1883 et
452 1850 557 1893 pedes
574 1849 692 1881 leonis.
728 1848 789 1879 Cui
807 1856 887 1877 con-

188 1904 294 1935 sentit
329 1903 440 1934 Scliol.
485 1899 659 1939 Aristopli.
698 1898 731 1928 in
767 1897 886 1928 Ranis.

190 1954 300 1985 Porro
330 1953 416 1983 lianc
452 1960 569 1982 vocem
602 1948 693 1989 phica
722 1947 834 1978 Boeoti
869 1956 889 1977 a

189 2002 408 2035 Phoenicibus
421 1999 727 2041 accepere,quibus
741 1997 889 2034 Picoeha,

190 2056 243 2086 vel
257 2054 395 2095 ρὴὶεεαα,
411 2053 555 2092 sapiens,
567 2050 734 2087 oculatus,
750 2047 889 2078 auritus.

192 2107 237 2136 Et
260 2106 308 2136 ita
330 2104 513 2144 Sphingem
536 2101 652 2131 dixere
676 2103 816 2139 propter
837 2107 888 2128 sa-

191 2156 386 2196 gacitatem,
403 2153 480 2194 quia
502 2151 623 2183 mulier
645 2149 712 2180 fuit
736 2149 888 2179 acutissi-

191 2215 341 2247 ma,quae
356 2214 416 2245 per
430 2203 576 2244 gryphos
593 2206 628 2232 et
644 2200 824 2240 aenigmata
837 2208 888 2229 so-

193 2256 447 2287 lertissimorum
461 2254 510 2284 sui
525 2253 586 2283 aevi
606 2250 740 2291 ingenia
753 2257 889 2279 exerce-

192 2307 260 2337 bat.
307 2307 412 2337 Plura
429 2304 505 2335 vide
522 2302 612 2343 apud
632 2300 838 2331 Bochai-tum
854 2299 888 2329 in

194 2357 363 2386 Chanaan.
380 2355 438 2386 lib.
457 2364 479 2386 1.
495 2363 569 2394 cap.
583 2355 636 2382 16.
658 2352 738 2382 Duc.

236 2413 248 2426 ²
283 2407 399 2436 Picena
434 2404 537 2444 regio]
575 2402 604 2433 A
636 2400 766 2432 Sabinis
797 2403 889 2431 ortos

197 2455 355 2493 Picenos‚
386 2460 421 2486 et
451 2465 470 2485 a
497 2455 594 2491 l'ico,
626 2453 713 2483 duce
749 2451 892 2491 itineris,

196 2506 305 2535 dictos
321 2505 425 2535 refert
442 2504 555 2535 strab.
571 2503 627 2534 lib.
643 2513 674 2533 v.
710 2503 827 2532 Picena
843 2510 891 2531 re-

197 2554 249 2592 gio
265 2553 365 2583 hodie
382 2554 509 2583 Murclze
525 2553 694 2584 d‘Ancone.
740 2551 766 2582 A
791 2551 890 2582 Pice-

199 2604 250 2634 nis
268 2603 338 2634 sive
354 2602 553 2633 Picentibus
577 2603 643 2633 orti
663 2601 833 2634 Picentini
851 2600 891 2632 ad

200 2663 290 2686 mare
305 2653 523 2694 Tyrrhenum.
547 2653 643 2683 Idem.

979 1049 994 1065 '⁴
1017 1044 1127 1085 Picta]
1164 1043 1275 1075 Livius
1301 1042 1358 1073 lib.
1387 1050 1479 1073 xxx.
1504 1041 1513 1058 ‘
1531 1039 1634 1072 Masi-

936 1095 1026 1125 nissa
1053 1099 1134 1135 toga
1161 1094 1262 1135 picta,
1287 1098 1322 1124 et
1347 1093 1494 1134 palmata
1519 1091 1634 1122 tunica

936 1146 1106 1183 donatus‚’
1134 1151 1168 1176 at
1193 1145 1251 1176 lib.
1277 1153 1384 1176 xxxr.
1416 1144 1425 1159 ‘
1442 1142 1633 1174 Masinissae

936 1197 1024 1228 dona
1040 1196 1153 1236 missa,
1170 1205 1248 1226 vasa
1265 1205 1377 1229 aurea,
1406 1199 1485 1232 toga
1509 1202 1634 1233 purpu-

937 1256 1006 1284 rea,
1021 1250 1056 1276 et
1073 1246 1221 1286 palmata
1240 1244 1376 1276 tunica.'
1422 1245 1513 1284 Ergo
1536 1244 1545 1259 ‘
1565 1243 1635 1282 pic-

938 1299 992 1327 ta'
1014 1300 1050 1327 ct
1071 1297 1080 1312 ‘
1098 1295 1286 1336 purpurea'
1308 1294 1409 1325 idem.
1453 1293 1563 1324 Addit
1580 1293 1635 1323 Li-

937 1345 1009 1376 vius
1039 1349 1075 1376 et
1104 1345 1113 1362 ‘
1132 1349 1244 1385 togam
1273 1348 1476 1384 praetextarn
1497 1342 1634 1374 datam.y

936 1395 991 1426 Sic
1007 1395 1016 1412 ‘
1032 1394 1219 1435 purpurea'
1231 1399 1283 1425 est
1296 1394 1520 1434 ὁλοπόρφυρος,
1531 1394 1540 1409 ‘
1552 1402 1637 1432 prae-

938 1445 1059 1484 texta,’
1072 1444 1306 1486 περιπόρφυρος.
1341 1444 1350 1460 ‘
1368 1444 1523 1475 Palmata
1536 1439 1544 1452 ’
1561 1447 1636 1474 erat

938 1501 1067 1527 tantum
1091 1495 1314 1535 triumphalis.
1338 1495 1408 1524 Jos.
1426 1494 1509 1524 Scul-

983 1547 1076 1577 Picta
1099 1556 1167 1585 ‘12¹oe
1190 1555 1270 1576 nunc
1295 1544 1384 1584 toga]
1420 1545 1511 1583 Lege
1536 1543 1636 1580 infra,

938 1595 1003 1634 ejus
1018 1595 1065 1626 rei
1079 1598 1296 1633 argumentum
1312 1598 1354 1624 est
1372 1595 1484 1633 duplex
1502 1594 1636 1633 pictura.

939 1646 1048 1676 Putat
1070 1645 1123 1676 hic
1146 1644 1281 1682 Festus,
1304 1649 1401 1684 togas
1425 1644 1534 1683 pictas
1558 1643 1636 1674 olim

939 1706 981 1727 ex
998 1706 1092 1737 pura,
1115 1700 1149 1726 et
1175 1696 1216 1726 ab
1238 1695 1326 1726 omni
1344 1694 1549 1733 Plirygionio
1565 1694 1636 1734 pig-

939 1751 1053 1776 mento
1078 1745 1168 1776 nuda
1194 1754 1343 1786 purpura
1368 1745 1574 1784 constitisse,
1599 1745 1637 1774 il-

939 1796 1068 1837 liusque
1086 1806 1247 1836 purpurae
1264 1796 1407 1826 nitorem
1429 1800 1463 1826 et
1480 1795 1635 1835 splendo-

940 1856 1009 1877 rem
1042 1846 1186 1887 picturae
1226 1846 1337 1877 locum
1368 1845 1567 1880 obtinuisse,
1597 1855 1638 1876 eo

939 1896 1046 1928 fretus
1064 1900 1277 1936 argumento,
1294 1895 1382 1937 quod
1405 1896 1437 1926 in
1463 1896 1536 1926 aede
1553 1895 1638 1925 Ver—

940 1947 1046 1978 tumni
1063 1951 1097 1977 et
1116 1946 1215 1977 Consi
1233 1955 1419 1986 purpureas
1445 1946 1526 1976 duas
1544 1951 1637 1985 togas

940 1997 1103 2038 spectarit
1127 1997 1218 2027 nullo
1241 1996 1379 2027 alterius
1398 1996 1546 2026 materiae
1565 1995 1637 2035 pig·

940 2053 1054 2079 mento
1083 2046 1235 2078 affectas.
1295 2046 1362 2077 Sed
1394 2046 1455 2076 lioc
1482 2045 1637 2084 exemplo

940 2101 1020 2131 nihil
1040 2099 1162 2140 probat
1191 2099 1325 2134 Festus,
1348 2106 1422 2127 nam
1449 2096 1538 2135 picta
1562 2105 1638 2135 pnr-

944 2159 1030 2190 pura
1059 2154 1133 2179 erat
1162 2148 1375 2187 triumphalis
1405 2147 1462 2177 illa
1492 2146 1639 2187 quidem,

944 2199 1001 2230 sed
1019 2208 1118 2239 quani
1136 2203 1248 2228 tamen
1265 2197 1463 2227 omitterent
1486 2197 1639 2237 quicum-

944 2258 1010 2289 que
1030 2249 1170 2286 vellent,
1191 2247 1239 2277 uti
1265 2247 1449 2277 omiserunt
1474 2247 1637 2286 plerique,

944 2299 1080 2330 Fulvius
1099 2299 1254 2332 Flaccus,
1270 2298 1427 2337 Papirius
1450 2297 1586 2335 Cursor,
1602 2302 1638 2327 et

944 2349 1012 2388 alii,
1034 2358 1204 2389 purpurea
1221 2352 1351 2379 tantum
1370 2353 1446 2387 toga
1463 2347 1637 2377 contenti:

944 2400 998 2430 cui
1029 2398 1177 2434 aliunde,
1208 2408 1308 2438 quam
1339 2407 1380 2428 ex
1420 2397 1637 2437 Phrygioniae

944 2458 1023 2480 acus
1039 2449 1184 2489 pictura,
1199 2447 1296 2478 facile
1313 2447 1470 2487 splendor
1487 2455 1638 2477 accerse-

946 2501 1058 2536 batur,
1089 2498 1256 2529 laticlavio
1291 2498 1422 2529 scilicet
1459 2497 1575 2537 limbo,
1603 2502 1639 2528 et

947 2549 1075 2580 textilis
1092 2549 1163 2579 auri
1189 2548 1331 2589 plagulis
1350 2548 1378 2578 ei
1396 2547 1638 2586 circumjecto:

948 2600 1125 2641 aliquoties
1156 2605 1267 2630 tamen
1296 2603 1331 2628 et
1360 2598 1451 2637 picta
1487 2603 1577 2637 toga,
1605 2603 1638 2629 et

947 2659 1119 2692 purpurea
1155 2658 1215 2689 pro
1253 2648 1370 2679 eadem
1411 2647 1638 2678 sumebantur.
