1835 2906
378 169 438 198 DE
473 168 743 199 VERBORUM
777 168 1185 200 SlGNlFICATlONE
1221 171 1313 200 LlB.
1348 171 1412 201 Vl.

1538 160 1622 201 259

174 262 323 305 Fastis
345 264 503 306 diebus
518 263 741 318 jucundai
762 264 843 305 fari
865 264 1083 315 licebat39
1105 265 1283 306 nefastis
1307 265 1510 320 quaedam
1530 279 1617 307 non

229 333 311 373 sari
333 333 513 373 licebat.

175 398 438 441 Fastorumk
474 401 572 441 libri
603 401 894 454 appellantur,

490 468 612 509 Fasti
635 468 749 508 enim
772 466 868 508 dies
889 467 989 508 festi
1007 472 1041 490 ¹0
1063 471 1172 508 sunt.

229 467 428 520 scriptio.

173 532 416 583 Fatantur)
438 535 577 575 multa
600 535 759 576 fantur.

174 601 386 644 Faventia
401 607 425 624 m
454 604 611 644 bonam
636 603 946 644 ominationem
967 603 1201 656 significat.

777 708 894 720 oooooo

933 400 978 439 in
1011 400 1174 453 quibus
1195 400 1331 441 totius
1353 401 1454 441 anni
1474 400 1523 442 fit
1545 400 1620 441 de-

1260 601 1302 642 N
1306 615 1374 642 am
1398 614 1622 655 praecones

899 708 1012 720 oooooo

217 768 237 795 9
263 765 359 804 Legit
378 765 468 796 Scal.
505 765 611 796 Fastis
625 765 731 796 diebus
745 764 800 803 jus
813 765 884 802 fari
911 765 1041 795 licebat:
1064 765 1194 803 nefastis
1210 775 1267 796 mm
1282 765 1354 801 sari
1369 764 1489 795 licebat.
1533 765 1622 795 Dae.

173 808 279 838 Fastis
300 808 405 838 diebus
433 808 509 845 J‘ura
538 809 677 847 qucedam
692 808 775 847 suri,
799 810 850 848 &aa
896 808 939 838 V.
958 818 987 839 c.
1013 809 1091 846 jura
1109 809 1169 839 Vir
1187 808 1322 847 quidam
1342 809 1433 839 doct.
1460 809 1492 837 in
1517 817 1622 846 marg.

175 850 339 882 Ed.Scal.
355 850 592 889 juridica-10
617 851 764 884 Quidam
782 851 968 891 conjiciunt
985 851 1089 889 fundi.
1135 851 1221 882 Vide
1240 852 1358 882 Notas.

826 948 969 980 NOTAE

172 1022 230 1042 ron
249 1012 256 1025 ’
288 1012 414 1043 dictum
435 1024 442 1041 .-

169 1063 271 1094 idem.
326 1063 413 1094 vide
439 1064 580 1095 Salmas.
606 1065 638 1095 in
664 1064 871 1095 Fescennino

174 1114 281 1153 Nigro
298 1114 479 1153 Spartiani.
500 1115 582 1146 Dae.

212 1164 220 1184 ¹
246 1164 349 1194 Fastis
364 1164 638 1204 diebzcsjucunda]
661 1165 772 1205 Lego:
794 1164 870 1195 Fas-

172 1214 213 1243 tis
227 1213 333 1244 diebus
339 1213 415 1251 jura
430 1216 568 1254 quonlam
576 1215 657 1252 fari,
672 1216 724 1254 &a
759 1215 869 1245 Varro

170 1264 226 1293 lib.
251 1273 284 1294 v.
311 1264 354 1294 de
382 1264 421 1295 L.
438 1265 473 1296 L.
497 1265 612 1295 ‘Fasti
637 1265 722 1304 dies,
748 1265 868 1306 quibus

171 1318 264 1345 certa
273 1314 374 1345 verba
386 1315 537 1355 legitima
550 1317 621 1347 sine
636 1316 770 1357 piaculo
784 1325 869 1356 prae-

171 1365 301 1397 toribus
332 1366 412 1397 licet
444 1366 519 1399 fari.
566 1367 620 1399 Ab
650 1368 712 1398 hoc
745 1367 869 1399 nefasti

169 1417 254 1453 dies,
279 1417 398 1458 quibus
424 1418 544 1450 diebus
571 1429 610 1450 ea
635 1418 698 1450 fari
722 1420 780 1459 jus
802 1429 868 1450 non

169 1473 233 1502 est,
250 1473 285 1498 et
302 1469 327 1499 si
346 1467 514 1510 sarisam,
529 1470 699 1510 piaculum
713 1470 868 1511 faciunt!

170 1516 272 1547 Ovid.
289 1527 312 1549 1.
328 1519 418 1549 Fast.
444 1520 452 1535 ‘
466 1519 528 1550 Ille
545 1519 698 1551 nefastus
716 1521 792 1557 erit,
808 1531 868 1562 per

170 1577 267 1608 quem
284 1569 349 1600 tria
366 1570 467 1601 verba
483 1571 639 1610 silentur,
665 1572 786 1603 Fastns
803 1573 868 1604 erit

169 1627 232 1658 per
248 1629 345 1658 quem
363 1620 438 1657 lege
454 1621 570 1651 licebit
588 1621 666 1661 agi!
694 1622 778 1652 Tria
794 1632 867 1653 ver-

169 1668 213 1698 ba
228 1675 318 1707 sunt,
331 1670 413 1705 ‘do,’
427 1676 434 1688 ⁴
448 1671 545 1709 dico,'
558 1677 566 1690 ‘
578 1671 698 1703 addico
712 1672 733 1702 :’
748 1673 868 1713 quibus

170 1720 448 1759 totajurisdictio
466 1722 671 1753 continetur.
696 1723 793 1754 Idem.

212 1768 225 1788 Ι(
251 1770 431 1809 Fastorum]
458 1773 549 1803 Fasti
575 1772 663 1803 enim
692 1773 762 1804 dies
790 1773 867 1806 festi

170 1825 259 1850 sunt.
308 1820 384 1851 Hoc
414 1821 534 1852 falsum
566 1828 638 1853 est:
676 1828 752 1855 sunt
779 1825 866 1855 enini

168 1868 350 1910 fastidies,
374 1871 496 1912 quibus
526 1871 588 1903 fari
618 1873 699 1904 licet
726 1876 865 1914 praetori

165 1918 314 1958 juridica
342 1921 456 1952 verba.
511 1923 633 1964 Varro,
660 1923 764 1955 Ovid.
795 1926 868 1955 Ma-

170 1969 264 1999 crob.
293 1970 335 2000 ab
359 1970 408 2002 his
437 1971 553 2001 diebus
584 1973 759 2004 Fastorum
790 1974 867 2005 libri

168 2019 397 2060 appellantur,
421 2022 541 2062 quibus
560 2032 616 2053 eos
633 2024 705 2054 dies
726 2033 865 2064 cognos-

168 2069 329 2109 cimus,et
346 2073 554 2103 translaticio
568 2072 672 2104 fastos
690 2076 865 2106 consulum

166 2121 390 2160 appellamus,
419 2122 537 2162 quibus
562 2123 726 2155 Consules
754 2125 865 2164 singu-

168 2170 273 2201 lorum
313 2180 474 2202 annornm
515 2173 742 2207 continentur.
786 2176 863 2207 Ant.

169 2220 255 2258 Aug.

211 2270 390 2310 Fastorum]
418 2273 600 2312 Eleganter
617 2278 749 2305 veteres
767 2275 865 2307 Grae-

169 2319 213 2355 ci,
231 2320 239 2335 ‘
256 2320 390 2358 Fastus‚
407 2322 635 2361 ἡμερυλόγιον]
657 2330 692 2356 et
708 2326 815 2363 fastus
831 2327 865 2357 in

168 2375 290 2409 quarta
306 2369 547 2411 declinatione,
571 2374 613 2404 de
635 2384 702 2415 quo
722 2378 864 2416 quaestio

168 2421 256 2460 apud
271 2426 402 2452 veteres
417 2423 793 2466 Grammaticos‚super
806 2428 863 2458 illo

168 2471 295 2501 Lucani
312 2483 319 2502 :
336 2474 344 2489 ‘
361 2472 435 2502 Nec
453 2482 544 2503 inens
560 2475 690 2505 Eudoxi
709 2477 863 2508 vincetur

165 2521 310 2552 fastibus
328 2522 455 2554 annus.'
489 2523 540 2553 Ex
557 2525 676 2564 quibus
693 2526 773 2557 licet
785 2537 863 2558 con-

160 2573 268 2612 jicere
285 2574 524 2613 antiquitatem
539 2574 614 2614 ejus
632 2575 812 2615 Glossarii‚
828 2582 864 2608 et

167 2629 329 2663 quantum
347 2623 448 2654 fidem
466 2625 536 2664 ejus
553 2626 648 2665 sequi
668 2626 862 2660 debeamm.

170 2672 245 2711 Ego
272 2673 395 2714 alioqui
426 2675 538 2704 inveni
569 2675 653 2706 duos
680 2678 864 2710 versiculos

168 2722 300 2754 lambos
318 2724 349 2754 in
366 2725 463 2756 litera
488 2726 530 2766 R,
558 2726 614 2766 qui
631 2727 788 2758 videntur
806 2728 864 2759 de—

485 1013 637 1055 τρίχωρον
663 1019 696 1044 et
723 1013 873 1052 τρίγωνον
927 1012 1104 1043 dicationis
1122 1013 1196 1044 loco
1213 1021 1306 1044 esse:
1330 1013 1455 1044 Τοιοῦτο
1470 1014 1564 1054 δῶρον
1578 1016 1626 1055 τῄ“

926 1063 1010 1103 σοφῇ
1033 1062 1179 1103 ’γερουσίᾳ
1194 1062 1331 1095 “”Υπατος
1355 1063 1501 1103 ὑπάρχων
1526 1076 1621 1103 προσ·

925 1112 1006 1152 φέρω
1017 1112 1186 1152 Φιλόξενος.
1222 1114 1369 1144 videtur
1384 1113 1484 1145 fuisse
1502 1115 1528 1145 is
1543 1115 1623 1145 Phi-

924 1163 1077 1202 loxenus,
1109 1164 1165 1203 qui
1204 1164 1411 1203 temporibus
1441 1164 1622 1195 „Iustiniani

923 1212 1047 1243 Consul
1064 1212 1128 1243 suit
1146 1223 1222 1243 cuni
1241 1213 1367 1244 Probo.
1400 1214 1506 1244 Porro
1520 1215 1621 1245 verba

921 1264 1052 1304 ultima,
1079 1264 1169 1295 Fasti
1184 1264 1263 1294 enim
1288 1264 1354 1294 dies
1370 1263 1451 1302 festi
1469 1268 1554 1302 sunt,
1580 1274 1620 1295 ne

922 1313 1021 1343 Pauli
1047 1314 1182 1354 quidem
1210 1318 1301 1344 sunt.
1346 1314 1412 1345 Sed
1436 1314 1476 1345 ad
1495 1314 1620 1345 sacrifi-

922 1364 1073 1394 culorum
1098 1363 1320 1404 Kalendaria,
1347 1365 1436 1396 unde
1465 1364 1623 1405 profecta.

921 1420 1012 1452 sunt,
1037 1425 1077 1445 ea
1100 1415 1317 1454 remittimus,
1340 1421 1443 1456 atque
1462 1416 1546 1446 adeo
1563 1415 1621 1446 fla-

924 1465 992 1504 gris
1006 1465 1213 1504 ablegamus.
1237 1465 1306 1494 Jos.
1321 1465 1406 1497 scal.

966 1515 1235 1555 Fustorwnlz'bri]
1263 1516 1307 1546 Ut
1333 1515 1423 1546 Fasti
1450 1514 1621 1546 Ovidiani.

923 1567 1015 1598 Fasti
1033 1578 1051 1598 a
1068 1568 1186 1598 diebus
1203 1566 1310 1604 fastis,
1336 1567 1393 1607 qui
1420 1567 1453 1597 in
1478 1566 1517 1596 iis
1536 1566 1620 1596 refe-

923 1622 1057 1656 runtur,
1080 1622 1117 1648 ut
1134 1622 1169 1647 et
1191 1616 1316 1655 nefasti,
1339 1616 1395 1646 sed
1413 1626 1488 1647 cum
1506 1617 1618 1656 plures

923 1666 1014 1703 fasti,
1050 1678 1068 1698 a
1100 1667 1224 1707 potiori
1254 1676 1375 1697 nomen
1406 1667 1619 1705 sortiuntur;

924 1728 998 1758 quae
1015 1719 1173 1758 leguntur
1191 1719 1222 1748 in
1240 1718 1306 1748 fine
1323 1728 1330 1749 z
1355 1718 1445 1748 Fasti
1459 1718 1539 1748 enim
1555 1718 1620 1748 dies

914 1768 995 1805 festi
1017 1773 1109 1799 sunt:
1136 1768 1234 1799 Pauli
1262 1777 1336 1798 esse
1363 1768 1497 1808 putavit
1523 1769 1619 1801 Voss.

923 1819 970 1850 At
993 1820 1147 1859 Scaliger
1172 1828 1214 1849 ne
1243 1818 1341 1849 Pauli
1370 1818 1507 1860 quidem
1535 1828 1621 1856 esse,

922 1879 1027 1911 eaque
1044 1868 1159 1910 flagris
1173 1869 1317 1907 ablegat.
1349 1870 1418 1908 Ego
1429 1879 1508 1899 vero
1524 1869 1619 1900 Festi

923 1930 997 1950 esse
1015 1920 1182 1958 existimo,
1199 1919 1257 1950 sed
1276 1919 1396 1949 leviter
1413 1918 1617 1950 deformata:

922 1971 1021 2010 lego:
1052 1971 1158 2001 Fastis
1188 1970 1269 2000 enim
1295 1970 1360 2000 dies
1382 1969 1466 2006 fasti
1492 1970 1620 2000 insunt:

923 2021 988 2059 vel,
1018 2021 1044 2051 si
1073 2021 1192 2051 malis:
1220 2020 1325 2051 Fastis
1352 2019 1432 2050 enim
1453 2020 1519 2050 dies
1537 2020 1620 2057 susti

919 2072 1029 2112 scripti
1040 2076 1123 2103 sunt.
1146 2073 1234 2102 Dae.

962 2121 969 2141 ¹
987 2122 1158 2162 Futanlur]
1182 2122 1281 2161 Apud
1298 2120 1491 2152 Sallu-*tium
1505 2124 1617 2150 tamen

913 2171 1055 2210 scitatum
1071 2178 1121 2203 est
1140 2173 1218 2203 fatis
1236 2172 1423 2202 decretum.
1449 2171 1548 2201 Idem.

956 2226 978 2242 ¹¹¹
999 2222 1163 2261 Faventia]
1180 2222 1275 2252 Bona
1293 2221 1453 2252 ominatio
1468 2233 1475 2260 ;
1492 2222 1500 2238 ‘
1515 2221 1617 2251 Faus-

921 2274 1012 2312 tum,’
1036 2273 1122 2303 bene
1147 2273 1343 2303 ominatum.
1390 2271 1476 2301 Nam
1505 2270 1616 2308 favere

920 2330 970 2355 est
990 2324 1075 2355 buna
1092 2330 1127 2356 et
1144 2326 1230 2355 bene
1247 2326 1392 2355 ominata
1408 2324 1494 2363 fari3
1518 2325 1616 2356 Grae-

920 2376 966 2406 cis
984 2375 1142 2415 εὐφημεῖν.
1188 2376 1232 2405 Et
1258 2381 1295 2404 ut
1319 2373 1408 2414 apud
1432 2374 1566 2405 Latinos
1584 2376 1616 2405 in

919 2427 1023 2457 sacris
1036 2436 1147 2466 praeco
1159 2425 1278 2455 Favere
1292 2424 1615 2464 populumjubebar,

920 2478 966 2507 sic
984 2477 1073 2516 apud
1096 2476 1236 2506 Graecos
1261 2475 1293 2505 in
1321 2475 1422 2506 sacris
1449 2475 1616 2505 clamabat

919 2526 1054 2565 εὐφημία
1078 2526 1169 2565 ἔστω,
1193 2526 1203 2542 ‘
1219 2526 1266 2556 Sit
1292 2524 1470 2556 faventia!
1514 2526 1615 2565 Saepe.

918 2577 1006 2618 apud
1025 2576 1298 2617 Aristophanem,
1316 2581 1349 2606 et
1365 2576 1407 2606 ab
1422 2576 1484 2607 hac
1499 2575 1614 2606 faven-

919 2628 999 2657 tium
1019 2627 1208 2657 attentione
1234 2626 1388 2666 bonaque
1411 2626 1615 2656 ominatione

910 2679 1022 2716 sat-ere
1038 2688 1098 2718 pro
1115 2679 1216 2709 silere
1234 2677 1360 2708 dictum
1372 2682 1483 2718 est,et
1496 2678 1536 2709 ad
1550 2678 1613 2708 alia

920 2729 1020 2759 etiam
1039 2729 1244 2762 translatum.
1268 2728 1366 2759 Idem.
