1835 2906
371 181 433 210 DE
468 177 736 209 VERBORUM
771 174 1181 206 SIGNlFlOATlONE
1216 174 1308 205 [ΑΒ.
1342 175 1415 203 ΙΗ.

1531 162 1614 204 133

231 275 507 328 antiquorum
542 272 725 314 laudes:
754 270 823 312 vel
853 269 971 323 quod
1006 269 1095 309 sint
1115 274 1252 309 castae
1277 268 1436 308 mentis
1459 269 1614 320 praesi—

230 343 328 383 des.

172 408 389 450 Camillus
407 415 423 430 ⁰
450 408 623 462 proprie
646 405 894 459 appellatur
914 417 1024 457 puer
1045 404 1271 455 ingenuus.

171 476 318 518 Canax
335 477 483 518 dicunt
499 474 661 523 Graeci,
682 485 763 513 nos
785 472 993 520 canistra,
1015 475 1058 511 et
1080 482 1157 522 per
1177 468 1521 509 deminutionem
1542 481 1614 509 ca-

226 544 415 584 nistella.

172 610 468 652 Canalicolaey
488 609 697 658 forenseS,
719 606 912 648 homines
940 617 1159 659 pauperes
1192 603 1316 652 dieti,
1353 601 1473 655 quod
1500 601 1616 642 circa

228 677 404 719 canales
425 676 508 717 fori
529 675 827 716 consisterent.

826 819 965 853 NOTAE

170 918 237 939 men
264 908 306 939 ab
330 908 468 950 antiquo
491 918 581 940 casno
604 918 665 949 pro
689 916 775 939 can0.
820 907 865 937 Et

169 959 232 990 hoc
254 960 358 990 multo
383 959 590 999 probabilius
609 958 741 989 videtur
764 966 865 998 quam

170 1009 196 1039 si
221 1019 240 1040 a
253 1019 328 1040 cuno
345 1008 464 1048 ἄμέσως
485 1009 685 1048 deducatur,
699 1007 794 1049 quasi
817 1017 867 1037 ca-

167 1070 258 1100 nena,
275 1069 319 1097 et,
335 1071 353 1091 η
369 1070 462 1091 verso
479 1060 511 1090 in
525 1069 565 1094 m,
582 1069 717 1090 camena.
761 1058 865 1088 Pror-

167 1119 223 1140 sus
248 1111 398 1151 ineptum
426 1109 516 1151 quod
542 1109 707 1150 sequitur,
727 1117 745 1138 a
769 1111 864 1138 casta

167 1164 281 1191 mente
297 1168 451 1191 camenas
469 1159 590 1190 dictas.
615 1158 712 1189 Idem.

210 1216 224 1231 ¹¹
251 1210 414 1250 Camillus]
438 1209 632 1240 Versiculus
660 1208 716 1239 ille
748 1207 863 1248 exagi-

168 1264 259 1291 tatus
275 1270 294 1291 a
310 1259 481 1291 veteribus
504 1259 660 1291 Criticis:
680 1259 690 1276 ‘
708 1259 864 1290 Praetex-

167 1315 239 1341 tum
266 1311 298 1341 in
325 1312 412 1342 elsta
434 1320 544 1342 mures
575 1319 690 1342 rosere
714 1309 866 1341 camilli!

169 1360 345 1392 Camillum
360 1361 527 1393 intellexit
545 1361 688 1392 Ovidius
705 1370 780 1392 curn
796 1360 865 1392 ait:

165 1411 174 1428 ‘
192 1411 268 1443 Stat
286 1421 382 1452 puer,
398 1416 434 1442 et
457 1411 610 1442 manibus
635 1411 702 1442 lata
717 1410 866 1441 canistra

168 1462 289 1493 tenet.'
335 1462 422 1493 Vide
469 1462 698 1503 Conjectanea
734 1466 863 1493 nostra.

167 1511 400 1544 Glossarium:
425 1513 434 1530 ‘
452 1512 605 1552 Camilla,
634 1510 747 1551 ἱέρεια.’
786 1511 864 1542 Ser-

167 1563 240 1593 vius
270 1563 311 1593 P.
336 1563 512 1593 Danielis:
537 1566 545 1579 ‘
566 1560 783 1601 Alexander‚'
815 1561 864 1592 in-

167 1613 272 1653 quit,‘
289 1613 417 1644 AEtolus
442 1613 545 1654 poeta
567 1613 600 1643 in
625 1613 732 1644 Musis
756 1611 866 1643 refert

168 1663 341 1694 Camillam
375 1672 497 1694 nomen
533 1662 638 1693 fuisse
668 1664 791 1693 Dianae
822 1663 863 1694 ab

166 1713 320 1753 Ephesiis
336 1713 495 1744 dedicato
520 1713 648 1753 templo
673 1713 704 1743 ei
728 1713 863 1752 imposi-

167 1764 263 1794 tum.'
308 1765 394 1795 Haec
417 1764 556 1795 Servius
586 1764 620 1794 in
648 1763 788 1795 Schedis
812 1773 863 1795 re-

168 1813 326 1852 conditis,
341 1824 416 1854 quae
429 1814 555 1844 suntin
571 1813 783 1846 Bibliotheca
799 1815 865 1845 Da·

167 1864 265 1894 nielis
291 1864 410 1895 nostri.
453 1864 520 1894 Sed
548 1863 705 1904 profecto
725 1874 864 1904 magnus

167 1914 225 1946 ille
242 1915 375 1955 Virgilii
398 1915 567 1956 interpres
589 1915 729 1947 fallitur.
775 1916 866 1947 Nam

167 1964 201 1995 in
216 1975 256 1998 eo
274 1966 429 2005 poemate
448 1965 642 1998 Alexander
656 1967 785 1998 AEtolus
798 1977 865 1998 non

167 2015 357 2052 Camillam,
387 2017 447 2047 sed
477 2015 553 2047 ὦπιν
582 2017 725 2048 Dianam
754 2023 865 2049 vocat.

169 2066 276 2106 Cujus
291 2076 405 2097 versus
418 2067 519 2098 habes
534 2068 624 2107 apud
641 2068 866 2100 Macrobium.

168 2116 233 2147 Sed
252 2121 303 2148 est
314 2117 498 2156 μνημονικὸν
509 2116 682 2158 ἁμάρτημα.
696 2119 765 2149 J08.
782 2118 865 2150 Scal.

213 2168 377 2208 Camillus]
400 2166 566 2206 Καδμίλος.
611 2169 741 2200 Boeotis
752 2169 865 2199 minis-

169 2221 222 2248 ter
244 2218 398 2249 Deorum
419 2219 611 2258 dicebatur,
632 2228 729 2260 quam
747 2229 864 2251 vocem

170 2276 189 2299 a
220 2267 438 2298 Phoenicibus
477 2267 628 2298 didicere
667 2268 725 2309 qui
755 2269 867 2299 minis-

170 2321 259 2347 trum
276 2323 398 2348 vocant
423 2319 583 2357 Claudmel,
600 2324 634 2350 et
658 2320 705 2350 ita
729 2320 866 2359 proprie

168 2367 298 2397 Boeotis
317 2367 425 2398 dictus
448 2368 652 2408 Mercurius,
668 2370 755 2410 quod
776 2370 867 2401 Deo-

170 2427 243 2448 rum
257 2422 346 2448 esset
364 2418 524 2449 minister.
571 2419 599 2449 A
611 2420 787 2451 cadmillus
797 2419 866 2451 fac-

169 2473 240 2499 tum
259 2468 442 2506 casmillus,
458 2472 492 2499 et
508 2469 669 2505 camillus,
683 2475 718 2501 et
735 2471 867 2502 casmil-

170 2519 238 2549 lum
261 2518 388 2549 dictum
415 2518 637 2559 Mercurium,
653 2529 694 2550 ex
715 2520 869 2552 Callima·

172 2569 234 2599 cho
250 2570 359 2600 Varro
376 2568 492 2600 scribit
510 2569 568 2600 lib.
586 2578 636 2600 xv.
660 2570 669 2586 ‘
688 2570 744 2601 alii
761 2572 868 2601 camil-

171 2618 264 2651 lum:’
288 2622 325 2649 ut
345 2618 474 2649 Statius
497 2619 684 2650 Tullianus.
730 2620 867 2651 Servius

172 2670 205 2699 in
224 2678 274 2701 xi.
298 2668 430 2700 AEneid.
453 2668 539 2700 Inde
564 2669 620 2709 qui
648 2669 721 2700 Diis
745 2671 869 2701 servie-

173 2720 330 2755 bantmel,
343 2720 375 2751 in
390 2719 505 2759 sacris,
515 2719 745 2752 sacerdotibus
756 2721 870 2753 miniS-

920 905 1067 939 trabant,
1085 896 1294 942 C‹1s›hz·lli,et,
1312 901 1464 935 demtos,
1481 898 1617 931 Camilli,

921 956 1015 988 dicti.
1061 955 1152 986 Hinc
1188 954 1360 985 Pacuvius
1400 952 1431 982 in
1470 949 1615 980 Medea:

919 1009 929 1024 ⁴
948 1006 1103 1038 Caelitum
1114 1005 1248 1036 camilla
1261 1004 1453 1044 expectata,
1467 999 1618 1038 advenis,

921 1058 1013 1088 salve
1041 1054 1195 1096 hospita.'
1240 1055 1285 1085 Et
1311 1053 1388 1094 quia
1408 1052 1485 1082 huic
1507 1049 1617 1081 officio

920 1107 1017 1148 pueri
1029 1105 1164 1146 ingenui
1176 1103 1424 1144 deligebantur,
1436 1110 1512 1131 usus
1527 1103 1617 1139 post-

919 1167 960 1189 ea
982 1157 1143 1195 obtinuit,
1171 1160 1207 1185 ut
1232 1153 1378 1194 quilibet
1406 1151 1502 1192 pueri
1525 1151 1617 1189 inge-

919 1208 976 1239 nui
993 1210 1196 1238 vocarentur
1211 1204 1351 1242 Camilli,
1366 1207 1403 1233 ut
1414 1202 1467 1232 hic
1485 1201 1618 1234 Festus,

919 1262 954 1290 et
968 1257 1120 1290 ostendit
1134 1261 1232 1287 vetus
1245 1263 1402 1286 carmen:
1425 1253 1434 1269 ‘
1453 1251 1618 1292 Hyberno

918 1311 1071 1351 polvere,
1087 1318 1188 1340 verno
1203 1309 1287 1343 luto,
1301 1305 1442 1347 grandia
1457 1303 1547 1334 farra
1563 1312 1618 1333 ca—

917 1360 1008 1391 mille
1038 1358 1167 1390 metes.’
1213 1358 1335 1398 Neque
1364 1355 1513 1388 homines
1545 1358 1618 1385 tan·

919 1416 990 1442 tum
1019 1410 1135 1441 camilli
1158 1409 1252 1445 dicti,
1278 1408 1337 1440 sed
1361 1407 1524 1449 quaelibet
1553 1405 1619 1436 alia

918 1473 992 1504 quae
1010 1463 1056 1494 rei
1073 1463 1220 1503 cuipiam
1245 1461 1461 1497 inservirent,
1477 1465 1514 1491 ut
1530 1457 1619 1490 infra

916 1513 1037 1544 Festus
1060 1513 1193 1544 notavit
1217 1522 1382 1546 cumeram,
1407 1511 1477 1541 sive
1504 1518 1560 1539 vas
1584 1510 1619 1539 in

917 1573 982 1605 quo
998 1563 1156 1594 nubentis
1170 1563 1326 1593 utensilia
1338 1560 1532 1591 ferebantur
1548 1568 1618 1590 cas-

918 1615 1046 1645 millum
1063 1613 1167 1645 fuisse
1183 1618 1352 1644 vocatum.
1368 1612 1449 1643 Dac-

961 1669 977 1684 x
1002 1664 1102 1703 Cana]
1130 1664 1225 1694 Idem
1243 1663 1346 1693 sentit
1359 1663 1471 1692 Varro
1493 1660 1551 1692 lib.
1568 1669 1617 1691 lv.

919 1714 961 1745 de
986 1715 1022 1745 L.
1045 1715 1082 1745 L.
1112 1715 1121 1730 ‘
1139 1713 1278 1753 Tryblia
1302 1718 1336 1743 et
1361 1712 1519 1749 canistra,
1543 1721 1619 1752 quae,

919 1769 1041 1804 putant
1057 1773 1129 1794 esse
1143 1764 1277 1803 Latina,
1293 1767 1372 1793 sunt
1388 1762 1534 1792 Graeca:
1551 1773 1621 1801 τρυ-

918 1814 1012 1851 βλίον
1033 1814 1084 1846 καὶ
1103 1813 1213 1845 κάνεον
1237 1814 1363 1845 Graeca
1381 1811 1483 1843 sunt.'
1529 1812 1618 1852 Ergo

920 1867 999 1897 κανᾶ
1019 1876 1038 1896 a
1053 1864 1173 1900 κάνεον,
1192 1865 1224 1895 in
1242 1863 1363 1904 plurali
1379 1861 1483 1895 κάνεα,
1505 1866 1541 1892 et
1559 1871 1620 1902 per

920 1916 1190 1948 contractionem
1216 1914 1303 1945 κανῖι.
1347 1913 1414 1944 Sed
1438 1913 1620 1950 canistrum,

920 1971 959 1998 ut
975 1967 1103 2007 optime
1114 1966 1212 1996 Voss.
1228 1974 1294 1995 non
1306 1964 1415 1994 minus
1429 1969 1481 1993 est
1493 1973 1512 1993 a
1524 1962 1621 1994 Grae-

920 2027 960 2048 co
975 2027 1072 2059 quam
1089 2026 1178 2048 cana.
1223 2015 1255 2046 A
1272 2024 1355 2046 voce
1368 2012 1540 2053 κάναο-τρον
1555 2012 1620 2043 sci-

919 2069 1013 2103 licet,
1027 2078 1126 2109 quam
1138 2066 1330 2107 Hesychius
1344 2065 1496 2105 exponit,
1509 2062 1620 2102 ὄστρα-

920 2131 985 2159 κον,
996 2118 1157 2159 τρυβλίον,
1169 2118 1289 2148 κανοῦν.
1307 2115 1405 2145 Idem.

960 2177 973 2197 y
1009 2169 1211 2208 Canalicolae]
1240 2169 1406 2198 Forenses
1439 2168 1552 2200 vocat,
1583 2167 1620 2194 nt

919 2221 1023 2252 etiam
1052 2219 1166 2251 Graeci
1194 2215 1364 2258 ἀγοραίους,
1388 2215 1452 2246 hoe
1475 2220 1540 2253 est,
1562 2225 1620 2252 χυ-

920 2270 1030 2301 δαίους.
1075 2269 1236 2300 Ceterum
1272 2264 1436 2306 singulari
1467 2273 1619 2298 numero,

916 2324 1044 2361 propter
1058 2320 1203 2352 canalem,
1216 2316 1399 2357 legendum
1412 2318 1476 2354 est,
1488 2323 1569 2353 non,
1581 2318 1620 2345 ut

921 2373 988 2411 hic,
1003 2374 1127 2412 propter
1148 2370 1280 2399 canales.
1326 2368 1468 2398 Plautus
1491 2365 1620 2397 Curcu-

922 2423 1033 2453 lione:
1060 2426 1066 2438 ‘
1087 2421 1126 2450 In
1144 2419 1217 2450 foro
1234 2417 1347 2448 infimo
1373 2417 1450 2448 boni
1468 2416 1619 2446 homines

923 2476 1025 2512 atque
1063 2469 1151 2499 dites
1188 2468 1375 2499 ambulant.
1422 2466 1462 2497 In
1496 2465 1619 2499 medio,

923 2527 1066 2563 propter
1103 2521 1263 2555 canalem,
1304 2519 1351 2550 ibi
1388 2522 1619 2550 ostentatores

922 2572 1028 2604 meri.'
1050 2573 1116 2602 JOS.
1134 2571 1218 2602 Scal.

969 2620 1171 2660 Ccmalicolae]
1196 2621 1362 2651 Forenses
1387 2620 1538 2650 homines
1562 2626 1621 2659 qul

924 2672 1012 2703 circa
1029 2671 1160 2703 canales
1172 2669 1237 2701 fori
1254 2669 1494 2700 versabantur:
1522 2668 1621 2700 Grae·

925 2722 972 2754 cis
989 2722 1138 2762 ἀγοραῖοι.
1184 2721 1253 2752 Per
1276 2720 1410 2752 canales
1426 2724 1539 2750 autem
1556 2716 1619 2748 fori
