1835 2906
351 185 414 215 DE
448 183 718 215 VERBORUM
753 181 1163 214 SIGNIFICA'l'lONE
1199 183 1290 212 LIB.
1322 183 1394 213 111.

1509 174 1593 215 145

151 279 359 320 Caviares
373 283 398 302 ¹¹¹
429 279 585 319 hostiae
620 278 898 327 dicebantur,
933 277 1051 330 quod
1087 278 1282 327 caviae‚¹⁷
1311 278 1354 318 id
1386 281 1469 327 est,
1490 291 1592 331 pars

204 347 361 388 hostiae
397 347 538 388 cauda
571 352 702 387 tenus
735 345 967 394 diceretur,
989 348 1030 385 et
1050 345 1290 397 ponebatur
1312 345 1355 385 in
1378 345 1591 387 sacrificio

206 425 285 465 pro
309 414 496 466 collegio
526 413 784 467 pontificum
806 413 957 466 quinto
980 424 1156 466 quoque
1180 424 1307 452 anno.

149 478 385 520 Cavillatio
400 485 417 501 ¹¹
448 484 514 521 est
528 480 689 534 jocosa
711 479 1008 520 calumniatio.

148 544 398 596 Cavillum,⁰
429 546 666 595 cavillatio,
686 546 730 586 id
752 552 832 595 est,
854 546 1006 587 irrisio.

752 675 868 686 eeeeee

191 753 227 781 17
257 750 312 783 Al.
327 762 409 783 care.
458 752 534 782 vid.
552 753 632 784 Not.
650 751 713 782 inf.

872 675 989 686 eeeeee

800 846 942 878 NOTAE

145 930 162 950 e
187 920 395 957 caudicibus,
412 922 445 952 id
470 926 535 962 est,
557 922 774 953 crassioribus
791 926 841 952 ta·

143 970 229 1001 bulis
245 970 377 1003 fierent.
422 972 532 1003 Varro
551 972 608 1002 lib.
625 981 680 1003 ιιι.
704 971 746 1002 de
771 971 841 1002 vita

143 1020 232 1060 Pop.
247 1020 344 1052 Rom.
369 1022 378 1039 ‘
396 1022 495 1054 Quod
514 1022 643 1062 antiqui
660 1022 773 1062 plures
791 1026 840 1052 ta·

143 1069 239 1101 bulas
257 1072 454 1112 conjunctas
478 1072 614 1103 codices
632 1071 804 1110 dicebant,
821 1081 841 1101 a

142 1129 208 1159 quo
225 1120 258 1150 in
273 1120 398 1160 Tyberi
418 1131 503 1151 nave
520 1121 706 1152 codicarias
722 1121 839 1161 appel-

142 1170 271 1200 lamus!
317 1171 401 1202 Inde
419 1171 610 1202 Caudicarii
637 1170 839 1202 dicebantur

141 1219 165 1249 ii
181 1220 238 1260 qui
258 1221 456 1252 caudicariis
474 1222 615 1252 navibus
631 1221 836 1253 frumentum

140 1269 366 1302 advehebant.
391 1271 489 1302 Idem.

183 1325 206 1340 ¹¹¹
225 1320 386 1361 Cat-iares]
411 1321 519 1352 Locus
535 1324 716 1361 corruptus
736 1320 770 1352 in
786 1331 836 1352 se-

140 1371 331 1410 quentibus.
352 1371 548 1412 Legendum
559 1383 567 1403 ε
579 1373 587 1389 ‘
598 1372 839 1403 Caviareshos-

140 1420 196 1450 tiae
215 1420 417 1452 dicebantur
434 1422 522 1462 quod
540 1422 655 1453 caviar
672 1432 748 1462 pars
764 1423 836 1453 bos-

140 1470 196 1501 tiae
209 1471 316 1501 cauda
331 1475 427 1502 tenus
440 1471 638 1503 dicebatur:
672 1472 835 1503 Manifes-

139 1525 210 1551 tum
227 1521 329 1552 estin
353 1531 442 1563 equo
459 1522 616 1561 Octobri,
638 1521 680 1552 de
703 1532 767 1563 quo
783 1523 837 1553 hic

139 1570 263 1610 agitur,
275 1577 406 1611 partem
421 1572 603 1603 secundum
616 1571 755 1602 caudam
766 1572 837 1603 dic-

139 1624 207 1650 tam
222 1625 230 1638 ‘
241 1621 386 1659 Caviar,’
400 1626 435 1652 ut
449 1621 482 1652 in
496 1621 593 1660 bove,
608 1622 616 1638 ‘
630 1622 805 1653 Palaseam
816 1621 837 1659 ;'

138 1670 173 1701 in
190 1680 259 1711 sue,
292 1672 301 1689 ⁴
319 1671 416 1703 offam
448 1671 622 1711 penitam!
670 1672 721 1702 De
749 1681 838 1711 equo

140 1719 298 1760 Octobri,
325 1722 471 1762 inquam,
497 1722 620 1752 Festus
651 1721 833 1760 intelligit:

138 1770 234 1810 cujus
248 1771 334 1801 coda
352 1776 448 1802 tanta
462 1771 640 1802 celeritate
653 1771 685 1800 in
696 1771 835 1810 Regiam

138 1819 388 1859 perferebatur,
409 1826 446 1852 ut
471 1822 605 1861 sanguis
622 1831 741 1852 recens
757 1821 835 1851 inde

138 1870 171 1900 iu
187 1869 299 1902 focum
316 1872 472 1902 stillaret.
506 1871 628 1902 Fiebat
643 1876 755 1902 autem
773 1872 835 1901 lioc

137 1919 339 1951 sacrificium
371 1921 488 1961 quinto
515 1930 649 1962 quoque
674 1930 773 1960 anno,
799 1925 836 1952 ut

137 1978 204 2000 non
220 1971 326 2001 multo
343 1976 421 2011 post
439 1971 609 2011 sequitur:
636 1975 671 2002 et
688 1971 835 2011 Proper-

137 2019 203 2050 tius
219 2019 347 2051 refert:
371 2021 380 2037 ‘
398 2021 520 2053 Qualia
542 2030 632 2051 nunc
654 2026 753 2052 curto
769 2022 836 2052 lus-

136 2075 190 2101 tra
206 2076 377 2103 novantur
393 2071 500 2112 equo!
521 2072 591 2102 Jos.
608 2071 691 2102 Scal.

182 2122 329 2153 Caviares
343 2121 465 2161 hostioe]
490 2122 579 2160 Lege
597 2131 671 2153 cum
686 2121 834 2162 Scalige—

136 2181 192 2204 r0:
226 2172 375 2204 Caviares
401 2172 508 2203 hostire
536 2172 731 2212 dicebantur,
756 2173 835 2212 quod

134 2224 240 2254 caviar
264 2233 335 2264 pars
356 2223 466 2254 hostioe
487 2224 584 2254 cauda
607 2226 697 2254 tenus
717 2224 833 2253 dicere·

136 2277 198 2304 tur.
234 2274 365 2314 Equum
383 2273 568 2305 Octobrem
586 2273 758 2313 intelligit,
774 2273 832 2314 qui

135 2323 172 2353 in
202 2334 324 2364 campo
361 2325 490 2355 Martio
529 2333 647 2355 mense
687 2323 833 2355 Octobri

137 2373 239 2404 Marti
256 2372 503 2404 immolabatur.
549 2374 591 2404 In
615 2383 656 2405 eo
681 2383 758 2414 pars
783 2383 833 2404 se·-

136 2423 283 2455 cundum
301 2423 441 2454 caudam
459 2425 468 2440 ‘
484 2423 596 2454 caviar
607 2423 616 2437 '
628 2423 734 2463 dicta,
747 2424 832 2455 utin

135 2473 236 2513 bove,
251 2474 259 2490 ‘
275 2473 411 2513 palasea
423 2472 443 2510 ;'
460 2473 492 2503 in
509 2482 579 2508 sue,
594 2473 603 2489 ‘
614 2471 682 2503 offa
696 2473 835 2513 penita?

135 2523 223 2554 Vide
238 2524 247 2539 ⁴
262 2523 417 2554 October
433 2521 561 2563 equus.'
584 2522 663 2552 Dac.

180 2579 194 2593 ¹¹
220 2573 401 2613 Cavillalio]
428 2572 578 2603 cavillari
594 2582 611 2603 a
627 2582 742 2604 cavere.
784 2573 832 2604 Is-

137 2621 197 2652 tud
217 2622 584 2662 dejurisprudentibus
602 2622 738 2661 dicitur,
755 2632 830 2653 cum

139 2673 283 2703 consiliis
327 2673 392 2702 suis
434 2671 530 2702 nobis
574 2678 710 2708 cavent,
746 2672 829 2703 illud

138 2731 218 2753 vere
244 2723 474 2761 Leguleiorum
502 2728 537 2754 et
568 2724 758 2755 rabularum
784 2723 830 2753 fo-

225 2773 340 2814 Delph.
355 2778 384 2805 et
400 2775 474 2806 Var.
494 2776 575 2805 Clas.

897 921 1044 952 rensium
1062 922 1247 962 proprium,
1271 930 1346 953 cum
1365 920 1589 961 tergiversan-

897 977 946 1002 tes
977 973 1077 1003 tricas
1106 977 1140 1003 et
1171 982 1320 1003 morosas
1347 971 1433 1012 juris
1464 971 1594 1011 praesti-

896 1022 965 1062 gias
996 1021 1158 1053 effutiunt
1189 1022 1231 1053 ad
1267 1020 1465 1056 fallendum,
1501 1020 1592 1051 unde

894 1071 1063 1112 cavillatio,
1080 1071 1266 1110 frustratio,
1283 1080 1345 1110 per
1367 1070 1522 1101 fraudem
1548 1070 1592 1100 ir-

894 1121 988 1160 risio,
1003 1121 1233 1153 calumniatio.
1264 1122 1309 1151 Et
1324 1120 1514 1151 incavillatio
1530 1128 1592 1159 per

893 1171 1093 1211 despectum
1109 1172 1220 1203 irrisio
1237 1170 1326 1202 infra
1343 1171 1436 1201 Fest.
1453 1170 1591 1201 Glossa-

891 1221 996 1251 rium:
1021 1222 1030 1238 ‘
1048 1221 1231 1262 cavillatio,
1248 1220 1362 1260 ἐνέδρα,
1385 1218 1500 1257 ἀπάτη,
1516 1231 1592 1259 παρ-

891 1269 1092 1309 εγχείρησις.’
1117 1271 1137 1302 i.
1153 1270 1305 1310 Insidiae,
1328 1270 1430 1310 fraus,
1452 1274 1591 1300 conten-

892 1320 952 1352 tio.
976 1321 1072 1352 Idem.

933 1375 947 1390 ⁰
974 1369 1142 1410 Cavillnm]
1182 1370 1323 1401 Dictum
1366 1379 1387 1400 a
1426 1368 1592 1408 cavendo,

892 1421 1141 1460 ὑποκοριστικῶς.
1189 1421 1436 1461 Propriumque
1459 1424 1512 1450 est
1529 1420 1591 1450 Le-

892 1472 1093 1511 guleiorum‚
1131 1476 1166 1502 et
1200 1475 1404 1502 moratorum
1440 1469 1591 1501 verbum.

892 1521 981 1552 Nam
995 1521 1325 1553 Jurisconsultorum
1343 1520 1513 1561 proprium
1530 1521 1591 1550 Ca-

890 1581 972 1602 rere.
1018 1571 1186 1602 Ovidius:
1211 1571 1220 1587 ‘
1240 1571 1304 1602 1110
1323 1580 1415 1610 saepe
1438 1570 1514 1601 loco
1536 1580 1591 1600 ca-

895 1621 988 1661 pitur
1008 1622 1183 1652 consultus
1201 1630 1313 1651 amore
1331 1631 1338 1650 2
1369 1620 1502 1659 Quique
1519 1619 1590 1650 aliis

893 1671 994 1709 cavit,
1009 1680 1077 1701 non
1093 1674 1194 1701 cavet
1210 1670 1281 1709 ipse
1298 1668 1385 1699 sibi!
1417 1668 1590 1698 Tibullus:

887 1724 896 1737 ‘
912 1720 1000 1751 Haec
1016 1721 1096 1750 mihi
1115 1730 1190 1761 quae
1207 1728 1363 1750 caverem
1377 1718 1589 1756 Titio‚Deus

888 1770 994 1800 edidit
1021 1769 1103 1800 ore.'
1150 1768 1261 1800 Hodie
1294 1768 1426 1808 inepte,
1449 1777 1516 1807 quoe
1539 1778 1589 1798 ca-

888 1831 991 1852 nerem
1010 1821 1102 1861 Tityo
1117 1831 1127 1851 .·
1152 1819 1243 1849 nullo
1259 1827 1367 1848 sensu.
1411 1816 1459 1847 At
1474 1816 1590 1847 Tibul-

888 1871 940 1901 lus
977 1879 1014 1901 se
1045 1869 1250 1910 prudentum
1278 1878 1372 1898 more
1403 1867 1446 1898 de
1476 1876 1589 1898 amore

890 1921 1026 1960 publice
1045 1929 1283 1960 responsurum
1306 1917 1446 1949 cuilibet
1470 1927 1589 1948 consu-

889 1970 974 2002 lenti
1003 1969 1173 2010 proponit.
1221 1968 1320 2001 Quod
1349 1978 1391 1999 ex
1418 1968 1590 2008 sequenti-

888 2020 963 2059 bus,
979 2025 1012 2051 et
1028 2030 1070 2050 ex
1087 2020 1222 2050 nomine
1238 2018 1323 2049 Titii
1341 2022 1502 2059 apparet:
1528 2016 1588 2047 sed

890 2071 946 2112 qui
977 2075 1216 2110 corruperunt,
1243 2069 1445 2109 ignorarunt
1470 2076 1588 2097 secun·

889 2121 964 2152 dam
989 2125 1024 2152 et
1046 2121 1184 2152 tertiam
1207 2118 1480 2159 conjugationem
1509 2125 1589 2146 can-

888 2171 965 2202 dem
990 2171 1078 2211 apud
1101 2171 1246 2201 Veteres
1275 2168 1402 2198 fuisse:
1428 2171 1464 2196 ut
1484 2166 1589 2205 igitur

888 2222 1131 2253 deminuerunt
1162 2229 1286 2250 nomen
1318 2218 1351 2248 in
1382 2216 1587 2247 formulariis

889 2272 967 2312 illis,
996 2271 1188 2311 Leguleios,
1217 2278 1282 2299 non
1313 2266 1586 2308 jurisprudentes

889 2327 1064 2361 vocantes,
1087 2321 1135 2352 sic
1164 2324 1199 2350 et
1232 2318 1372 2349 verbum
1409 2315 1587 2358 professio-

888 2373 959 2404 nis:
992 2382 1067 2403 cum
1105 2371 1263 2408 cavillare,
1299 2378 1365 2398 non
1394 2377 1500 2398 cavere
1529 2375 1586 2396 eos

889 2423 1062 2462 dicebant,
1077 2425 1219 2461 propter
1241 2418 1354 2452 tricas,
1377 2422 1412 2448 et
1434 2426 1585 2447 morosas

883 2474 971 2514 juris
997 2471 1198 2512 praestigias.
1242 2469 1330 2500 Sane
1358 2468 1406 2498 ita
1432 2476 1505 2497 esse
1533 2466 1585 2495 vel

888 2533 974 2555 tinus
989 2521 1221 2553 Tertullianus
1244 2519 1326 2550 satis
1354 2518 1502 2557 dederit,
1529 2516 1585 2557 qui

887 2574 921 2605 in
938 2572 1024 2603 libro
1041 2571 1084 2602 de
1099 2579 1222 2601 corona
1237 2569 1304 2600 ait:
1323 2571 1331 2586 ⁶
1346 2567 1499 2598 omnibus
1516 2576 1586 2597 mo-

886 2623 937 2653 dis
955 2620 1203 2660 cavillandum,'
1231 2619 1264 2650 id
1281 2622 1346 2659 est,
1370 2618 1558 2649 cavendum
1576 2628 1584 2648 2

885 2671 1034 2703 παντοίως
1046 2668 1294 2711 περιεργαστέον.
1329 2670 1406 2701 Non
1425 2679 1504 2708 ergo
1526 2668 1583 2698 ob-

885 2733 1032 2764 scurum,
1046 2733 1148 2765 quare
1173 2723 1206 2753 in
1224 2723 1340 2753 vitium
1360 2720 1500 2752 verterit
1521 2720 1583 2749 hoc

762 2777 873 2815 Pomp.
890 2777 918 2807 F
917 2779 974 2807 est.
1465 2774 1497 2803 K
