1835 2906
195 134 250 174 40

199 238 486 290 Aditiculum,
508 254 688 295 parvum
710 243 890 284 aditum.

621 135 782 178 'snx'rr
818 148 1019 178 POMPEH
1055 149 1189 179 Fsssri

197 306 398 349 Adlectif
426 309 683 351 dicebantur
703 311 823 364 apud
855 311 1098 360 Romanos,
1120 312 1193 364 qui
1226 318 1403 367 propter
1436 316 1629 369 inopiam

255 389 314 416 ex
334 379 521 430 equestri
555 379 704 420 ordine
739 380 785 419 in
814 384 1064 420 senatorum
1094 384 1197 420 sunt
1231 394 1403 423 numero
1427 385 1630 425 assumti:

252 456 355 485 narn
393 449 541 498 patres
578 446 807 496 dicuntur,g
850 447 926 500 qui
962 452 1064 487 sunt
1097 448 1271 500 patricii
1305 452 1496 502 generis:
1528 464 1633 493 con-

256 512 425 565 scripti,
446 513 520 566 qui
541 514 585 554 in
606 519 753 554 senatu
775 518 874 554 sunt
890 514 1067 567 scriptis
1089 516 1297 557 annotati.

199 577 399 622 Adlicith
432 586 512 631 est,
543 582 743 635 perducit
765 582 956 634 aliquem
987 582 1032 622 in
1053 587 1211 623 remz¹¹
1245 583 1414 624 dictum
1442 597 1469 625 a
1504 586 1632 626 verbo

255 646 378 697 lacit,
399 647 445 687 id
464 652 545 698 est,
562 649 737 702 decipit.

798 648 919 690 Hinc
941 649 1167 691 descendit
1186 650 1376 701 inlicere,
1411 657 1455 692 et
1487 653 1634 693 oblec-

255 718 364 764 tare,
384 714 428 755 id
448 720 527 766 est,
549 716 826 758 frustrantem
846 717 1101 758 inducere.¹2

200 780 460 832 Adlivescit,
480 783 614 823 livere
635 784 812 837 incipit:
843 784 924 826 hoc
944 788 1022 834 est,
1043 785 1225 826 lividum
1248 785 1353 827 fieri.

201 847 470 889 Admissivae
492 848 616 890 avesi
649 851 903 892 dicebantur
925 853 979 892 ab
1001 853 1248 904 auguribus,
1269 867 1367 907 quae
1401 854 1630 894 consulen-

258 920 343 954 tem
359 915 615 968 juberent.¹³

201 980 445 1033 Adnictat,k
481 996 616 1036 saepe,
636 988 679 1024 et
705 983 860 1025 leviter
882 985 1010 1026 oculo
1038 986 1198 1027 annuit.

1260 987 1447 1029 Naevius
1477 987 1519 1028 in
1548 987 1635 1028 Ta-

802 1105 897 1120 ροοΝ
902 1105 1037 1117 ’ΜΝ

245 1194 282 1221 ll
298 1191 521 1222 CensetDac.
537 1191 648 1223 forsan
665 1192 918 1223 rescribendum
934 1193 1077 1233 perducit
1093 1194 1223 1233 aliquem
1236 1194 1268 1224 in
1285 1197 1446 1225 rete.-—l2
1464 1194 1635 1233 Frustrari,

200 1243 251 1264 seu
264 1235 406 1265 inducere
421 1235 601 1275 legendum
618 1241 730 1266 monet
744 1236 838 1267 Fulv.
854 1236 1051 1267 Ursin.—l3
1077 1236 1309 1276 Alinjucarent,
1329 1242 1415 1268 teste
1430 1238 1518 1269 Seai.

857 1346 995 1377 NOTAE

244 1405 254 1424 Τ
268 1407 405 1447 Adlecti]
427 1407 530 1438 Totus
545 1408 599 1439 hic
619 1409 711 1440 locus
728 1408 769 1439 de
788 1409 890 1440 Sena·

201 1454 331 1486 toribus
355 1457 452 1486 nimis
479 1458 638 1497 praecisus
663 1463 715 1489 est
732 1469 751 1489 a
772 1460 890 1491 Paulo.

200 1505 286 1535 Sunt
301 1506 390 1536 enim
411 1506 587 1538 Senatores
603 1508 734 1543 Patres,
751 1509 892 1540 Senato-

201 1565 255 1586 res
279 1556 414 1595 patricii
444 1558 587 1597 generis,
615 1563 650 1588 et
673 1559 892 1598 patriciorum

202 1610 375 1636 auctores:
402 1612 479 1637 sunt
502 1607 682 1639 Senatores
707 1609 892 1649 conscripti

202 1665 220 1685 a
250 1656 285 1687 L.
311 1656 412 1688 Junio
443 1657 564 1694 Bruto,
608 1667 650 1689 ex
691 1660 892 1698 primoribus

202 1707 369 1746 equestris
393 1707 532 1748 ordinis,
559 1712 595 1738 ut
621 1709 732 1739 Livius
763 1710 894 1748 scribit,

201 1756 323 1787 adlecti.
368 1757 412 1787 Hi
429 1758 530 1796 igitur
543 1758 666 1789 adlecti
681 1760 894 1799 dicebantur,

202 1806 291 1846 quod
309 1812 447 1846 propter
463 1808 789 1847 inopiamSenatorii
806 1811 891 1841 ordi·

201 1856 252 1886 nis
270 1865 311 1886 ex
328 1857 494 1897 equitibus
511 1859 647 1889 assumti
668 1864 754 1891 sunt.
796 1859 892 1890 Idem
939 1860 945 1863 ⁴

197 1904 327 1937 facturn
346 1912 397 1937 est
414 1912 489 1947 post
507 1918 649 1948 pugnam
672 1909 893 1951 Cannensem,

201 1958 343 1988 adiectis
360 1969 379 1989 a
399 1958 576 1990 Dictatore
594 1960 643 1990 M.
660 1960 764 1991 Fabio
790 1962 894 1992 Bute-

202 2016 265 2038 one
282 2008 396 2049 iis‚qui
410 2009 640 2048 magistratum
656 2011 895 2051 obtinuissent,

201 2069 312 2101 neque
338 2062 369 2091 in
386 2062 546 2093 Senatum
571 2064 649 2094 lecti
673 2068 796 2098 essent,
815 2065 894 2094 item

204 2112 260 2151 qui
277 2112 384 2152 spolia
402 2113 503 2150 domi,
522 2118 580 2144 aut
605 2114 743 2144 civicam
765 2115 897 2145 habuis-

202 2168 289 2194 sent.
308 2163 402 2193 Idem
416 2164 532 2195 Festus
546 2164 648 2195 verbo
660 2164 746 2198 ‘Qui
764 2165 900 2204 patres,’

204 2213 286 2243 alios
311 2218 466 2243 auctores
491 2219 640 2252 secutus,
663 2225 681 2245 a
705 2215 744 2246 P.
760 2216 895 2246 Valerio

205 2262 283 2293 Cos.
312 2264 520 2303 conscriptos
548 2263 664 2294 refert.
710 2265 894 2306 Dionysius

204 2314 379 2353 utriusque
410 2315 561 2345 Consulis
591 2315 764 2345 consilium
795 2315 896 2346 fuisse

206 2363 266 2402 ait,
282 2368 315 2393 et
334 2364 443 2399 Bruti,
460 2369 493 2395 et
512 2364 714 2397 Publicolae.
760 2366 896 2397 Tacitus

206 2423 282 2444 cum
312 2414 407 2444 Livio
444 2416 627 2454 consentit,
668 2421 895 2457 praeterquam

204 2462 292 2503 quod
310 2473 366 2493 eos
385 2464 546 2495 minorum
564 2466 712 2505 gentium
734 2467 897 2507 appellat,

205 2514 295 2554 quod
329 2514 439 2544 Livius
466 2520 599 2545 centuni
627 2517 847 2548 Senatoribus
877 2528 896 2548 a

203 2564 326 2595 Prisco
355 2574 433 2603 rege
459 2565 602 2596 adiectis
633 2567 763 2598 tribuit.
808 2568 896 2598 Vide

206 2615 308 2645 etiam
347 2615 483 2647 Festum
522 2616 622 2648 verbo
659 2617 895 2659 ‘Conscripti.'

207 2666 285 2697 Ant.
301 2666 384 2705 Aug.

988 1409 1128 1449 Adlecli]
1156 1410 1222 1440 Eos
1245 1408 1403 1448 intelligit
1425 1409 1480 1449 qui
1507 1409 1638 1439 exactis

948 1460 1080 1500 regibus
1103 1466 1239 1500 propter
1261 1460 1402 1490 Senatus
1427 1459 1571 1499 inopiam
1596 1468 1638 1489 ex

947 1511 1149 1551 primoribus
1169 1511 1334 1550 equestris
1356 1509 1481 1540 ordinis
1499 1519 1517 1539 a
1534 1508 1638 1539 Lucio

946 1562 1048 1594 Junio
1064 1562 1170 1592 Bruto
1188 1561 1326 1592 assumti
1348 1566 1435 1591 sunt.
1481 1560 1553 1591 Liv.
1580 1560 1637 1589 lib.

948 1621 987 1645 Π.
999 1612 1099 1643 iidem
1114 1618 1149 1643 et
1159 1611 1326 1651 conscripti
1336 1611 1431 1650 dicti,
1444 1611 1520 1642 vide
1534 1616 1541 1627 ¹
1553 1611 1638 1641 Con-

948 1664 1064 1703 scripti
1078 1662 1086 1675 '
1101 1667 1135 1694 et
1151 1662 1240 1694 ‘Qui
1259 1661 1397 1701 patres.’
1422 1662 1502 1692 Dae.

989 1719 1004 1740 ἕ
1022 1714 1105 1752 Nam
1124 1716 1228 1753 patres
1240 1712 1400 1752 dicuntur]
1416 1711 1509 1742 Infra
1523 1715 1634 1742 tamen

947 1773 966 1794 a
990 1770 1139 1803 pateruae
1163 1772 1252 1793 curae
1280 1762 1496 1792 similitudine
1519 1762 1639 1792 Patres

948 1815 1136 1854 appellatos
1151 1813 1255 1843 dicit:
1273 1811 1348 1842 vide
1364 1812 1395 1842 in
1409 1817 1416 1829 ‘
1431 1811 1576 1843 Patres.'
1590 1812 1640 1842 111.

989 1863 1002 1884 ¹¹
1015 1864 1148 1903 Adlicit]
1175 1863 1204 1894 Α
1222 1863 1315 1897 lacio,
1339 1863 1427 1903 quod
1442 1867 1491 1892 est
1509 1862 1636 1903 decipi-

949 1915 1036 1945 endo
1053 1915 1084 1945 in
1103 1913 1256 1944 fraudem
1274 1913 1405 1944 induco.
1450 1913 1537 1944 Vide
1555 1915 1564 1929 ‘
1579 1914 1641 1944 La-

950 1963 1019 1995 cit.‘
1065 1964 1146 2003 Ista,
1173 1962 1313 2002 perducit
1344 1963 1474 2002 aliquem
1504 1963 1537 1993 in
1565 1973 1643 1999 rem,

950 2015 1029 2045 mihi
1055 2020 1213 2055 suspecta
1241 2018 1328 2044 sunt.
1377 2013 1642 2044 Rescribenduni

951 2065 1076 2105 forsan,
1089 2065 1228 2105 perducit
1243 2065 1373 2103 aliquem
1386 2064 1417 2093 in
1430 2067 1505 2094 rete.
1536 2064 1591 2094 Sic
1608 2070 1643 2094 et

951 2117 1065 2147 illicere
1090 2116 1225 2156 proprie
1242 2120 1293 2145 est
1313 2114 1476 2153 illaqueare
1503 2119 1536 2143 et
1556 2114 1644 2153 pelli-

953 2177 1030 2202 cere,
1046 2167 1078 2197 in
1095 2165 1246 2196 fraudem
1265 2164 1436 2194 inducere.
1462 2164 1558 2194 Idem.

994 2216 1000 2236 ¹
1014 2216 1198 2248 Aslmissivoe
1208 2214 1293 2254 aves]
1308 2214 1391 2246 Qum
1403 2212 1555 2244 faventes
1570 2223 1644 2253 pro-

951 2268 1097 2307 positum
1112 2271 1260 2296 nostrum
1275 2264 1460 2304 nosjnbent
1476 2264 1644 2304 persequi,

951 2323 985 2347 et
1003 2317 1177 2347 consilium
1195 2320 1343 2345 nostrum
1368 2323 1426 2343 suo
1447 2314 1569 2352 garritu
1591 2313 1643 2343 vel

953 2368 1065 2398 volatu
1082 2366 1211 2397 faciunt
1233 2371 1355 2396 ratum.
1400 2366 1407 2381 ‘
1428 2364 1642 2396 Admittere'

951 2419 1039 2448 enim
1067 2417 1204 2457 proprie
1232 2421 1296 2451 est,
1320 2416 1430 2445 sinere
1453 2414 1538 2445 fieri.
1582 2416 1644 2446 Τε-

952 2473 1039 2499 rent.
1067 2467 1218 2497 Eunuch.
1241 2476 1288 2497 lv.
1317 2469 1346 2496 6.
1373 2465 1460 2495 ‘Sed
1493 2471 1526 2495 tu
1556 2465 1642 2506 qnod

952 2527 1073 2549 cavere
1090 2518 1207 2558 possis,
1219 2518 1358 2548 stultum
1377 2515 1555 2546 admittere
1573 2516 1645 2548 est!

951 2569 1048 2598 Idem.
1597 2598 1600 2601 ,

992 2617 1005 2638 k
1018 2615 1184 2656 Adnictut]
1208 2617 1332 2647 Versus
1352 2616 1461 2647 Naevii
1481 2616 1642 2656 integrio-

951 2679 1002 2700 res
1030 2669 1198 2710 posuimus
1223 2669 1255 2699 in
1284 2667 1539 2707 Conjectaneis:
1567 2673 1643 2698 sunt
