1835 2906
165 89 249 129 360

608 98 756 130 sssx'rl
792 99 990 128 POMPEIl
1029 98 1165 128 FESTI

166 195 473 248 Longitrorsus
487 198 500 214 ‘
521 193 585 235 sic
602 193 776 243 dicitur,
800 194 916 235 sicut
933 193 1206 244 dextrorsus,
1222 194 1511 237 sinistrorsus.

164 258 337 311 L0t0s‚f
364 261 532 301 arboris
569 274 722 313 genus,
746 274 803 301 ex
836 261 964 315 cujus
998 263 1182 302 materia
1210 263 1457 316 frequenter
1494 264 1614 306 tibiae

223 329 404 377 fiebant,
427 329 553 382 cnjus
573 330 725 370 baccis
747 330 869 382 pasti
891 329 1114 382 quondam
1136 317 1386 384 Lotophagi
1407 331 1530 372 dicti.

166 397 363 438 Lucam
386 402 401 425 g
421 397 638 450 appellati
661 395 875 446 dicuntur,
908 397 1027 451 quod
1049 410 1198 438 eorum
1220 399 1337 451 regio
1365 400 1450 440 sita
1471 404 1540 440 est
1561 399 1617 440 ad

224 469 389 518 partem
423 465 566 506 stellae
606 464 827 505 luciferae:
859 466 930 505 vel
965 465 1084 518 quod
1120 465 1223 506 loca
1239 471 1409 507 cretosa
1427 471 1462 513 {⁰
1502 473 1616 517 sunt,

222 533 265 573 id
298 539 383 582 est,
406 533 555 574 multae
584 533 710 582 lucis,
736 532 806 573 vel
832 545 859 573 a
878 532 1074 574 Lucilio¹
1097 531 1242 584 duce,h
1273 534 1345 575 vel
1379 534 1497 588 quod
1530 534 1617 587 pri—

225 601 358 642 mitus
380 602 422 641 in
444 601 546 641 luco
569 600 869 641 consederunt.

167 666 317 710 Lucae
340 669 589 722 appellatur
609 682 687 718 aeS,
710 668 828 722 quod
847 682 902 710 ex
924 670 1036 710 lucis
1059 673 1296 723 captatur.²

767 779 1005 791 “nomae-0

210 858 250 886 20
275 855 470 894 Legendum
496 860 633 887 monent
661 856 750 887 Scal.
778 857 863 887 Dae.
886 866 995 887 aerosa.
1041 856 1186 889 Quidam
1210 855 1292 887 libb.
1315 855 1440 887 habent
1455 856 1617 887 oetheroso.

166 901 227 928 —1
255 898 523 929 Rescribendum
547 905 663 930 monet
691 900 775 931 Dae.
790 911 809 931 ιι
832 900 1004 931 Lucio—2
1029 899 1175 932 Quidam
1199 900 1349 938 capiatur.

830 1018 968 1050 NOTAE

166 1102 342 1140 Scaurum,
359 1102 520 1142 Nigidius
544 1104 632 1144 apud
658 1104 818 1141 Gellium,
835 1110 869 1136 et

167 1153 333 1192 Longum,
350 1158 452 1194 atque
475 1154 718 1187 Terentianus.
752 1156 817 1186 Sed
835 1160 869 1186 et

168 1203 270 1234 Cotta
296 1203 385 1244 apud
420 1204 619 1235 Ciceronem
650 1205 707 1235 lib.
736 1215 792 1237 111.
827 1206 868 1237 de

168 1252 316 1284 Oratore
344 1254 570 1293 reprehensus
597 1260 662 1294 est,
686 1258 773 1295 quod
793 1256 870 1287 Iota

168 1303 318 1342 tolleret,
341 1308 374 1334 et
391 1305 419 1335 E
437 1305 573 1345 plenum
596 1306 741 1337 diceret.
778 1306 868 1337 Vide

167 1355 175 1369 ⁸
193 1352 249 1383 Ab
265 1353 379 1384 oloes!
406 1354 483 1385 Ant.
500 1356 585 1394 Aug.

211 1404 387 1444 Loebesum]
411 1405 573 1435 Serviana
600 1406 756 1437 schedia:
782 1408 789 1423 ‘
809 1407 868 1438 Sa—

168 1454 238 1485 bini
263 1455 423 1485 Cererem
453 1465 572 1494 panem
590 1457 788 1496 appellant:
817 1458 868 1487 Li-

169 1505 300 1544 berum,
319 1506 517 1545 Loebasium,
539 1507 619 1547 qnia
634 1507 758 1538 Graece
776 1508 869 1546 λοιβὴ

166 1556 294 1586 dicitur
313 1566 364 1586 res
383 1556 518 1587 divina.’
542 1558 612 1588 dos.
631 1557 715 1589 Scae.

209 1605 386 1646 Loehesum]
411 1606 479 1637 Pro
490 1607 518 1638 ei
532 1608 583 1637 vel
601 1608 612 1637 i
630 1609 870 1641 terminatione

167 1656 292 1688 Graeca
322 1657 468 1689 Veteres
499 1658 698 1691 scribebant
724 1671 761 1691 α’.
812 1661 869 1692 Sic

166 1708 245 1738 aloes
271 1718 331 1748 pro
357 1708 432 1739 illis.
465 1708 623 1739 Loebesum
643 1719 704 1750 pro
726 1710 869 1741 leibesum

167 1758 221 1788 vel
238 1758 376 1794 abesam,
392 1758 425 1789 id
444 1764 508 1799 est,
534 1759 673 1792 liberum.
698 1760 869 1802 Loebertas,

166 1808 307 1839 libertas.
335 1811 420 1841 Dae.

209 1865 222 1880 θ
248 1860 487 1901 Longitrorsus]
510 1860 563 1892 Ad
583 1862 731 1902 longum,
750 1863 782 1894 in
800 1864 870 1895 lon·

169 1920 259 1950 gum,
274 1913 407 1950 longum
426 1921 554 1944 versus.
579 1913 678 1943 Idem.

215 1960 226 1981 ¹
244 1961 354 2002 Latos]
378 1961 489 1993 Arbor
503 1968 554 1994 est
572 1963 701 2004 Lydiae,
720 1964 811 1996 unde
829 1966 872 1996 ti-

168 2010 232 2042 biae
248 2011 388 2049 fiebant,
406 2023 480 2054 quae
497 2018 532 2044 et
549 2013 625 2045 ideo
634 2013 870 2046 AwroiGraecis

169 2060 282 2092 dietae.
310 2062 465 2103 Euripid.
489 2063 608 2094 etalii.
639 2064 750 2095 Latini
768 2066 870 2096 etiam

167 2113 223 2143 loti
239 2122 299 2152 pro
315 2113 418 2144 tibiis.
456 2113 486 2144 A
504 2115 574 2145 loto
598 2115 679 2146 dicti
696 2115 869 2156 Lotophagi

168 2163 284 2203 populi
302 2169 337 2193 et
353 2163 571 2204 Lotophagitis
586 2165 705 2198 insula.
737 2166 834 2198 Idem.

211 2218 225 2239 g
251 2214 389 2254 Lucani]
412 2214 519 2246 Italiae
537 2216 665 2256 populi,
686 2217 742 2257 qui
766 2217 867 2248 Brut-

170 2264 235 2294 tios
263 2265 592 2305 complectebantur,
617 2276 635 2296 a
659 2267 869 2298 Samnitibus

172 2315 248 2344 orti.
281 2315 429 2346 Λευκανοὶ
447 2315 570 2347 Graece
586 2327 604 2347 a
619 2316 742 2353 λευκὸς,
759 2317 868 2357 albus,

170 2374 248 2400 nou,
276 2366 366 2406 quod
394 2376 509 2398 eorum
534 2367 626 2407 regio
651 2367 716 2398 sita
739 2368 783 2399 sit
806 2368 869 2399 snb

171 2421 270 2455 parte
287 2417 392 2447 stellae
408 2416 556 2449 luciferae
573 2429 580 2448 :
607 2418 691 2458 sive,
708 2418 796 2460 quod
814 2429 869 2450 eo—

171 2476 244 2496 rum
262 2466 335 2497 loca
351 2477 447 2498 aerosa
464 2470 554 2499 sint:
580 2468 628 2500 ita
643 2469 733 2500 enim
753 2470 869 2511 legen-

172 2517 264 2555 dum,
292 2526 355 2547 non
379 2522 516 2549 cretosa.-
553 2519 611 2549 sed
638 2520 727 2560 quod
753 2530 868 2551 eorum

172 2572 264 2598 terra
282 2567 444 2606 albescat,
470 2574 609 2609 propter
634 2571 785 2611 argillam
804 2571 870 2602 for-

174 2624 274 2649 tasse.
315 2618 368 2648 De
398 2618 541 2649 Lucanis
569 2619 640 2651 fuse
664 2622 786 2653 Strabo
811 2623 868 2654 lib.

175 2678 224 2700 vr.
250 2670 346 2699 Idem.

966 1105 979 1125 ¹¹
1010 1106 1065 1136 Vel
1080 1117 1098 1136 α
1111 1105 1231 1136 Lucilio
1243 1104 1333 1145 duce]
1354 1102 1620 1134 Rescribendum

923 1167 942 1186 α
957 1156 1066 1186 Lucio.
1100 1156 1150 1186 Ex
1170 1154 1323 1186 Eustatli.
1350 1153 1382 1184 in
1401 1153 1541 1193 Dionys.
1555 1152 1622 1182 Pe-

923 1208 1005 1246 rieg.
1029 1206 1064 1236 ‘H
1082 1205 1114 1237 δὲ
1129 1208 1191 1236 τῶν
1205 1205 1366 1236 Λευκανῶν
1379 1203 1468 1234 πόλις
1483 1201 1620 1238 Λευκάνη

922 1257 1095 1298 βαρυτόνως
1111 1256 1240 1296 ἐλέγετο
1255 1255 1315 1286 ἀπὸ
1331 1253 1457 1285 Λευκίου
1471 1252 1565 1284 τινός.
1592 1253 1620 1283 I.

924 1308 934 1324 ‘
951 1308 1163 1339 Lucanorum
1182 1306 1260 1337 urbs
1284 1307 1419 1337 Lucana
1446 1304 1621 1344 gravitone

924 1359 1102 1389 dicebatur
1126 1368 1145 1388 a
1172 1357 1276 1388 Lucio
1294 1354 1462 1396 quoda1n.'
1501 1355 1621 1395 Neque

923 1419 940 1439 a
957 1409 1076 1439 Lucilio
1103 1417 1248 1449 unquam
1267 1406 1407 1437 Lucania
1432 1405 1498 1435 dici
1523 1410 1621 1444 potu-

924 1459 1015 1489 isset.
1039 1459 1202 1490 Quamvis
1220 1466 1327 1498 neque
1341 1466 1358 1486 a
1376 1456 1473 1487 Lucio
1488 1454 1623 1486 formari

924 1514 1038 1549 potest
1055 1509 1206 1540 Lucania.
1245 1508 1337 1538 Vera
1360 1507 1499 1537 nominis
1525 1507 1625 1545 ratio,

925 1570 1025 1602 quam
1043 1569 1142 1600 supra
1156 1559 1338 1600 posuimus.
1363 1559 1460 1589 Idem.

964 1610 972 1630 ί
995 1609 1113 1650 Lucar]
1156 1608 1246 1639 Vide
1287 1607 1374 1638 infra
1415 1612 1424 1624 ¹
1449 1605 1623 1637 Pecunia.'

924 1661 1100 1692 Plutarch.
1125 1659 1235 1699 probl.
1269 1658 1328 1689 Διὰ
1342 1657 1374 1688 τί
1389 1657 1425 1688 τὸ
1439 1656 1624 1696 τελούμενον

924 1710 966 1742 εἷς
992 1709 1073 1750 θέας,
1088 1711 1205 1749 λοῦκαρ
1221 1709 1389 1747 καλοῦσιν;
1415 1708 1434 1745 ἢ
1450 1708 1497 1739 ὅτι
1518 1706 1625 1738 πολλά

925 1764 1011 1794 ἐστιν
1026 1762 1113 1793 ἄλλα
1128 1761 1195 1802 περὶ
1209 1761 1268 1799 τὴν
1278 1760 1372 1792 πόλιν
1382 1758 1523 1798 ἀνειμένα
1534 1761 1624 1795 θεοῖς,

924 1814 943 1846 ἃ
959 1815 1091 1846 καλοῦσι
1107 1815 1249 1852 λούκους,
1277 1812 1328 1844 καὶ
1346 1813 1405 1849 τὴν
1426 1811 1486 1842 ἀπὸ
1508 1810 1626 1842 τούτων

923 1866 1075 1907 πρόσοδον
1091 1864 1133 1896 εἷς
1148 1863 1205 1895 τὰς
1220 1862 1290 1895 θέας
1314 1862 1493 1900 ἀνήλισκον.
1524 1862 1624 1894 Glos-

924 1927 990 1947 sar.
1007 1918 1016 1933 ⁴
1036 1917 1161 1956 Lucar,
1177 1914 1335 1955 θεατρικὸν
1358 1913 1525 1955 αργύριον.’
1550 1913 1624 1944 Fue.

930 1968 1043 1998 Ursin.

965 2018 1084 2058 Lucar]
1138 2014 1306 2056 Θεατρικὸν
1334 2024 1352 2045 a
1390 2013 1553 2048 Charisio,
1588 2016 1624 2044 et

923 2068 1067 2107 Glossis,
1100 2067 1249 2108 itemque
1284 2064 1389 2104 μισθὸς
1413 2063 1472 2094 ἀπὸ
1498 2062 1623 2102 φίσκου.

923 2119 1026 2159 Apud
1048 2118 1174 2149 Livium
1195 2117 1251 2147 lib.
1269 2125 1325 2146 nr.
1347 2114 1493 2155 ‘Pythio
1520 2113 1625 2153 Apol-

923 2169 993 2207 lini,
1011 2167 1186 2207 republica
1204 2170 1317 2197 vostra
1332 2164 1416 2196 bene
1443 2168 1538 2204 gesta
1556 2172 1623 2193 ser-

924 2224 1082 2259 vataque,
1105 2217 1208 2248 lucris
1226 2216 1354 2247 meritis
1372 2216 1496 2247 donum
1521 2214 1627 2245 mitti-

924 2274 997 2301 tote
1011 2269 1031 2300 ε’
1078 2269 1168 2299 nulla
1205 2267 1437 2299 controversia
1469 2266 1625 2306 legimus,

924 2319 1038 2350 lucaris
1054 2319 1157 2350 meriti
1170 2319 1281 2348 (Ionum
1293 2329 1303 2347 .·
1327 2327 1368 2348 ex
1382 2326 1422 2348 eo
1440 2317 1552 2347 lucare
1570 2316 1627 2346 da-

926 2369 1027 2401 batur
1056 2369 1199 2410 pecunia
1230 2369 1263 2399 in
1291 2373 1419 2399 sumtus
1446 2372 1481 2398 et
1498 2368 1625 2407 impen—

926 2432 980 2453 sas
1007 2421 1170 2455 scenicas,
1200 2420 1287 2451 unde
1304 2417 1460 2459 θεατρικὸν
1487 2422 1626 2448 vertunt

924 2472 1169 2504 Grammatici:
1211 2470 1331 2511 quibus
1369 2467 1529 2510 impensis
1556 2477 1625 2497 mo-

924 2523 1004 2553 dum
1032 2521 1159 2553 factum
1187 2519 1303 2557 fuisse,
1325 2524 1359 2549 et
1389 2520 1475 2550 lucar
1490 2517 1624 2547 histrio-

924 2582 1001 2603 nuni
1011 2571 1196 2603 coercitum
1210 2567 1415 2609 temporibus
1426 2565 1626 2604 Tiberianis,

926 2623 1029 2654 refert
1044 2622 1181 2653 Tacitus
1195 2619 1315 2652 Annali
1331 2618 1448 2659 primo.
1485 2617 1625 2648 Invenio

927 2675 959 2705 in
973 2674 1079 2705 veteri
1097 2671 1452 2712 inscriptione,wcm
1464 2667 1622 2700 nuum
