1835 2906
363 143 422 173 or:
456 140 727 172 vennonum
761 136 1173 170 smmi-lominum
1210 136 1302 166 mu.
1336 135 1440 166 xw.
1546 124 1630 166 623

192 238 327 279 Persa
349 238 638 280 Praeeidanca
660 233 846 276 diciturb
867 247 952 288 quse
974 238 1066 271 ante
1089 230 1289 271 immolari
1308 230 1419 278 solet,
1465 229 1629 283 [FES'1·‚

247 306 353 361 quod
371 320 504 359 genus
526 306 699 353 hostiae,
720 302 838 358 quod
859 307 952 342 ante
972 313 1114 340 novam
1131 298 1303 354 frugem
1327 296 1630 352 praecideretur,

243 374 531 429 prcecz'darium
555 373 853 427 appellabant.

192 441 427 483 ΡΙιιεευιίωε
458 440 532 482 libi
553 438 754 496 quoddam
778 451 904 494 genus
924 439 1091 477 vocatur
1111 448 1169 476 ex
1197 434 1334 476 tribus
1364 432 1517 487 pulcib.
1531 432 1632 488 fac-

248 517 358 550 tum:
391 509 467 550 alii
486 508 625 549 dicunt
642 520 767 563 genas
783 505 917 560 pultis
939 517 1039 546 cum
1062 503 1203 544 tribus
1223 500 1472 542 libamentis.

191 577 457 627 Praecidere‚
478 575 747 623 antecedere,
771 573 817 614 id
837 576 921 621 est,
943 569 1310 613 anteimmolare.
1452 568 1630 622 [PAUL-

192 645 414 687 Praedia¹⁸
435 657 583 686 rursus
599 642 784 684 Verrius
806 640 953 682 vocari
975 640 1036 680 ait
1055 652 1108 679 ea
1126 636 1328 685 remedia,
1351 648 1448 689 quae
1469 636 1635 690 [FEST.

250 713 355 755 data
390 712 578 754 Caecilia
611 723 722 751 uxor
754 708 985 762 Tarquinii
1013 706 1156 748 Prisci
1176 704 1394 747 invenisse
1412 705 1636 745 existima-

251 787 332 832 tur,
350 785 391 822 et
411 780 706 822 immiscuisse
722 789 834 818 onus
857 788 965 825 suae,
998 788 1085 829 qua
1102 774 1345 828 praecincta
1366 776 1514 813 statua
1536 771 1634 826 ejus

251 852 331 899 est,
362 849 405 889 in
442 847 537 890 aede
571 844 747 895 sancti,d
778 845 854 898 qui
884 844 1004 885 Deus
1035 843 1150 884 Dius
1173 841 1330 883 Fidius
1350 845 1546 889 vocatur,
1578 852 1637 880 ex

252 930 338 971 qua
360 917 491 958 Zona
520 914 821 969 periclitantes
853 916 1047 952 ramenta
1075 914 1277 951 sumunt:
1309 921 1363 950 ea
1393 907 1544 949 vocari
1575 907 1639 948 ait

251 983 474 1038 praedia,¹9
504 982 622 1037 quod
644 981 762 1022 mala
783 980 1062 1034 prohibeant.

197 1052 486 1094 Praedonulos
500 1056 534 1074 20
548 1056 562 1073 θ
608 1049 720 1091 Cato
756 1050 1057 1103 ὑποκοριστικῶς,
1098 1045 1210 1087 dixit
1242 1045 1288 1086 in
1324 1042 1640 1098 Epistularum.

256 1119 375 1170 Quia
395 1132 515 1173 saepe
539 1117 664 1158 utiles
685 1115 888 1161 videntur
910 1114 1167 1169 praedonuli.
1195 1121 1198 1125 '

197 1187 482 1231 Praedonulos
504 1186 805 1239 ὑποκοριστικῶς,
825 1182 870 1224 id
893 1187 978 1232 est,
1002 1181 1279 1230 diminutive,
1298 1179 1414 1220 idem
1458 1178 1641 1232 [PAULe

255 1254 364 1297 Cato
386 1253 535 1309 posuit
554 1265 633 1307 pro
657 1250 956 1305 praedonibus„

807 1380 865 1392 000
869 1379 1044 1393 OOOOOOOOO

245 1468 285 1497 18
306 1464 368 1495 ‘In
399 1462 501 1493 ter-tio
531 1461 760 1501 Conjectaneo
788 1457 978 1489 monuimus
1004 1455 1185 1488 dicendum
1214 1455 1355 1493 Proebra,
1384 1458 1421 1485 ut
1446 1453 1455 1470 ‘
1472 1449 1643 1484 enebra.’'

203 1510 273 1539 Jos.
297 1507 382 1538 Scul.
426 1507 434 1523 ‘
447 1506 539 1544 Lege
555 1503 681 1534 Proebia
706 1502 756 1532 vel
775 1500 916 1535 Proebm,
934 1505 969 1531 et
986 1501 1063 1531 vide
1084 1509 1186 1539 supra
1208 1500 1217 1516 ‘
1232 1497 1391 1530 Praebia.'
1433 1496 1522 1528 Item
1542 1494 1645 1535 infra,

204 1561 272 1592 quae
299 1551 377 1581 Cuia
409 1548 548 1587 Caecilia,
574 1548 625 1584 &a
671 1546 715 1575 Et
744 1544 944 1575 immiscuisse
967 1543 1060 1574 Zonae
1088 1541 1175 1573 auce?
1201 1542 1371 1572 Dea—19
1404 1540 1466 1570 Vir
1493 1538 1585 1569 doct.
1610 1537 1644 1567 in

204 1602 309 1633 marg.
339 1592 394 1624 ed.
417 1591 507 1623 Seal.
529 1588 648 1631 praebia
685 1588 737 1618 vel
765 1586 982 1627 proebz'a.—-20
1016 1585 1213 1627 Legeudum
1242 1588 1357 1616 monet
1379 1583 1469 1616 Scal.
1492 1581 1645 1613 Praedom

204 1638 297 1668 culos,

860 1740 893 1772 N
899 1738 1005 1772 OTAE

203 1833 328 1874 cipium
357 1831 443 1863 male
473 1829 569 1861 haesit
593 1832 670 1870 post
698 1826 899 1869 ‘popularia

203 1883 322 1916 sacra!
363 1881 528 1913 Sacrificii
545 1881 642 1921 liujus
655 1889 766 1920 porcae
784 1877 901 1918 praeci-

204 1936 322 1966 daneae
347 1932 525 1964 formulam
541 1931 614 1962 fuse
633 1930 738 1962 tradit
755 1930 841 1961 Cato
857 1928 901 1959 de

203 1987 243 2017 R.
260 1986 301 2017 R.
317 1994 392 2025 cap.
408 1985 480 2015 134.
506 1983 604 2014 Idem.

246 2036 261 2057 ὓ
300 2034 504 2066 Praecidanea
532 2031 663 2071 dicitur]
699 2030 902 2062 Praecidanea

205 2086 344 2125 (licitur,
358 2084 447 2126 quod
464 2088 545 2115 ante
561 2092 692 2114 sacrum
709 2081 902 2112 caederetur

204 2137 238 2167 id
261 2145 367 2177 genus
389 2134 523 2170 hostiae,
549 2133 639 2174 quod
661 2142 791 2163 sacrum
816 2139 901 2172 prae—

204 2185 628 2225 cidariuiuappellabatur.
675 2182 903 2213 Proecz'darium

206 2241 242 2267 et
266 2236 499 2266 Praeciilaneum
522 2234 609 2265 'idem
629 2238 690 2265 est.
736 2232 792 2263 Sic
815 2231 824 2248 ‘
844 2241 901 2262 ex-

207 2285 372 2323 trariurn,’
404 2283 653 2315 ‘exn-aueum?
682 2281 904 2323 ‘pedarium,'

205 2333 437 2376 ‘pedaneum'
482 2334 515 2364 Si
538 2334 668 2365 Gellius
694 2332 902 2364 consideras-

209 2390 261 2417 set
287 2384 535 2425 praecidaneum
562 2392 693 2413 sacrum
719 2381 799 2420 dici,
819 2390 902 2411 nun-

209 2445 308 2476 quam
323 2434 464 2465 miratus
480 2438 571 2464 esset
592 2431 821 2473 praecidaneas
844 2430 905 2461 eti·

211 2495 261 2516 am
278 2483 378 2515 ferias
393 2483 503 2513 dictas
520 2481 633 2512 fuisse.
656 2482 725 2513 Jos.
738 2480 823 2512 Scal-

252 2541 264 2556 θ
279 2532 452 2573 chentoe]
476 2533 530 2568 Ex
543 2532 652 2564 farina
666 2532 829 2572 siliginea,
855 2539 908 2561 ca-

211 2597 281 2626 seo,
298 2591 333 2617 et
349 2585 457 2616 melle.
484 2584 645 2623 Placent«,
661 2592 680 2612 a
692 2581 816 2613 Graeco
825 2587 906 2612 πλα-

211 2639 302 2678 κόεις,
322 2635 472 2668 πλακοῦς.
527 2634 662 2666 Servius
681 2642 747 2664 vii.
774 2631 906 2664 AEneid.

214 2693 222 2708 ⁸
242 2689 323 2721 Liba
359 2693 434 2720 sunt
465 2686 632 2727 placentae
665 2684 707 2715 de
739 2682 842 2723 farre,
871 2687 906 2714 et

951 1825 1064 1864 melle,
1077 1828 1113 1857 et
1127 1824 1203 1856 oleo
1219 1822 1323 1854 sacris
1336 1819 1448 1862 aptae.'
1464 1819 1560 1853 Dae„

994 1876 1008 1897 ἃ
1031 1876 1071 1907 In
1086 1876 1152 1906 aede
1165 1873 1281 1913 sancti]
1303 1871 1379 1903 Hoc
1396 1873 1462 1910 est,
1474 1866 1648 1906 Herculis,

952 1927 1010 1969 qui
1038 1927 1172 1968 proprie
1199 1928 1349 1964 sanctus,
1377 1926 1413 1953 et
1442 1929 1575 1959 sancus,
1596 1919 1649 1949 vel

951 1986 1087 2018 sarigas,
1127 1976 1319 2007 dicebatur.
1378 1971 1464 2003 Vide
1494 1970 1530 2001 in
1567 1977 1650 2001 voce

952 2028 961 2045 ‘
976 2033 1117 2069 propter
1138 2024 1252 2058 viam.'
1276 2025 1375 2056 Idem.

996 2083 1009 2099 θ
1033 2075 1251 2116 Praedonulos]
1289 2075 1383 2115 Lege
1421 2072 1650 2103 Praedonculos.

952 2129 987 2160 Si
1010 2128 1083 2170 quis
1112 2127 1233 2159 Latine
1259 2126 1334 2164 scit,
1356 2124 1383 2154 is
1412 2132 1479 2154 nou
1506 2123 1652 2163 ignorat,

957 2179 1159 2210 Proedonulos
1176 2176 1330 2208 Latinum
1351 2182 1418 2204 non
1441 2182 1528 2204 esse.
1573 2171 1651 2203 Hoc

957 2231 991 2262 ἐκ
1007 2232 1069 2262 τῶν
1095 2229 1153 2261 ἀνὰ
1168 2227 1268 2268 λόγον
1285 2227 1414 2261 Latinae
1429 2225 1554 2266 linguae
1571 2223 1651 2256 satis

957 2286 1063 2322 patet.
1088 2282 1158 2313 Jos.
1176 2279 1258 2310 Scal.

1000 2329 1216 2369 Praedonulos]
1239 2328 1287 2359 Ut
1303 2336 1322 2358 a
1345 2323 1477 2360 ‘latro,’
1502 2324 1511 2341 ‘
1525 2323 1653 2354 latum·-

957 2380 1076 2420 culus‚'
1090 2381 1137 2412 sic
1154 2390 1174 2411 a
1184 2379 1302 2420 praedo,
1313 2375 1541 2417 praeduncnlus.
1585 2373 1653 2404 Sed

955 2432 1163 2471 scaligerum
1191 2428 1263 2460 falli
1290 2431 1382 2468 puto.
1427 2426 1539 2457 Recte
1563 2424 1654 2457 enim

958 2493 976 2513 a
989 2483 1104 2522 proedo,
1111 2481 1286 2521 praedonus,
1297 2477 1506 2518 proedonulus.
1521 2475 1652 2506 Proedo-

959 2541 1017 2562 mas
1032 2537 1142 2562 autem
1157 2533 1264 2567 recte,
1287 2532 1326 2558 ut
1341 2525 1351 2542 ⁴
1364 2523 1542 2559 centur-io,'
1556 2523 1652 2554 ‘cen-

961 2581 1112 2613 turionus
1125 2579 1145 2609 :'
1176 2584 1185 2597 ‘
1199 2576 1359 2617 decurio,’
1385 2575 1395 2593 ‘
1408 2573 1655 2613 decurionusa'

961 2633 970 2650 ‘
988 2630 1113 2672 epulo,'
1135 2630 1144 2648 ‘
1159 2626 1345 2671 epulonus,'
1362 2627 1426 2663 διο.
1444 2625 1526 2658 Dae„
