1835 2906
236 119 321 159 ‘210

679 130 826 162 SEXT!
864 132 1061 162 POMPElI
1097 133 1233 164 FESTI

238 222 497 276 Dagnadesf
533 228 635 266 sunt
667 225 812 266 avium
843 238 992 277 genus,
1024 239 1135 279 quas
1166 227 1366 280 AEgyptii
1388 227 1501 269 inter
1520 235 1676 282 potan-

293 291 396 330 dum
431 304 526 331 cum
557 292 729 332 coronis
760 292 980 333 devincire
1011 293 1130 334 soliti
1162 298 1276 343 sunt,
1308 308 1405 347 quae
1427 295 1676 337 vellicando

291 357 658 412 morsicandoque
690 362 734 400 et
768 360 1113 401 canturiendo¹g
1144 361 1320 402 assidue
1348 374 1437 402 non
1457 363 1680 416 patiuntur

294 423 479 465 dormire
503 429 724 479 potantes.

238 490 476 532 Dalivumh
498 493 703 546 supinum
725 493 787 534 ait
807 506 904 533 esse
926 491 1149 542 Aurelius,
1173 494 1318 535 AElius
1340 495 1533 537 stultum.
1594 494 1679 535 Os-

291 571 442 600 corum
477 572 655 612 quoque
688 559 833 612 lingua
861 560 1075 612 significat
1108 561 1327 602 insanum.
1387 562 1550 602 Santra
1576 550 1680 601 vero

292 625 382 666 dici
409 632 538 679 putat
563 626 723 679 ipsum,
754 640 882 680 quem
913 626 1064 669 Graeci
1093 626 1277 668 δείλαιονε
1311 628 1356 669 id
1386 633 1469 679 est,
1502 631 1681 681 propter

293 693 420 747 cujus
441 693 686 734 fatuitatem
705 693 805 746 quis
826 694 1014 735 misereri
1039 695 1211 736 debeat.

237 757 469 801 Damiumi
504 759 783 810 sacrificium,
819 762 935 814 quod
968 761 1102 804 fiebat
1137 762 1181 803 in
1214 767 1370 817 operto
1401 764 1446 804 in
1470 762 1680 804 honorem

835 877 1055 890 ‘NOOOONOG
1062 879 1082 890 Ο

279 953 296 981 1
323 950 470 984 Quidam
487 951 550 984 viri
565 952 754 986 cantitando.

797 952 878 984 vid.
896 953 978 985 Not.
995 952 1057 984 inf.

886 1059 1031 1092 NOTA-3

239 1122 378 1153 Daedala
407 1122 507 1154 Circe
536 1122 721 1162 Supposita
752 1121 795 1153 de
825 1126 934 1155 matre

239 1172 360 1203 nothos
378 1171 490 1203 furata
503 1171 658 1203 creavit.'
684 1173 781 1205 Idem.

280 1220 294 1240 f
312 1221 500 1261 Dagnades]
527 1221 644 1252 Scribe
671 1231 732 1261 per
767 1232 783 1252 c
823 1221 935 1253 δακνά-

239 1272 300 1303 δες.
338 1271 548 1312 Hesychius:
573 1271 688 1311 διικνὶς,
714 1271 792 1303 εἶδος
821 1271 935 1312 ὀρνέου.

241 1321 341 1354 Quod
373 1331 455 1352 vero
483 1321 685 1352 canturienao
718 1321 772 1352 hic
804 1327 936 1353 mutant

237 1370 330 1401 docti
355 1371 429 1411 viri,
455 1375 491 1402 et
506 1370 716 1402 substituunt
736 1372 938 1412 Cantitamio,

237 1422 353 1453 nescio
370 1431 472 1463 quare
491 1421 554 1453 sibi
570 1422 803 1462 persuaserim
818 1423 935 1454 Cantu-

235 1472 300 1503 rire
323 1472 464 1503 verbum
481 1471 635 1502 Latinum
653 1481 719 1502 non
735 1481 832 1503 esse:
858 1482 934 1504 cnm

236 1521 292 1552 alii
309 1512 441 1553 veteres
458 1522 661 1562 usurparint,
676 1527 711 1553 et
726 1528 822 1553 vetus
836 1522 933 1553 Glos-

236 1572 318 1602 sarii
344 1573 512 1612 scriptor:
548 1572 743 1612 ‘Cautui·it‚
768 1571 933 1612 ψιθυρίζει.’

237 1621 307 1651 Jos.
323 1621 406 1651 ὅσοι.

280 1670 461 1710 Dagnades]
485 1671 554 1702 Pro
574 1671 725 1702 dacnades
740 1682 755 1702 c
772 1681 935 1702 converso

234 1720 268 1750 in
295 1730 330 1758 g,
358 1720 517 1751 δακνάδες.
563 1721 709 1762 Hesycli.
726 1721 840 1761 δακνὶς,
857 1720 935 1753 εἶδος

234 1768 358 1807 ὄρνέουε
377 1780 395 1799 a
410 1769 520 1805 δάκνω,
535 1771 716 1802 ‘mordeo.’
763 1772 834 1803 Has
852 1781 933 1803 aves

234 1820 365 1849 coronis
404 1820 535 1850 vinctas
572 1821 678 1860 capiti
703 1821 934 1861 imponebant,

234 1871 363 1909 quippe
390 1870 465 1910 quis
497 1870 700 1901 ebrietatem
724 1871 860 1911 depelli,
883 1882 935 1902 se·

235 1929 302 1959 qne
319 1920 428 1950 ebrios
446 1919 569 1957 factos,
585 1919 659 1951 fieri
676 1921 806 1951 sobrios
818 1922 935 1953 existi-

235 1969 386 2000 mabant.
442 1970 495 2000 De
528 1970 661 2000 coronis
687 1970 842 2011 Geopon.
876 1973 934 2003 lib.

236 2027 301 2049 vn.
318 2028 392 2058 cap.
409 2022 461 2050 30.
480 2020 646 2059 ἀνανήφειν
662 2021 783 2052 ποιοῦσι
798 2020 870 2052 τοὺς
883 2034 935 2060 με·

235 2066 364 2100 θύοντας
389 2068 540 2108 στέφανοι
568 2069 630 2100 ἀπὸ
655 2070 804 2101 ποικίλων
827 2071 935 2109 ἀνθῶν,

238 2118 445 2157 ἐπιτιθέμενοι
468 2121 513 2161 τῇ
525 2121 662 2161 κεφαλῇ,
678 2121 699 2151 i.
715 2131 745 2152 e.
768 2123 778 2140 ‘
795 2122 935 2153 Corouae

236 2177 278 2197 ex
310 2170 411 2199 variis
449 2168 587 2200 floribus
627 2171 733 2210 capiti
768 2171 934 2211 impositae

236 2218 346 2248 ebrios
362 2219 403 2249 ad
419 2219 639 2250 sobrietatem
653 2220 837 2252 revocant.'
853 2222 935 2252 Duc.

280 2272 295 2293 g
330 2269 558 2309 Canturiemla]
595 2270 666 2299 Viri
695 2269 787 2300 docti
818 2270 935 2310 legunt

236 2318 429 2358 cantitando,
446 2319 505 2350 sed
523 2320 636 2349 nescio
653 2328 758 2360 quare
774 2319 836 2350 sibi
860 2330 935 2360 per-

236 2369 402 2399 suaserint
429 2370 585 2400 cantarire
612 2370 748 2400 verbum
778 2370 934 2401 Latinum

238 2425 304 2445 non
322 2426 406 2454 esse,
420 2428 494 2449 cum
507 2420 562 2449 alii
579 2424 710 2449 veteres
729 2420 934 2460 usurparint,

238 2469 273 2494 et
293 2471 388 2495 vetus
404 2466 566 2498 Glossarii
597 2470 766 2508 scriptor:
787 2470 796 2485 ⁴
809 2470 934 2501 Cantu-

237 2515 292 2551 rit,
307 2514 471 2553 ψιθυρίζει.’
496 2518 591 2548 Idem.

284 2563 296 2581 '¹¹
314 2564 477 2605 Dalii-um]
493 2567 700 2599 Glossarium
718 2578 726 2598 2
742 2568 750 2584 ‘
766 2568 934 2603 Daunum,

239 2613 378 2651 ἄφρονα.“
420 2615 603 2646 Manifesta
630 2618 806 2655 legendum
842 2619 931 2649 Dali-

239 2673 328 2694 rum:
355 2666 535 2695 sinceriora
566 2669 707 2706 vestigia
733 2669 821 2708 apud
853 2679 932 2700 cun-

990 1123 1066 1155 dem
1104 1124 1307 1165 scriptorem
1346 1125 1379 1156 in
1415 1125 1484 1164 illo,
1527 1124 1537 1143 ⁴
1553 1125 1683 1159 Davus,

990 1173 1104 1214 ἄφρων,
1125 1174 1267 1214 ἄπειρος.’
1311 1174 1446 1206 Dalii-us
1463 1175 1550 1206 enim
1571 1176 1685 1216 legen-

990 1224 1080 1255 dum.
1103 1226 1171 1255 Jos.
1187 1225 1269 1256 Scul.

1033 1274 1199 1314 Dalivum]
1214 1276 1282 1306 Per
1298 1274 1308 1291 ‘
1320 1274 1475 1314 supinum
1487 1273 1495 1286 '
1512 1273 1686 1314 negligen-

990 1329 1058 1356 tem
1097 1325 1248 1366 intellige
1281 1329 1316 1356 et
1351 1324 1578 1364 insipientem.
1629 1323 1685 1354 Ad

990 1375 1131 1406 eandem
1162 1380 1310 1406 mentem
1341 1375 1461 1415 glossae
1478 1384 1486 1404 :
1506 1374 1516 1391 ⁴
1531 1373 1687 1413 Dalivus,

990 1425 1105 1465 ἄφρων,
1141 1424 1286 1465 &vi-expos?
1342 1424 1458 1455 Item:
1488 1422 1688 1462 ίΒῑιὶίνιιιιιι,

989 1475 1106 1516 ἄφρονα
1117 1475 1137 1515 3’
1159 1476 1204 1506 Et
1221 1475 1350 1516 optime
1374 1474 1498 1505 Santra
1512 1482 1588 1504 eum
1611 1482 1687 1504 esse

989 1526 1122 1566 putavit
1138 1535 1238 1566 quem
1252 1525 1368 1555 Graeci
1391 1528 1515 1555 vocant
1538 1522 1685 1562 δείλαιον,

989 1576 1030 1607 ab
1055 1575 1183 1606 JEolico
1207 1574 1378 1614 δείλαιφος,
1413 1573 1592 1605 ‘dalivus.'
1626 1572 1685 1604 δεί-

987 1630 1073 1656 λαιος
1097 1630 1209 1655 autem
1236 1630 1289 1656 est
1313 1623 1454 1663 μάταιος,
1480 1629 1518 1654 ut
1544 1624 1687 1664 exponit

989 1675 1138 1714 Hesycli.
1152 1674 1297 1709 δείλαιον,
1312 1673 1454 1712 μάταιον.
1478 1673 1559 1703 Dac-

1031 1724 1038 1744 i
1060 1725 1224 1765 Dumium]
1240 1724 1450 1755 Glossarium
1469 1733 1477 1752 ε
1498 1727 1506 1740 ‘
1519 1721 1688 1761 Daminm,

988 1773 1102 1809 θυσίαι,
1129 1772 1283 1812 ὑπαίθριον
1293 1771 1480 1812 γενόμενον.’
1503 1775 1623 1802 contra
1639 1771 1688 1801 di-

988 1824 1046 1862 cit,
1077 1833 1115 1854 ac
1146 1823 1281 1854 Festus.
1328 1823 1464 1853 Falsum
1497 1830 1577 1852 vcro
1607 1819 1689 1850 ἀντι-

989 1874 1166 1913 φραστικῶς
1188 1872 1328 1907 dictum,
1345 1871 1432 1913 quod
1450 1870 1586 1901 minime
1602 1869 1689 1910 pub-

990 1924 1089 1954 licum
1116 1924 1170 1954 sit.
1217 1923 1324 1953 Immo
1355 1922 1403 1952 ita
1429 1921 1571 1961 dictum,
1599 1919 1687 1960 quod

990 1983 1050 2013 pro
1078 1973 1201 2014 populo
1219 1973 1330 2004 fieret.
1371 1970 1567 2004 Juvenalis:
1592 1970 1601 1986 ‘
1619 1970 1688 2000 Pro

991 2023 1114 2062 populo
1137 2021 1267 2053 faciens
1285 2026 1448 2062 quantum
1467 2018 1623 2050 Lausella
1640 2018 1689 2049 bi-

991 2071 1117 2103 bebat.'
1152 2071 1338 2112 Sequentia
1354 2078 1488 2110 quoque
1506 2069 1554 2099 ita
1571 2069 1687 2109 legen-

991 2121 1032 2154 da
1045 2132 1052 2153 ε
1070 2122 1139 2151 Dea
1154 2130 1268 2160 quoque
1279 2120 1346 2160 ipsa
1361 2120 1489 2159 Damio,
1502 2122 1532 2149 et
1547 2120 1690 2150 sacerdos

989 2170 1054 2208 ejas
1067 2171 1250 2201 Damiatrix
1264 2169 1484 2209 appellabatur.
1513 2169 1600 2199 Sane
1618 2169 1687 2206 Da·

989 2220 1121 2250 miaerix
1145 2220 1248 2250 etiam
1278 2220 1308 2249 in
1339 2219 1523 2259 antiquitus
1552 2219 1686 2249 excusis

990 2269 1180 2309 legebatur.
1227 2269 1326 2300 Quod
1350 2269 1456 2308 inepti
1481 2268 1630 2299 homines
1653 2269 1686 2299 in

990 2319 1105 2349 nescio
1120 2329 1200 2359 quas
1224 2320 1400 2351 Graecuias
1413 2319 1561 2360 ineptias
1578 2324 1687 2350 muta·

989 2373 1079 2400 runt.
1101 2370 1169 2399 Jos.
1184 2369 1270 2400 Scal.

1032 2418 1197 2457 Dumium]
1222 2417 1431 2450 Sacrificium
1462 2417 1494 2448 in
1524 2417 1684 2450 honorem

990 2470 1105 2509 Maia,
1134 2480 1206 2510 quae
1235 2470 1330 2499 Bona
1357 2469 1431 2499 Dea
1447 2467 1641 2507 vocabatur,
1666 2478 1684 2498 a

992 2520 1156 2551 matronis
1186 2520 1218 2550 in
1247 2519 1319 2550 aede
1342 2517 1518 2549 Pontificis
1543 2517 1685 2549 Maximi

990 2570 1063 2601 fieri
1081 2571 1237 2608 solitum3
1263 2570 1321 2600 sed
1339 2568 1423 2599 male
1439 2577 1497 2608 per
1511 2568 1684 2608 antiphra-

990 2621 1039 2650 sin
1057 2621 1102 2650 sic
1120 2620 1247 2651 dictum
1273 2619 1406 2658 putavit
1430 2618 1560 2656 Festus,
1587 2618 1682 2658 quasi

989 2671 1122 2701 minime
1155 2669 1326 2710 publicum
1358 2668 1414 2707 sit,
1444 2677 1520 2699 cum
1551 2674 1682 2700 constet
