1835 2906
231 128 314 170 174

689 144 837 177 SEXTI
872 148 1076 180 POMPEll
1113 151 1249 183 FESTI

230 233 534 289 Compitaliam
565 238 689 291 festa,
712 255 810 295 quae
833 244 878 284 in
899 246 1105 299 compitis
1126 249 1403 302 peragebant.

879 385 1022 417 NOTAE

222 469 300 500 bum
316 473 369 501 est
384 469 539 512 militare,
565 474 760 514 compilare,
786 485 920 516 cogere.

220 519 310 552 Nam
328 521 468 561 pilatum
484 533 602 564 agmen
623 524 803 557 dicebatur
827 537 920 567 pres-

221 581 307 613 sum,
323 582 361 604 ac
378 572 531 606 densum.
569 575 677 607 Varro
694 578 783 618 apud
807 579 918 610 Servi—

218 631 273 652 um
300 622 453 654 Danielis
479 625 609 656 nostri:
632 627 641 643 ‘
660 627 737 657 Duo
761 633 838 658 sunt
860 639 917 668 ge—

216 682 301 705 nera
339 675 526 715 agminum:
567 677 794 715 Quadratum,
824 679 913 719 quod

214 723 368 755 immistis
394 725 496 756 etiam
515 725 682 766 jumentis
711 727 851 766 incedit,
876 735 913 760 ut

214 773 322 804 ubivis
335 775 441 814 possit
454 776 643 807 considere.
666 777 814 808 Pilatum
830 781 911 810 alte-

214 833 298 861 rum,
316 824 406 865 quod
424 826 668 866 sinejumentis
693 828 833 869 incedit,
851 830 908 861 sed

210 873 301 904 iuter
317 884 352 904 se
365 874 506 905 densum
531 881 596 916 est,
618 887 684 917 quo
701 877 833 909 facilius
851 889 910 919 per

209 925 378 966 iniquiora
405 927 480 958 loca
507 929 732 960 tramittatur.
765 931 908 962 Scaurus

208 976 250 1007 de
268 977 338 1008 vita
353 987 430 1008 sua:
456 977 496 1008 In
510 988 625 1019 agrum
641 980 783 1011 hostium
810 982 905 1012 veui:

206 1027 339 1067 pilatim
352 1028 540 1059 exercitum
558 1029 658 1060 duxi:
683 1031 795 1069 idest,
811 1034 906 1064 stric-

206 1078 267 1108 tim
284 1082 318 1109 et
336 1078 451 1110 dense.
484 1079 539 1110 Ab
557 1089 597 1110 eo
621 1081 727 1120 pilare
753 1088 804 1112 est
831 1093 905 1122 pre-

204 1137 311 1168 mere,
328 1138 463 1169 cogere.
499 1130 640 1161 Hostius
656 1132 733 1162 belli
759 1133 902 1164 Histrici

204 1179 332 1218 primo:
361 1181 370 1197 ‘
388 1180 560 1220 Percutit,
586 1186 686 1222 atque
704 1183 833 1214 hastam
853 1185 899 1223 pi-

202 1230 276 1260 laus
312 1240 382 1271 prae
413 1231 563 1272 pondere
597 1231 748 1272 frangit.’
794 1235 898 1265 Idem.

200 1281 209 1296 ⁴
234 1282 402 1312 sententia
439 1287 564 1322 praesto
603 1283 750 1314 Pectore
794 1285 899 1324 pilata

200 1330 276 1362 est!
313 1331 442 1363 Asellio
468 1333 706 1373 Sempronius:
744 1342 898 1373 quartum

199 1380 332 1421 signum
350 1382 550 1418 accedebat,
574 1383 641 1414 sive
668 1385 814 1424 pilatim,
829 1386 898 1416 sive

198 1431 321 1470 passim
348 1432 414 1463 iter
447 1431 558 1463 facere
590 1434 732 1466 volebat.
770 1436 896 1467 Ennius

195 1480 384 1513 Satirarum
417 1483 589 1514 secundo:
626 1488 633 1501 ‘
653 1484 738 1514 Inde
764 1485 826 1515 loci
858 1486 895 1515 li-

196 1531 329 1572 quidas,
347 1533 540 1574 pilatasque
562 1534 698 1564 retheris
716 1545 792 1565 oras
810 1536 894 1566 Con-

194 1582 365 1622 templor‚'
378 1584 440 1613 hoc
452 1589 672 1623 est‚p1·es-as,
688 1585 830 1616 densas:
848 1591 895 1624 ct,

193 1636 231 1661 ut
246 1631 318 1672 ipse
337 1637 417 1662 ante
440 1632 535 1671 dicit,
552 1635 560 1648 ‘
575 1633 746 1673 liquidas)
778 1634 833 1664 Ab
854 1645 894 1666 eo

191 1681 297 1722 igitur
313 1682 526 1723 Compilare:
552 1693 630 1718 non,
659 1689 694 1714 ut
716 1683 893 1721 Asconius,

192 1741 212 1761 a
228 1733 315 1772 pilis.
340 1733 521 1773 Quiigitur
537 1735 647 1764 omnia
667 1735 804 1773 pressim
824 1737 891 1766 col-

190 1782 278 1821 ligit,
303 1782 430 1813 dicitur
458 1783 661 1822 Compilare.
697 1786 810 1816 Quare
837 1786 890 1817 liic

191 1836 297 1870 recte,
313 1842 445 1872 cogere,
459 1838 496 1863 ut
513 1833 657 1864 inunum
672 1836 817 1866 condere
832 1847 889 1866 ex-

189 1882 338 1921 ponitur.
372 1882 411 1912 In
429 1882 562 1913 Graecis
577 1893 656 1913 saue
681 1885 713 1915 id
732 1884 815 1921 fero,
831 1887 887 1926 qui

189 1932 373 1971 compilare
415 1932 701 1971 interpretantur,
742 1934 887 1973 μαδίζειν.

186 1982 253 2012 dos.
277 1981 361 2013 Scal.

233 2033 423 2074 Compilare]
469 2033 596 2072 Pilare,
634 2033 791 2074 densare,
829 2045 885 2066 co-

186 2091 280 2121 gere,
304 2083 382 2114 iude
400 2084 541 2124 pilatum
558 2094 679 2124 agmen
707 2085 885 2117 dicebatur

185 2140 339 2171 pressum
352 2143 392 2165 ac
401 2134 551 2166 densum.
567 2135 633 2165 Sed
646 2144 686 2165 en
701 2135 759 2166 tibi
776 2136 882 2167 locum

184 2182 349 2215 illustrem
373 2184 480 2215 Servii
498 2184 539 2215 ad
559 2185 640 2215 illud
660 2194 726 2217 xu.
752 2186 882 2218 AEneid.

182 2233 191 2248 ⁴
203 2233 403 2275 ‘Pilataque
414 2235 522 2275 plenis
532 2234 676 2274 Agmina
688 2246 722 2265 se
736 2235 882 2267 fundunt

183 2283 317 2322 portis,’
337 2289 345 2301 ‘
364 2284 534 2320 Quidam,’
552 2286 674 2327 inquit,
695 2287 777 2317 ⁴hoc
809 2287 882 2318 loco

180 2332 189 2347 ‘
209 2333 312 2372 pilata
328 2334 462 2373 agmina
478 2335 487 2348 '
506 2344 574 2366 non
591 2346 609 2366 a
626 2346 749 2375 genere
771 2337 881 2367 liasta-

183 2391 257 2412 rum
271 2383 415 2422 positum
425 2391 590 2425 asserunt,
602 2395 676 2416 uam
691 2387 789 2427 paulo
804 2392 880 2427 post

182 2431 312 2462 dictum
351 2432 513 2474 inferunt,
540 2437 550 2452 ‘
576 2435 728 2476 defigunt
759 2437 880 2468 tellure

179 2481 294 2512 hastas
308 2481 328 2509 :’
350 2482 409 2513 sed
428 2483 544 2525 pilata,
570 2485 687 2526 densa,
705 2486 825 2526 spissa,
842 2492 878 2518 ut

180 2530 324 2571 implere
338 2535 451 2572 portas
465 2535 648 2573 potuerint,
659 2541 695 2567 et
712 2543 831 2577 postea
843 2547 878 2568 se

178 2581 212 2612 in
226 2582 300 2613 loca
316 2583 489 2623 apertiora
502 2584 701 2618 diffundere.
726 2587 794 2619 Alii
811 2590 818 2604 ‘
831 2589 879 2628 pi-

178 2630 283 2662 latum
293 2632 428 2672 agmen'
441 2633 572 2674 dicunt,
586 2636 673 2676 quod
691 2636 723 2667 in
737 2638 878 2677 longitu-

181 2681 259 2712 dine
282 2681 450 2714 directum
476 2688 540 2723 est,
568 2686 667 2724 quale
695 2687 783 2717 solet
801 2696 873 2718 esse

179 2742 254 2764 cum
271 2732 377 2773 portis
389 2734 557 2775 procedit.
581 2735 646 2767 Vel
660 2740 755 2768 certe
770 2737 874 2778 pilata

975 477 1041 509 fixa
1058 483 1094 510 et
1110 479 1258 519 stabilia,
1273 480 1328 511 vel
1345 490 1364 512 a
1380 480 1447 521 pilo
1474 482 1562 524 quod
1585 483 1672 526 figit,

975 529 1027 558 vel
1046 538 1064 558 a
1078 529 1146 569 pila
1161 530 1306 560 structili
1318 540 1392 571 quae
1401 530 1469 562 fixa
1485 537 1538 564 est
1554 538 1589 565 et
1605 544 1672 566 ma-

975 584 1042 615 net,
1054 588 1128 610 nam
1144 584 1179 610 et
1198 580 1312 611 Graeci
1330 590 1381 612 res
1392 580 1512 613 densas
1526 587 1562 614 et
1579 589 1669 616 artas

971 628 1085 660 πιλώϊα
1100 629 1244 660 dicunt!
1273 631 1386 671 (Lego
1407 630 1527 669 πίλητα
1549 634 1603 664 vel
1623 633 1670 665 πί-

969 679 1070 720 λωτα)
1088 681 1097 698 ‘
1117 681 1243 711 Ennius
1267 681 1368 713 Satir.
1386 691 1427 712 11.
1474 684 1483 700 ‘
1501 683 1587 714 Inde
1603 684 1670 715 loci

968 729 1114 770 liquidas
1133 732 1324 772 pilatasque
1338 731 1471 763 aetheris
1488 742 1563 764 oras
1580 733 1668 764 Con-

968 780 1140 820 te=uplor‚’
1165 791 1240 812 cum
1257 780 1370 812 firmas
1392 789 1428 812 et
1451 782 1589 813 stabiles
1605 783 1669 823 sig-

966 829 1134 869 niticaret,
1150 836 1184 860 et
1197 831 1291 870 quasi
1306 830 1382 870 pilis
1400 829 1516 863 fultas.
1547 831 1666 863 Hosti-

965 888 1002 908 us
1035 879 1115 910 belli
1150 880 1293 911 Histrici
1325 881 1456 920 primo:
1484 881 1493 898 ‘
1509 881 1666 914 Perculit

964 933 1066 968 atque
1105 930 1230 960 hastam
1266 930 1374 970 pilans
1409 940 1479 970 prae
1512 932 1663 972 pondere

964 977 1118 1019 frangit!
1142 980 1317 1016 Pilans,id
1334 984 1386 1011 est
1398 980 1517 1021 figens.
1545 981 1662 1014 Idem:

963 1030 972 1045 ‘
989 1029 1171 1061 Sententia
1210 1036 1336 1070 praesto
1368 1031 1518 1063 Pectore
1554 1033 1663 1073 pilata

960 1080 1036 1111 est!
1074 1081 1115 1111 Id
1138 1085 1201 1115 est,
1216 1081 1373 1111 fixabilis.
1409 1081 1539 1113 Asellio
1558 1082 1662 1114 histo-

958 1130 1080 1161 riarum
1099 1141 1153 1163 111.
1170 1133 1179 1149 ‘
1199 1137 1355 1172 quartum
1370 1132 1501 1172 signum
1519 1134 1661 1165 accede-

958 1181 1027 1220 bat,
1043 1182 1114 1212 sive
1132 1183 1262 1222 pilatim
1292 1183 1362 1213 sive
1387 1184 1508 1223 passim
1526 1183 1593 1215 iter
1609 1183 1659 1216 fa—

958 1241 1037 1262 cere
1050 1233 1209 1265 volebat.’
1219 1233 1364 1264 Scaurus
1378 1233 1421 1264 de
1434 1234 1571 1265 vitasua
1585 1245 1592 1265 :
1607 1239 1615 1252 ‘
1625 1234 1658 1266 iu

958 1292 1075 1323 agrum
1094 1284 1241 1315 hostium
1266 1285 1354 1323 veni,
1373 1284 1503 1324 pilatim
1528 1286 1658 1316 exerci-

956 1339 1024 1364 tum
1043 1334 1146 1371 (Ῑιικί,γ
1163 1335 1194 1365 id
1220 1340 1283 1369 est,
1308 1334 1451 1365 strictim
1475 1339 1511 1365 et
1527 1334 1655 1366 dense:

954 1394 1028 1414 nam
1048 1385 1101 1415 ubi
1119 1385 1254 1426 proprie
1272 1385 1314 1414 de
1331 1393 1456 1424 genere
1477 1384 1582 1414 hastae
1605 1385 1655 1415 lo-

952 1435 1079 1475 quitur,
1108 1437 1177 1466 ait:
1216 1438 1224 1452 ‘
1244 1435 1319 1465 Pila
1348 1444 1447 1465 mauu
1477 1444 1654 1476 saevosque

951 1490 1069 1522 gerunt
1085 1485 1116 1515 in
1130 1482 1386 1515 belladolones!
1402 1484 1525 1523 Varro,
1540 1493 1652 1515 rerum

952 1534 1181 1573 humanarum,
1197 1534 1263 1564 dun
1277 1543 1401 1573 genera
1416 1533 1584 1573 agminum
1602 1534 1651 1565 di—

951 1585 1010 1623 cit,
1024 1585 1032 1601 ‘
1043 1584 1255 1616 Quadratum
1268 1582 1356 1623 quod
1371 1582 1532 1614 immixtis
1548 1583 1649 1615 etiam

945 1634 1110 1673 jumentis
1127 1634 1266 1669 incedit,
1284 1638 1320 1663 ut
1337 1633 1442 1663 ubivis
1454 1633 1560 1675 possit
1573 1643 1650 1664 con-

951 1684 1090 1715 sistere:
1116 1685 1256 1724 pilatum
1286 1684 1445 1721 alterum,
1465 1684 1554 1724 quod
1576 1683 1648 1715 sine

943 1732 1108 1772 jumentis
1126 1733 1268 1772 incedit,
1281 1732 1340 1763 sed
1354 1732 1441 1762 inter
1452 1742 1487 1763 se
1506 1732 1649 1764 densum

947 1789 1011 1821 est,
1038 1794 1103 1824 quo
1130 1782 1261 1814 facilius
1290 1792 1351 1822 per
1380 1782 1544 1823 iniquiora
1574 1783 1647 1814 loca

946 1832 1199 1864 tramittatur.’'
1234 1833 1412 1864 Hactenus
1444 1832 1599 1863 Servius:
1626 1843 1646 1863 a

945 1883 1052 1922 pilare
1076 1884 1192 1922 igitur,
1211 1883 1273 1913 boc
1300 1887 1365 1920 est,
1380 1882 1502 1921 πιλοῦν,
1519 1882 1645 1922 compi-

943 1933 1012 1964 lare
1030 1934 1156 1964 divitur
1174 1933 1200 1963 is
1217 1933 1273 1974 qui
1288 1932 1397 1963 onmia
1417 1931 1558 1972 pressim
1575 1932 1644 1963 col·

940 1984 1028 2023 ligit.
1053 1986 1166 2017 Quare
1178 1985 1229 2015 hic
1244 1990 1336 2014 recte
1352 1993 1370 2013 a
1384 1983 1485 2014 Festo
1502 1983 1641 2023 exponi·

940 2038 994 2064 tur
1020 2036 1028 2051 ‘
1047 2045 1170 2075 cogere
1187 2040 1221 2065 et
1239 2035 1385 2064 inunum
1403 2031 1576 2063 condere!
1598 2032 1639 2063 In

939 2083 1024 2114 libro
1038 2085 1148 2114 Fulvii
1164 2084 1277 2115 Ursini
1295 2093 1355 2123 pro
1368 2087 1557 2121 cogereerat
1567 2092 1638 2113 con-

936 2143 1020 2172 gere.
1065 2134 1164 2164 Umle
1193 2133 1250 2164 ille
1282 2133 1428 2164 faciebat
1462 2142 1637 2172 congerere.

937 2184 1004 2214 Sed
1029 2194 1159 2222 congere
1188 2193 1248 2224 pro
1272 2193 1379 2223 cogere
1404 2184 1544 2223 antiqua
1566 2183 1636 2224 illa,

938 2235 995 2265 sed
1024 2236 1144 2266 vitiosa
1166 2235 1336 2266 scribendi
1369 2235 1638 2274 cousuetudine;

938 2284 985 2315 sic
1002 2284 1011 2301 ‘
1028 2285 1267 2324 Thensaurus,’
1285 2290 1293 2303 ‘
1311 2285 1530 2327 cnefonsus,’⁴
1545 2295 1635 2317 com-

937 2335 1112 2375 pluriens,'
1125 2337 1134 2352 ‘
1151 2335 1332 2376 quotiens!
1353 2336 1436 2367 Dae.

977 2389 999 2404 ¹¹¹
1026 2385 1228 2426 Compitalia]
1256 2385 1411 2416 Glossae:
1434 2386 1444 2403 ‘
1460 2386 1632 2427 Compita-

935 2435 992 2473 lia,
1013 2438 1088 2467 θεῶν
1111 2435 1256 2474 ἂγυιαίων
1282 2435 1396 2476 ἑορταὶ,
1421 2435 1453 2466 αἱ
1474 2435 1630 2475 ’γινόμεναι

933 2488 965 2517 ἐν
976 2488 1043 2517 ταῖς
1054 2485 1184 2526 τριόδοις
1200 2486 1257 2516 ὑπὸ
1266 2488 1328 2516 τῶν
1335 2485 1551 2526 προσηκόντων
1564 2489 1630 2518 τοῖς

932 2537 1071 2577 νεκροῖς.’
1093 2538 1161 2568 Jos.
1179 2537 1265 2568 Scal.

980 2587 1184 2628 Compitalia]
1210 2588 1358 2618 Deorum
1386 2585 1520 2617 Larium
1539 2586 1628 2618 festa

933 2637 964 2667 in
982 2638 1138 2677 compitis
1155 2640 1186 2668 6.
1212 2637 1326 2668 Nonas
1338 2635 1446 2666 Maias
1459 2635 1626 2667 celebrari

932 2688 1040 2718 solita.
1064 2686 1241 2718 Varrolib-
1256 2695 1290 2717 v.
1313 2687 1322 2703 ‘
1338 2686 1624 2726 Compitaliadies

929 2738 1108 2770 attributus
1128 2736 1281 2776 Laribus,
1296 2740 1333 2767 ut
1347 2735 1437 2768 alibi.
1465 2735 1551 2768 Ideo
1566 2737 1621 2768 ubi
