1835 2906
354 379 803 438 ANTONII
888 375 1464 436 AUGUSTINI

730 535 1097 585 PRAEFATIO

884 676 938 700 DE

578 794 661 840 M.
704 793 745 837 V
749 792 948 841 ERRH
1003 792 1250 841 FLACCI

892 916 939 940 ET

448 1025 635 1084 SEX.
693 1023 1079 1082 POMPEII
1136 1024 1384 1082 FESTI

803 1154 1034 1196 LIBRIS.

201 1445 641 1507 SEX.P0Mpr·,1us³
669 1459 828 1499 Festus
857 1458 927 1499 his
954 1458 1103 1511 viginti
1125 1458 1265 1507 libris,
1290 1470 1401 1511 quos
1431 1454 1478 1497 de
1505 1453 1644 1496 verbo-2

202 1546 291 1571 rum
339 1527 646 1585 signficatione,
689 1528 781 1568 sive
834 1525 1063 1580 priscorum
1113 1525 1326 1565 verborum
1376 1539 1464 1565 cum
1516 1536 1645 1564 exema

206 1599 290 1653 plis
316 1597 554 1651 inscripsit,
587 1596 722 1637 libros
743 1593 887 1634 Verrii
920 1593 1075 1634 Flacci
1105 1592 1305 1646 ejusdem
1335 1591 1579 1644 argumenti
1603 1590 1645 1629 in

200 1667 446 1707 breviorem
481 1665 666 1705 formam
700 1661 877 1713 redegit.
937 1658 1166 1701 Abstulitb
1199 1660 1313 1700 enim
1346 1659 1484 1699 verba
1516 1657 1645 1697 nimis

203 1736 399 1789 antiqua,
421 1734 702 1774 intermortua
716 1730 825 1782 jam,
843 1732 885 1768 et
906 1728 1098 1780 sepulta,
1129 1729 1174 1766 ut
1194 1727 1290 1779 ipse
1317 1725 1505 1766 Verrius
1527 1725 1648 1765 dice-

200 1803 291 1850 bat,
323 1812 508 1854 quaeque
543 1798 709 1838 nullius
729 1801 851 1836 erant
878 1808 999 1843 usus,
1021 1799 1066 1835 et
1097 1793 1401 1834 auctoritatis:
1447 1791 1647 1845 apertius

203 1881 377 1921 quoque
397 1872 442 1907 et
458 1865 636 1905 brevius
653 1864 707 1903 de
731 1862 895 1902 eisdem
917 1861 1062 1901 verbis
1085 1860 1263 1900 tradidit
1282 1860 1439 1901 minori
1463 1860 1646 1900 volumi-

202 1948 256 1974 ne
272 1935 476 1974 librorum
494 1932 639 1985 prisca
660 1931 794 1971 verba
809 1928 1064 1979 reserend03
1100 1927 1307 1980 exempla
1328 1929 1461 1969 etiam
1483 1928 1526 1967 in
1548 1927 1649 1966 aliis

201 2003 323 2044 libris
350 2006 526 2054 reperta
552 1997 786 2040 recensuit.
846 1996 1025 2049 Saepius
1051 1998 1196 2036 autem
1216 1994 1365 2035 Verrii
1387 2007 1549 2035 errores
1572 2007 1649 2034 no-

203 2071 340 2121 tavit3
371 2073 414 2109 et
445 2081 524 2109 cur
554 2067 596 2107 id
626 2067 808 2114 faceret,
831 2076 918 2104 non
948 2064 1087 2104 minus
1119 2063 1246 2103 docte
1269 2075 1438 2115 semper
1459 2060 1649 2101 reddidit

202 2137 429 2178 rationem.
491 2133 673 2174 Accidit
694 2145 797 2173 vero
816 2131 919 2171 huic
942 2131 1066 2179 libro,
1088 2133 1134 2170 ut
1153 2130 1304 2170 multis
1330 2128 1474 2170 modis
1497 2129 1552 2169 ab
1575 2141 1650 2168 an-

203 2204 404 2258 tiquitate
436 2202 681 2243 laederetur.
742 2199 861 2240 Nam
892 2211 1037 2251 neque
1076 2197 1176 2250 quis
1202 2196 1274 2237 hic
1308 2196 1470 2236 Festus
1503 2195 1650 2240 suerit,

203 2285 344 2325 neque
364 2283 450 2325 quo
473 2275 666 2322 tempore
687 2266 783 2308 haec
804 2266 1039 2319 scripserit,
1060 2264 1287 2318 potuimus
1309 2262 1521 2303 invenire.
1556 2261 1651 2303 Vix

204 2340 335 2380 etiam
356 2338 587 2379 voluminis
609 2335 740 2389 hujus
772 2334 920 2387 aliqua
950 2333 1114 2374 mentio
1146 2331 1356 2384 reperitur
1382 2330 1427 2370 in
1449 2330 1651 2379 Charisii,

205 2411 250 2447 et
270 2405 489 2446 Macrobii
521 2416 608 2445 uno
643 2407 775 2455 atque
808 2401 946 2442 altero
976 2400 1120 2440 libro.c
1181 2396 1382 2450 Cumque
1413 2396 1520 2437 liber
1553 2396 1650 2449 ipse

205 2476 326 2514 totus
345 2476 513 2513 extaret
532 2471 681 2512 Caroli
704 2470 842 2522 Regis
874 2473 1085 2521 tempore,
1116 2464 1304 2521 PauiuS,
1340 2463 1493 2504 nescio
1533 2463 1651 2516 quis,

209 2552 353 2593 operae
380 2539 566 2592 pretium
588 2538 680 2579 sore
701 2543 824 2579 ratus
847 2541 932 2585 est,
953 2535 991 2575 si
1015 2534 1233 2586 epitomen
1264 2531 1485 2585 quandam
1506 2529 1653 2571 effice-

250 2673 261 2688 ²
287 2668 337 2698 Ex
355 2666 453 2698 Pauli
468 2666 568 2706 epist.
586 2665 627 2696 ad
646 2666 757 2696 Carni.
999 2668 1009 2679 Γ
1035 2663 1085 2692 Ex
1114 2660 1244 2693 Charis.
1275 2660 1331 2691 lib.
1362 2669 1402 2691 11.
1431 2663 1466 2691 et
1499 2657 1653 2690 Macrob,

252 2717 265 2736 b
290 2717 340 2748 Ex
357 2718 457 2748 Festo
475 2716 576 2747 verbo
593 2715 775 2753 Prosanum„
958 2713 1014 2745 lib.
1031 2721 1085 2745 ιιι.
1110 2712 1247 2743 Satur-11³
