1835 2906
174 82 259 126 560

619 90 770 122 SEXTI
807 89 1008 120 POMPEII
1043 88 1180 119 FESTI

177 192 344 234 Parum
376 187 551 230 cavisse
568 191 627 219 ¹9⁰
655 186 795 228 videri
826 184 1085 240 pronuntiat
1114 183 1412 237 magistratus,
1436 196 1536 224 cum
1567 183 1622 224 de
1682 221 1686 224 ,

234 256 410 300 consilii
434 255 648 297 sententia
669 254 832 309 capitis
853 265 984 307 quem
1006 251 1380 293 condemnaturus
1400 254 1484 292 est.

177 327 453 378 Parumperp
484 322 703 376 significat
731 321 974 375 paulisper,
1000 319 1129 373 quasi
1159 332 1406 372 perparum,
1444 319 1625 373 [PAUL.

230 393 312 433 hoc
343 394 426 442 est,
443 390 575 432 valde
590 404 744 445 parum
761 403 770 430 :
801 387 985 430 refertur
1005 392 1157 429 autem
1180 387 1236 428 ad
1256 391 1443 442 tempus.

177 459 394 502 Pascales
415 472 522 500 oves
544 458 655 500 Cato
676 456 828 512 posuit
847 468 929 510 pro
951 455 1202 510 pascuales.

177 526 368 569 Pascales
383 532 401 556 q
417 540 518 578 oves,
537 541 613 581 pro
629 523 859 580 pascuales,
875 523 1104 566 inscienter
1123 522 1239 565 Cato
1260 522 1377 564 dixit
1396 522 1441 563 in
1461 521 1520 576 [F
1524 531 1626 562 EST.

231 609 287 638 ea
323 609 446 651 qaam
485 594 657 648 scripsit.

229 665 387 706 vetuit.

232 732 418 774 oratione
438 745 560 787 qaam
580 729 752 784 scripsit.

231 800 298 841 tio
328 800 509 842 Tarenti
540 799 641 852 plus
672 811 711 838 c.
770 828 781 839 .

1292 591 1486 646 pascalis
1527 589 1627 631 ovis

447 661 567 714 Item,
590 659 782 716 pellitam
804 673 913 700 ovem
946 658 1262 701 Tarentinarum
1292 658 1491 714 appellat
1510 657 1554 698 in
1574 669 1629 698 ea

1531 737 1629 779 pre-

1056 794 1251 836 sesterciis
1275 793 1465 850 pellitam
1502 806 1628 842 ovem,

232 881 364 923 quam
385 868 431 909 in
450 879 552 922 agro
572 865 809 908 Tarentino
827 870 838 889 ¹
862 863 972 920 quod
987 869 1180 918 pasceret.

784 985 1020 999 &omne

222 1081 261 1110 19
283 1078 357 1108 Viri
386 1076 476 1108 docti
499 1076 710 1107 substituunt
733 1073 1015 1105 Patr-avisse—Qo
1042 1071 1107 1104 Ed.
1137 1072 1226 1104 Scal.
1250 1081 1333 1103 orem
1361 1070 1626 1103 zuentinam—1

176 1121 261 1153 Ead.
277 1121 330 1152 ed.
350 1120 460 1160 ignaro
484 1119 660 1150 Terentino.
707 1117 789 1149 Vid.
804 1117 887 1149 Not.

828 1258 969 1291 NOTAE

217 1363 231 1378 0
256 1358 373 1389 Parum
389 1356 519 1396 cavisse]
543 1356 620 1387 Non
638 1355 765 1395 placet,
784 1355 875 1396 quod

175 1408 389 1440 substituunt
431 1406 538 1445 docti,
574 1406 768 1437 Patravisse.
824 1406 876 1436 Ea

175 1458 343 1490 modestia
371 1457 436 1488 fuit
460 1457 639 1495 Veterum,
670 1461 708 1487 ut
734 1466 800 1487 non
824 1455 874 1487 fe-

175 1511 274 1550 cisse,
302 1508 361 1540 sed
392 1507 515 1539 fecisse
544 1506 665 1542 videri,
689 1511 724 1538 et
756 1516 799 1537 ne
824 1505 874 1537 fe—

174 1562 259 1592 cisse
277 1559 424 1601 quidem,
447 1558 505 1589 sed
532 1568 648 1599 parum
671 1562 808 1589 cautum
825 1556 875 1589 fu-

173 1613 254 1651 isse,
271 1611 438 1642 dicerent.
461 1611 532 1641 Jos.
550 1609 632 1640 Scal.

217 1667 233 1687 Ρ
258 1661 445 1702 parumper]
470 1660 499 1691 Α
524 1660 648 1691 Graeco
670 1661 782 1700 potius
799 1659 876 1690 παῦ-

174 1712 229 1753 ρόν
243 1725 309 1753 περ.
334 1713 416 1743 Duc.

217 1769 232 1789 ‘³
258 1762 422 1802 Pascales]
447 1762 626 1793 Postrema
653 1760 758 1792 verba
781 1759 875 1791 Festi

175 1813 336 1845 videntur
363 1812 538 1853 pertinere
570 1811 610 1841 ad
641 1810 738 1841 ludos
769 1819 875 1840 saecu-

174 1866 275 1904 lares,
299 1864 356 1905 qui
387 1863 420 1893 in
443 1863 628 1893 Terentino
653 1871 735 1901 agro
759 1866 876 1891 cente-

175 1917 260 1947 simo
271 1924 405 1957 quoque
417 1922 503 1944 anno
516 1912 656 1944 fiebant.
681 1911 769 1943 Vide
787 1917 795 1929 ‘
810 1912 875 1943 Te·

173 1964 332 1998 rentum.’
358 1966 437 1996 Ant.
452 1964 538 2003 Aug.

218 2015 381 2056 Pascales]
424 2015 566 2045 Pascales
600 2022 681 2048 oves,
719 2012 874 2052 νομαῖους,

174 2068 225 2099 καὶ
238 2066 417 2107 ἀγελαίους,
427 2066 504 2097 alibi
519 2064 735 2105 interpretati
751 2074 875 2095 sumus.

176 2120 370 2160 Propterea
406 2117 534 2149 eaedem
566 2117 711 2147 Passales
745 2124 876 2156 quoque

175 2170 387 2207 dicebantur,
423 2167 510 2209 quod
543 2167 666 2208 passim
696 2175 875 2206 pasceren-

176 2225 254 2251 tur:
281 2226 315 2251 et
334 2230 394 2250 uos
412 2219 536 2250 ibidem
561 2216 692 2248 εἰκαίους
707 2218 875 2257 iuterpre-

176 2270 344 2301 tabamur.
393 2269 533 2310 Opponi
566 2269 705 2309 pellitis,
736 2277 812 2308 qnae
842 2266 877 2297 in

176 2332 256 2361 agro
280 2322 465 2352 Tarentino
494 2320 735 2361 pascebantur,
764 2318 877 2349 admo-

177 2372 328 2402 nuimus:
353 2372 396 2402 de
412 2371 535 2412 quibus
553 2369 678 2411 pellitis
693 2369 745 2400 hic
761 2369 795 2399 in
813 2367 879 2399 fine

177 2422 403 2453 scribebatur.
437 2422 627 2461 Propterea
645 2429 706 2460 pro
722 2420 787 2450 illis
803 2428 878 2450 ver-

178 2471 243 2510 bis,
268 2471 378 2510 ignaro
396 2472 575 2506 Terentino,
602 2470 726 2504 scribo,
750 2469 783 2500 in
802 2479 880 2508 agro

182 2521 359 2552 Tarentino.
386 2522 464 2552 Non
481 2521 583 2561 igitur
598 2520 640 2551 de
659 2519 745 2551 ludis
754 2520 880 2550 Teren-

179 2572 204 2602 ti
221 2572 253 2602 in
270 2581 390 2612 campo
414 2573 540 2603 Martio
561 2572 613 2603 liic
637 2570 816 2612 agebatur,
842 2574 880 2601 ut

180 2622 298 2653 volunt
308 2622 486 2653 doctiviri.
509 2622 596 2653 Vide
611 2622 880 2663 Conjectaneum

180 2673 333 2704 tertium.
356 2673 426 2703 Jos.
443 2671 515 2702 Sca?

976 1354 1118 1385 Pascales
1131 1352 1213 1392 oves]
1240 1351 1298 1382 Ait
1309 1350 1473 1382 Catonem
1488 1348 1630 1380 inscien-

931 1408 986 1435 ter
999 1404 1126 1434 dixisse
1142 1403 1293 1443 pascales,
1307 1410 1382 1431 cum
1405 1400 1565 1440 pascuales
1581 1399 1632 1429 di-

931 1455 1076 1486 cendum
1094 1458 1184 1485 esset
1201 1451 1361 1493 apascuis.
1384 1450 1425 1481 In
1444 1450 1554 1481 verbis
1566 1450 1631 1480 Ca-

932 1505 1021 1536 tonis
1050 1503 1138 1535 infra
1169 1502 1295 1544 aliquid
1328 1501 1502 1532 turbatum
1527 1499 1631 1531 fuisse

933 1555 1110 1596 suspicor:
1138 1553 1253 1585 forsan
1269 1551 1492 1593 supplendum
1508 1552 1577 1591 plns
1594 1550 1632 1582 C.

933 1605 1086 1637 sestertiis
1099 1605 1240 1645 pellitam
1255 1613 1353 1642 ovem,
1365 1612 1455 1643 quam
1466 1602 1632 1642 pascalem,

932 1657 965 1687 in
979 1666 1058 1695 agro
1074 1657 1149 1687 Tar.
1171 1656 1225 1695 έῇτ.
1259 1655 1315 1686 De
1340 1653 1534 1684 Tarentinis
1561 1652 1632 1683 ovi·

932 1707 1008 1745 bus,
1021 1716 1095 1747 quae
1110 1705 1252 1746 pellitae,
1264 1704 1376 1735 Varro
1388 1703 1429 1734 de
1444 1704 1484 1734 R.
1495 1702 1537 1734 R.
1553 1711 1631 1742 cap.

931 1761 963 1789 2.
993 1762 1001 1775 ⁴
1020 1757 1189 1797 Pleraque
1208 1755 1364 1786 similiter
1387 1752 1580 1784 faciendum
1598 1753 1631 1783 iu

931 1807 1051 1839 ovibus
1069 1806 1210 1847 pellitis,
1228 1814 1303 1845 quae
1320 1809 1462 1845 propter
1476 1802 1631 1833 lanaebo-

931 1858 1141 1896 nitatein,ut
1167 1862 1246 1887 suut
1270 1854 1465 1886 Tarentinae
1491 1859 1525 1884 et
1545 1852 1634 1884 Atti-

931 1917 994 1947 cae,
1009 1907 1154 1948 pellibus
1165 1907 1364 1946 integuntur
1376 1913 1417 1935 ne
1432 1904 1508 1934 lana
1522 1902 1633 1944 inqui-

933 1964 1035 1990 netur
1051 1959 1226 2000 quominus
1250 1958 1302 1988 vel
1324 1955 1413 1987 infici
1439 1960 1534 1986 recte
1557 1964 1633 1995 pos-

934 2010 991 2050 sit,
1018 2010 1069 2041 vcl
1093 2009 1198 2040 lavari
1223 2018 1262 2040 ac
1286 2006 1420 2048 parari!
1459 2005 1544 2036 Inde
1562 2004 1632 2035 Ho-

934 2067 1000 2093 rat.
1033 2067 1042 2080 ‘
1060 2061 1194 2093 Pellitis
1222 2060 1340 2091 ovibus
1365 2057 1508 2089 Galesi.'
1532 2056 1633 2086 ὑποδι-

932 2113 1045 2152 φθέρας
1061 2112 1188 2150 ποίμνας
1211 2112 1389 2148 eleganter
1405 2111 1505 2138 vocat
1521 2106 1633 2137 Strab.

932 2165 992 2195 lib.
1020 2173 1070 2194 iv.
1118 2163 1226 2193 Porro
1257 2160 1394 2201 pascales
1424 2167 1503 2189 oves
1534 2157 1632 2187 liirtae

931 2219 1030 2245 crant
1046 2218 1081 2244 et
1096 2213 1244 2243 Soloces.
1279 2210 1386 2241 Lucil.
1402 2210 1411 2226 ‘
1424 2207 1559 2239 Pascali
1577 2217 1635 2247 pe-

932 2275 1011 2296 core
1028 2274 1066 2296 ac
1083 2267 1257 2301 montano,
1279 2260 1366 2291 liirto
1383 2264 1484 2300 atque
1500 2257 1637 2289 soloce!

933 2315 1032 2347 Unde
1051 2313 1218 2346 Coluniel.
1241 2313 1251 2330 ⁴
1270 2309 1492 2350 dissimilein,’
1512 2308 1634 2350 iuquit,

933 2368 942 2383 ‘
959 2366 1124 2398 rationem
1142 2363 1295 2405 postulat
1311 2362 1436 2392 hirtum
1453 2365 1553 2400 atque
1569 2359 1635 2389 Ta-

935 2414 1132 2448 rentinum.'
1156 2416 1165 2431 ‘
1186 2413 1348 2445 Pascales
1365 2414 1463 2442 oves'
1479 2415 1513 2440 et
1529 2410 1538 2426 ‘
1558 2418 1634 2449 pas-

934 2467 1024 2498 cales
1043 2463 1207 2507 gallinas’
1231 2461 1375 2502 νομαίους
1396 2460 1446 2492 καὶ
1470 2458 1635 2499 ἀγελαίους

934 2518 1049 2550 Graeci
1065 2518 1196 2556 dicunt,
1222 2520 1476 2556 proptereaque
1504 2510 1633 2542 eaedem

932 2569 1068 2610 passales
1089 2568 1190 2599 etiam
1212 2565 1425 2603 dicebantur,
1448 2562 1536 2604 quod
1559 2570 1633 2602 pas-

936 2621 1009 2655 sim,
1027 2618 1059 2651 id
1077 2623 1141 2659 est,
1156 2617 1220 2654 εῖκῆ
1238 2620 1429 2659 pascerent.
1453 2614 1533 2645 Duc.
