1835 2906
358 168 420 198 DE
453 163 722 196 VERBORUM
757 159 1164 192 SIGNIFICATIONE
1199 157 1289 187 LlB.
1323 157 1394 186 111.

1511 145 1592 186 171

208 264 311 305 Fuit
331 263 444 304 enim
464 260 580 315 apud
601 258 806 300 Rhodum
826 255 1010 297 insulam
1033 257 1181 295 statua
1203 252 1308 294 solis
1340 251 1428 292 alta
1459 248 1592 304 pedes

206 334 375 372 centum
396 333 440 369 et
460 328 662 381 quinque.

151 397 373 439 Columnae
387 401 399 418 ⁵
422 395 572 445 dictae,
593 392 720 448 quod
741 391 908 433 culmin
940 388 1195 430 sustineant.

151 464 365 506 Colurnat
383 462 560 504 hastilia
579 474 638 502 ex
659 471 792 502 corno
814 458 968 498 arbore
989 455 1122 495 sacta.

150 531 389 574 Comedum
422 531 539 572 bona
571 542 652 571 sua
687 529 1016 569 consumentem
1039 520 1212 576 antiqui
1233 520 1449 560 dixerunt.

1508 517 1594 559 Co·

204 600 331 641 medo
352 598 622 647 comedonis,
642 595 733 650 qui,
752 598 804 635 ut
824 605 971 647 supra,
993 592 1112 632 bona
1128 601 1206 630 sua
1220 587 1450 629 consumit.

151 666 413 710 Comissatio
432 672 449 688 ¹¹
480 671 508 706 a
541 665 667 714 vicis,
696 675 810 717 quos
841 660 989 703 Graeci
1017 657 1146 711 κώμας
1187 656 1351 705 dicunt,
1392 652 1593 707 appella-

206 740 293 777 tur:
324 735 368 775 in
401 733 470 774 his
505 733 618 773 enim
650 731 907 772 habitabant
936 728 1072 782 prius,
1091 738 1220 781 quam
1243 721 1412 777 oppida
1432 720 1595 762 conde-

205 806 375 844 rentur:
407 801 567 855 quibus
598 800 644 840 in
665 799 780 840 locis
801 798 878 840 alii
895 798 1009 839 alios
1037 794 1262 836 convictus
1284 803 1422 833 causa
1438 789 1594 831 invita-

202 871 320 912 bant.

148 937 434 980 ComitialesX
448 937 544 978 dies
558 934 857 990 appellabant,
875 946 971 974 cum
995 932 1039 972 in
1057 929 1239 973 comitio
1253 926 1591 969 conveniebant:

799 1053 939 1085 No'rAE

192 1121 350 1161 colossus]
389 1118 587 1161 Legendum
632 1130 652 1150 a
698 1119 842 1154 Charete,

146 1177 236 1204 teste
252 1173 303 1203 vel
326 1172 400 1212 ipso
417 1169 559 1210 artifice,
572 1169 627 1210 qui
642 1169 843 1210 subscripsit

146 1224 285 1256 Colosso
300 1233 308 1253 ι
331 1221 391 1252 Τὸν
414 1222 446 1252 ἐν
461 1219 552 1259 Ῥόδῳ
567 1219 733 1251 Κολοσσὸν
748 1218 840 1250 ἑπτά-

145 1286 193 1306 κις
208 1274 281 1305 δέκα
296 1272 401 1313 Χάρης
423 1271 518 1303 ἐποίει
533 1271 660 1312 πήχεων
679 1272 695 1302 ὁ
710 1272 838 1303 Λίνδιος.

144 1327 213 1357 Jos.
229 1325 313 1357 θοαί.

203 1377 347 1406 Colossus
380 1385 399 1406 α
439 1373 561 1414 Caleto]
599 1371 796 1414 Legendum
821 1382 842 1403 α

152 1427 297 1467 Charete,
323 1431 411 1458 teste
442 1425 613 1457 Simonide
628 1435 637 1456 ε
677 1423 842 1455 Κολοσσὸν

143 1477 234 1516 ἡλίου
262 1478 329 1509 ποθ’
358 1476 484 1508 ἑπτάκις
513 1475 587 1508 δέκα
615 1474 718 1515 Χάρης
747 1476 842 1507 ἐποίει

143 1527 271 1568 πήχεων
291 1529 308 1559 ὁ
332 1527 466 1559 Λύνδιος.
490 1528 531 1559 Id
548 1531 610 1562 est,
636 1528 646 1544 ‘
665 1527 841 1558 Colossum

143 1578 232 1610 Solis
248 1578 325 1610 olim
342 1579 516 1618 sexaginta
527 1582 561 1609 et
577 1577 695 1608 decem
710 1577 840 1609 cubito-

144 1638 217 1659 rum
234 1628 315 1660 fecit
332 1629 457 1660 Chares
476 1627 648 1669 Lyndius.’
670 1628 760 1659 Plin.
778 1628 837 1660 lib.

144 1688 278 1711 xxxw.
301 1689 331 1711 c.
347 1682 378 1711 7.
403 1680 412 1696 ⁴
428 1678 520 1710 Ante
545 1688 660 1710 omnes
677 1683 787 1709 autem
804 1679 838 1709 in

143 1729 367 1761 admiratione
394 1729 459 1760 fuit
476 1729 562 1760 Solis
579 1729 734 1760 Colossus
750 1728 839 1759 Rho-

142 1780 187 1816 di,
205 1789 303 1821 quem
320 1779 447 1811 fecerat
462 1779 587 1810 Chares
600 1778 762 1819 Lyndius,
775 1779 839 1819 Ly-

142 1830 230 1871 sippi
252 1840 354 1871 supra
380 1829 461 1860 dicti
486 1827 697 1869 discipulus.'
741 1828 838 1860 Idem

141 1880 262 1912 Strabo
278 1885 313 1911 et
331 1879 487 1911 Eustath.
504 1878 545 1909 ad
562 1879 704 1919 Dionys.
722 1888 837 1909 verum

141 1929 321 1962 Simonidis
361 1938 476 1960 versus
505 1928 604 1959 aliter
640 1928 673 1958 in
702 1928 837 1969 quibus-

142 1981 240 2019 dam3
267 1990 403 2020 nempe:
450 1979 508 2011 Τὸν
523 1978 656 2018 ἐνῬόδῳ
673 1978 839 2010 Κολοσσὸν

142 2030 267 2063 ὀκτάκις
279 2029 352 2062 δέκα
360 2029 467 2069 Λάχης
483 2029 577 2060 ἐποίει
591 2028 716 2069 πηχέων
731 2030 747 2060 ὁ
762 2028 838 2060 Λύν-

141 2083 214 2114 διος.
255 2082 329 2113 Nisi
347 2081 391 2112 ibi
408 2080 512 2120 Χάρης
526 2086 561 2112 et
577 2079 713 2120 ἑπτάκις,
730 2084 766 2111 ut
783 2090 838 2111 su-

143 2143 217 2174 pra,
230 2133 273 2164 sit
292 2132 556 2163 rescribendum.
588 2132 744 2162 Colossus
759 2135 837 2171 post

140 2184 451 2225 quinquagesimum
474 2188 606 2214 sextum
632 2192 754 2213 annum
769 2187 838 2214 ter·

141 2245 186 2266 rae
211 2240 302 2266 motu
326 2234 462 2266 cecidit.
505 2235 593 2264 Vide
610 2234 700 2265 Plin.
717 2239 753 2265 et
770 2233 836 2265 Po-

142 2285 211 2325 lyb.
226 2285 283 2315 lib.
302 2294 336 2316 v.
360 2285 441 2316 Dac-

183 2340 195 2354 Β
220 2335 393 2375 Columnae]
428 2336 587 2371 Columna,
604 2334 698 2376 quasi
713 2333 833 2365 columi-

143 2396 195 2423 na,
207 2395 226 2416 a.
241 2385 387 2415 columen.
431 2385 569 2416 Vitruv.
585 2386 639 2416 lib.
650 2395 700 2416 tv.
715 2395 790 2425 cap.
803 2387 834 2415 2.

141 2436 151 2452 ‘
166 2436 326 2467 Columen
338 2434 371 2465 in
383 2443 510 2465 summo
522 2434 655 2475 fastigio
667 2434 834 2474 culminis,

141 2485 230 2517 unde
244 2490 280 2516 et
293 2485 458 2516 columnae
483 2483 665 2515 dicuntur)
710 2484 834 2515 Donat.

142 2542 150 2553 ‘
167 2536 329 2567 Columen
355 2544 435 2565 vero
453 2532 602 2573 familiae,
630 2534 834 2565 sustentatio

146 2585 199 2616 vel
216 2584 334 2624 decus,
349 2584 439 2615 unde
455 2583 645 2615 columnae!
671 2585 769 2615 Idem.

183 2637 193 2655 ῑ
218 2634 367 2675 Colurna]
391 2634 446 2665 Ab
470 2634 589 2667 arbore
616 2636 715 2675 corylo
742 2634 834 2666 dicta

143 2686 255 2727 potins
279 2688 404 2718 colurna
430 2686 692 2727 transpositione
721 2686 833 2717 litera-

143 2747 214 2768 rum
233 2747 294 2778 pro
323 2738 461 2779 conurla,
485 2742 523 2769 ut
553 2737 658 2769 sentit
683 2736 831 2769 Servius.

897 1118 1019 1159 Virgil.
1036 1118 1165 1158 Georg.
1192 1116 1202 1134 ⁴
1217 1113 1429 1155 Pinguiaque
1446 1112 1479 1143 in
1497 1121 1592 1143 veru-

895 1168 956 1200 bus
982 1167 1183 1199 torrebimus
1208 1170 1290 1196 exta
1313 1160 1486 1195 coturnis?
1530 1161 1593 1192 Ta-

894 1230 970 1252 men
987 1223 1071 1251 vett.
1085 1218 1196 1249 Gloss.
1212 1216 1222 1233 ⁶
1237 1214 1368 1256 Κρανέα,
1382 1212 1504 1252 δένδρον
1517 1221 1525 1243 :
1539 1221 1596 1242 co-

894 1272 1040 1311 lurnum,
1079 1267 1225 1301 cornus!
1285 1267 1389 1305 Ergo,
1421 1265 1429 1280 ‘
1447 1261 1597 1301 cornus,'

894 1322 903 1339 ‘
925 1319 1107 1358 coi-nulus‚'
1140 1320 1149 1336 ‘
1164 1316 1349 1356 conurlus,’
1384 1319 1393 1332 ‘
1408 1311 1595 1352 colurnus,’

895 1372 905 1389 ‘
919 1370 1118 1403 colurnun1.’
1143 1370 1241 1400 Idem.

939 1426 953 1441 ¹¹
979 1420 1179 1460 Comissatio]
1201 1417 1595 1456 Graeciinterpretantur

896 1471 1057 1511 ἐπίκωμον.
1080 1472 1147 1501 Jos.
1165 1470 1250 1501 Scal.

956 1521 1159 1561 Comissatio]
1205 1518 1349 1559 Proprie
1398 1515 1591 1548 convivium

896 1574 984 1617 quod
1016 1578 1093 1614 post
1120 1579 1247 1602 coenam
1264 1568 1368 1600 fiebat
1392 1568 1424 1597 in
1451 1567 1592 1597 multam

895 1629 1029 1656 noctem
1042 1633 1061 1654 a
1074 1623 1198 1654 Graeco
1212 1617 1372 1657 κωμάζειν,
1390 1618 1441 1648 ‘in
1454 1616 1592 1647 multam

894 1678 1028 1706 noctem
1054 1669 1249 1704 convivari!
1295 1669 1371 1699 Sive
1389 1667 1430 1698 ad
1450 1666 1591 1697 Comum

893 1723 1039 1755 lasciviae
1065 1727 1098 1752 et
1123 1718 1352 1751 conviviorum
1380 1717 1489 1747 Deum
1517 1718 1593 1756 post

894 1783 1025 1806 coenam
1053 1773 1101 1803 ire
1128 1780 1203 1801 cum
1235 1767 1379 1802 corollis,
1409 1764 1592 1797 conviviali

895 1828 1002 1863 veste,
1025 1821 1196 1853 funalibus
1221 1824 1256 1850 et
1284 1816 1444 1848 tibicinis,
1490 1815 1591 1846 Unde

891 1873 1126 1906 ‘lasciviarum
1145 1867 1376 1910 eruptionem'
1393 1870 1494 1898 vocat
1508 1866 1592 1896 Ter-

893 1925 1065 1956 tullianus.
1110 1920 1198 1952 Vide
1215 1918 1361 1951 Casaub.
1376 1917 1416 1948 de
1432 1916 1592 1957 Satyrica

892 1974 987 2016 poc'si
1006 1973 1063 2004 lib.
1080 1981 1105 2002 1.
1123 1980 1195 2011 cap.
1209 1972 1240 2001 4.
1264 1968 1345 1999 Dae.

935 2028 950 2044 Χ
981 2020 1178 2060 Comitiales]
1202 2020 1279 2051 Non
1300 2017 1453 2049 omnibus
1471 2017 1589 2048 diebus

893 2073 1121 2107 comitialibus
1163 2068 1431 2106 conveniebant3
1477 2076 1589 2107 neque

891 2134 1027 2166 semper
1043 2123 1076 2154 iu
1094 2121 1255 2154 comitio:
1273 2119 1459 2151 comitiales
1477 2123 1591 2149 tamen

892 2178 965 2208 dies
982 2179 1073 2213 sunt,
1087 2173 1207 2215 quibus
1220 2170 1357 2203 comitia
1370 2169 1483 2200 haberi
1496 2172 1592 2209 pote-

892 2232 981 2258 rant.
1004 2227 1083 2257 Ant.
1098 2223 1183 2262 Aug.

937 2273 1132 2312 Comitiales]
1157 2271 1356 2304 Comitiales
1372 2269 1514 2310 opponit
1530 2278 1587 2300 ue-

889 2328 984 2360 fastis
1009 2327 1162 2358 Plautus,
1179 2323 1243 2353 illis
1255 2320 1466 2361 jocularibus
1484 2319 1588 2351 versi-

891 2381 972 2411 bus:
995 2378 1004 2395 ‘
1024 2377 1101 2409 Non
1119 2373 1263 2414 potuisti
1288 2371 1457 2403 adducere
1484 2371 1587 2402 homi-

889 2440 948 2461 nes
966 2427 1070 2467 magis
1081 2425 1122 2456 ad
1140 2425 1222 2454 hanc
1237 2431 1307 2453 rem
1322 2421 1473 2452 idoneos.
1497 2421 1585 2452 Nam

889 2481 1028 2511 istorum
1055 2475 1165 2505 nullus
1190 2470 1379 2510 nefastu’st‚
1395 2470 1585 2502 comitiales

889 2533 968 2561 sunt
984 2526 1078 2558 meri.
1124 2523 1178 2554 Ibi
1191 2522 1358 2559 habitant,
1374 2520 1419 2551 ibi
1434 2530 1489 2551 eos
1507 2530 1585 2551 con-

888 2578 1011 2620 spicias
1049 2583 1148 2616 quam
1200 2572 1387 2603 Praetorem
1438 2569 1587 2611 saepiust'

888 2631 958 2661 Jos.
974 2627 1055 2658 Scal.

934 2677 1114 2709 Comitiules
1128 2675 1205 2715 dies]
1222 2674 1297 2706 Quo
1307 2672 1481 2703 universus
1497 2669 1584 2710 Pop.

889 2731 989 2763 Rom.
1003 2729 1072 2760 sive
1095 2736 1172 2769 pars
1197 2725 1286 2756 illius
1305 2723 1463 2762 maxima,
1480 2722 1583 2753 comi-
