1835 2906
186 103 213 143 6
798 111 997 141 DAcuau

188 217 265 245 cus
304 207 416 246 male
456 204 699 246 intellectus
737 205 782 245 in
815 217 924 246 voce
955 202 1203 259 profanum:
1234 206 1248 225 ‘
1266 203 1406 257 Cujus
1435 202 1618 255 (Verrii)

189 271 435 324 opinionem
464 284 607 325 neque
634 272 680 312 in
701 271 800 321 hoc,
834 283 975 324 neque
994 271 1039 311 in
1061 270 1164 311 aliis
1193 269 1484 324 compluribus
1503 270 1618 310 refu-

187 341 278 377 tare
298 338 470 378 minime
492 351 673 378 necesse
694 341 777 387 est,
799 350 900 378 cum
921 337 1194 390 propositum
1216 336 1400 378 habeam
1421 350 1478 377 ex
1499 339 1620 377 tanto

187 403 399 444 librorum
434 403 531 458 ejus
562 417 743 445 numero
774 404 1053 445 intermortua
1079 404 1172 457 Jam
1203 407 1247 444 et
1271 404 1445 456 sepulta
1474 405 1621 452 verba,

190 474 320 524 atque
354 471 456 524 ipso
493 484 612 524 saepe
638 471 867 512 confitente
896 471 1060 512 nullius
1091 483 1196 512 usus
1228 475 1303 511 aut
1334 470 1621 517 auctoritatis,

190 539 421 588 praeterire,
444 542 486 579 et
508 539 675 592 reliqua
697 551 826 592 quam
846 539 1103 579 brevissime
1124 538 1313 590 redigere
1331 538 1374 577 in
1393 537 1528 577 libros
1548 536 1623 576 ad-

190 604 367 646 modum
398 619 580 659 paucos.
639 606 706 647 Ea
739 611 885 646 autem
906 606 960 646 de
980 606 1143 659 quibus
1164 604 1390 653 dissentio,
1412 610 1455 644 et
1474 606 1622 656 aperte

191 675 233 710 et
252 672 438 714 breviter
458 678 507 714 ut
528 673 670 714 sciero
702 673 869 726 scripta
888 673 930 712 in
959 672 1029 713 his
1054 672 1160 712 meis
1187 672 1311 712 libris
1338 670 1623 718 invenientur,

193 738 267 789 qui
301 739 592 782 inscribuntur
625 739 848 793 priscorum
888 738 1100 779 verborum
1138 753 1224 779 cnm
1265 736 1478 791 exemplis?
1537 735 1626 777 Sed

190 803 285 846 haec
318 810 482 847 tantum
513 808 697 848 innuunt
719 807 840 847 Festi
867 807 1095 847 consilium
1122 806 1275 853 fuisse,
1296 806 1341 846 in
1362 805 1483 845 hisce
1504 803 1626 844 libris

193 868 241 909 de
262 871 471 912 verborum
500 871 806 927 significatione,
827 872 971 913 Verrii
994 872 1147 914 Flacci
1167 873 1365 926 ejusdem
1385 871 1626 923 argumenti

194 937 330 979 libros
357 939 402 979 in
430 940 650 994 epitomen
670 940 881 992 redigere,
902 940 1137 994 praeteritis
1153 944 1319 980 tantum
1339 939 1480 978 verbis
1498 939 1628 978 inter-

195 1005 377 1045 mortuis
410 1009 452 1045 et
482 1007 678 1059 sepultis.
756 1007 870 1047 Tum
897 1012 942 1047 et
971 1007 1148 1047 alterum
1182 1007 1386 1047 volumen
1415 1004 1627 1045 conficere

192 1070 417 1123 priscorum
437 1072 645 1113 verborum
667 1088 753 1114 cnm
775 1072 974 1128 exempliS,
990 1075 1064 1114 ubi
1083 1087 1134 1114 ea
1155 1078 1321 1114 tantum
1341 1072 1496 1113 referre
1510 1071 1628 1122 cogi-

198 1139 321 1178 tabat
361 1152 460 1192 quae
491 1140 537 1181 in
570 1141 788 1194 prioribus
820 1142 942 1182 hisce
967 1141 1021 1182 de
1052 1142 1278 1182 verborum
1317 1139 1630 1192 significatione

197 1206 498 1258 praeteriisset‚
528 1212 574 1248 et
601 1209 784 1250 breviter
805 1221 858 1249 ea
879 1208 932 1249 de
952 1208 1110 1262 quibus
1131 1207 1376 1248 dissentiret
1397 1218 1631 1259 exponere,

199 1270 256 1311 Et
275 1272 369 1313 haec
389 1274 512 1315 aliter
532 1275 710 1329 intelligi
738 1289 825 1316 non
853 1289 987 1329 posse
1016 1276 1267 1316 fatebuntur
1301 1274 1378 1328 qui
1410 1273 1629 1314 attendent

200 1338 384 1380 Festum
404 1340 447 1380 in
471 1341 590 1382 hisce
621 1342 674 1383 de
706 1344 938 1384 verborum
972 1343 1291 1396 significatione
1319 1341 1456 1388 libris,
1493 1353 1634 1392 neque

197 1403 343 1446 Verrii
363 1408 740 1461 reprehensionem
764 1411 992 1452 instituere
1015 1415 1173 1464 praeter
1195 1422 1328 1464 quam
1358 1409 1402 1448 in
1420 1408 1534 1448 locis
1557 1406 1633 1447 ad·

200 1472 378 1513 modum
395 1476 564 1527 paucis,
586 1489 724 1529 neque
744 1478 883 1518 multa
902 1479 1036 1518 verba
1057 1478 1340 1517 intermortua
1361 1480 1435 1517 aut
1463 1473 1634 1528 sepulta

201 1538 369 1590 referre,
391 1555 490 1595 quae
522 1544 693 1585 scilicet
719 1545 763 1585 in
796 1545 931 1586 alium
963 1545 1109 1586 locum
1143 1544 1406 1592 reservabat,
1444 1541 1560 1596 quod
1593 1546 1634 1580 et

201 1607 297 1659 ipse
319 1611 500 1649 testatur
520 1611 697 1651 alicubi.
737 1611 856 1652 Audi
875 1612 999 1652 illum
1020 1613 1061 1653 in
1081 1623 1188 1651 voce
1213 1608 1250 1649 T
1247 1609 1396 1649 atium.-
1432 1613 1443 1629 ‘
1460 1609 1635 1649 Tatium

204 1674 402 1715 occisum
439 1677 501 1717 ait
538 1677 711 1718 Lavinii
748 1679 803 1718 ab
827 1678 980 1719 amicis
1002 1691 1150 1718 eorum
1166 1677 1419 1729 legatorum,
1441 1688 1553 1728 quos
1574 1676 1639 1714 in·

202 1741 461 1783 terfecerant
501 1744 675 1785 Tatiani
714 1746 925 1796 latrones,
966 1746 1044 1786 sed
1085 1745 1308 1797 sepultum
1342 1745 1384 1784 in
1415 1743 1638 1783 Aventino

205 1806 413 1849 Laureto.
473 1809 604 1859 Quod
645 1811 701 1851 ad
736 1812 1100 1864 significationem
1137 1812 1364 1851 verborum
1399 1823 1485 1850 non
1500 1810 1639 1861 magis

204 1874 406 1924 pertinet,
428 1889 559 1929 quam
579 1878 714 1918 multa
737 1879 824 1918 alia
845 1883 886 1919 et
906 1878 1229 1931 praeteritajam
1248 1883 1291 1918 et
1313 1878 1516 1930 deinceps
1538 1890 1637 1929 quae

205 1939 464 1982 referentur?
506 1943 595 1984 Ubi
617 1957 714 1984 cum
737 1945 854 1984 dicat
873 1945 1031 1986 Festus
1053 1958 1100 1984 se
1113 1944 1206 1997 jam
1223 1944 1360 1984 multa
1376 1943 1638 1996 praeteriisse

207 2019 306 2059 quae
328 2008 534 2063 deinceps
555 2012 769 2052 relaturus
792 2018 921 2062 esset,
945 2020 1091 2065 aperte
1113 2011 1335 2064 significat
1355 2024 1403 2050 se
1423 2024 1476 2050 ea
1497 2011 1639 2050 onmia

206 2073 248 2112 in
265 2073 398 2116 libros
416 2077 640 2128 priscorum
660 2078 870 2118 verborum
891 2091 1153 2120 reservasse.
1194 2078 1355 2131 Neque
1376 2078 1490 2117 enim
1503 2077 1639 2118 multa

208 2140 349 2182 adhuc
371 2143 415 2182 in
437 2144 570 2185 libros
588 2145 635 2185 de
655 2145 866 2185 verborum
881 2144 1176 2200 significatione
1191 2145 1403 2185 relaturus
1418 2148 1527 2192 erat,
1544 2156 1640 2183 cum

201 2205 293 2258 jam
314 2209 369 2248 ad
390 2223 533 2252 eorum
550 2217 707 2253 metam
729 2214 1015 2266 pervenisset.

265 2274 463 2317 Necesse
485 2282 549 2319 est
568 2279 698 2332 igitur
720 2280 901 2321 Festum
923 2281 1153 2334 scripsisse
1174 2277 1222 2318 de
1251 2276 1461 2318 verborum
1485 2274 1642 2330 signfi-

209 2340 376 2390 catione,
408 2349 453 2384 et
474 2343 521 2384 de
539 2345 668 2386 verbis
683 2347 841 2400 priscis,
903 2347 1176 2388 Posteriores
1193 2347 1286 2399 ejus
1308 2344 1643 2385 lucubrationes

209 2406 337 2459 plane
377 2409 693 2463 interciderunt,
734 2415 882 2455 nescio
916 2415 1045 2454 etiam
1080 2427 1134 2453 an
1167 2425 1359 2466 unquam
1392 2413 1435 2452 in
1461 2409 1643 2464 publico

209 2474 317 2514 visae
353 2476 451 2515 sint.
512 2478 718 2520 Dubitari
739 2486 855 2522 certe
875 2484 1022 2534 potest
1043 2493 1097 2520 an
1119 2493 1194 2520 eas
1214 2483 1367 2520 auctor
1388 2475 1642 2522 absolverit,

210 2540 279 2580 vel
311 2554 334 2582 e
368 2543 569 2584 manibus
602 2546 694 2586 suis
728 2548 934 2597 emiserit,
966 2559 1212 2600 quanquam
1238 2546 1292 2586 ad
1326 2557 1473 2586 earum
1495 2554 1644 2583 exem-

210 2606 331 2658 plum
354 2609 609 2662 Fulgentius
630 2612 863 2654 Placiades
884 2614 1036 2655 librum
1057 2627 1186 2654 unum
1209 2612 1489 2664 inscripsisse
1521 2608 1643 2651 vidc-

211 2678 303 2716 tur:
338 2674 545 2730 Expositio
569 2692 792 2719 sermonum
813 2680 1070 2735 antiquorum
1088 2693 1176 2719 cum
1198 2677 1448 2718 testimoniis.
