1835 2906
213 107 298 149 364
658 118 804 149 sssxri
841 118 1038 148 POMPEH
1075 118 1211 149 FEsT1

214 211 330 253 Lura
346 212 360 235 b
384 224 434 253 os
457 212 588 263 culei,
609 214 679 255 vel
695 214 827 255 etiam
849 213 967 263 utris,
985 213 1098 254 unde
1119 214 1318 255 lurcones
1340 215 1520 269 capacis
1541 215 1655 268 gulae

272 279 486 329 homines,
508 285 552 321 et
566 281 786 322 bonorum
808 295 984 322 suorum
1008 285 1359 335 consumptores.

216 346 401 397 Luridi,c
424 360 559 401 supra
579 348 757 389 modum
781 348 954 401 pallidi.

218 411 457 464 LuscitiO,d
503 416 658 457 vitium
689 416 930 467 oculorum,
964 416 1079 472 quod
1115 417 1275 458 clarius
1306 418 1495 471 vesperi,
1525 431 1658 471 quam

272 482 453 523 meridie
477 484 632 525 cernit.

218 550 407 592 Lustrae
439 552 687 604 significant
716 551 925 592 1aeunas8
959 552 1146 603 lutosas,
1169 565 1269 605 quae
1299 556 1401 593 sunt
1430 553 1473 593 in
1506 553 1661 606 sylvis,

274 632 477 672 aprorum
500 619 688 661 cubilia:
722 633 749 660 a
773 632 859 672 qua
880 620 1166 661 similitudine
1187 620 1232 670 ii,
1254 620 1331 674 qui
1364 620 1409 661 in
1436 620 1553 661 locis
1587 622 1661 661 ab·

274 686 380 727 ditis
416 691 456 727 et
487 686 674 728 sordidis
701 688 844 729 ventri
877 693 919 729 et
944 688 1129 730 desidiae
1158 701 1336 742 operam
1362 688 1482 737 dant,
1515 687 1662 728 dicun-

274 755 417 794 turin
457 755 609 796 lustris
643 756 777 797 vitam
817 768 969 809 agere:
1012 762 1057 798 et
1084 770 1183 797 cum
1221 755 1416 810 ejusdem
1457 756 1661 796 vocabuli

274 821 414 873 prima
445 823 615 876 syllaba
645 824 911 877 producitur,
937 824 1153 878 significat
1182 838 1295 866 nunc
1329 829 1503 878 tempus
1539 823 1663 875 quin-

274 890 503 941 quennale,
523 904 638 932 nunc
660 891 816 945 populi
837 891 1158 933 lustrationem.

220 954 433 997 Lustricif
466 957 560 999 dies
595 958 826 1000 infantium
861 960 1148 1014 appellantur,
1189 957 1431 1013 puellarum
1465 962 1665 1003 octavus,

823 1100 959 1113 aeaeaeaeaeaeae

962 1101 1058 1112 ooooo

263 1176 281 1203 8
307 1174 440 1207 Malunt
462 1176 549 1207 Scal.
575 1182 610 1208 et
627 1177 709 1208 Dac.
734 1187 776 1208 ex
795 1182 877 1208 vett.
900 1177 976 1208 edd.
995 1179 1100 1208 lamas.

874 1301 1014 1333 NOTAE

262 1376 276 1396 ’ὓ
299 1374 398 1415 Lura]
423 1374 589 1407 Ausonius
612 1376 708 1410 Lora,
731 1377 832 1407 etiam
858 1385 918 1417 pro

222 1427 295 1467 ipso
313 1432 387 1458 utre
412 1426 444 1456 in
468 1427 631 1458 Periocha
649 1427 782 1459 decima
807 1427 918 1468 Odys-

220 1489 301 1517 seae,
353 1478 439 1519 qnod
489 1478 649 1514 Homero,
690 1478 798 1511 ἀσκός.
848 1481 917 1510 Jos.

221 1529 303 1560 Scal-

262 1580 365 1620 Lnra]
390 1579 485 1611 Utris
514 1580 564 1610 vel
591 1590 627 1611 os
652 1580 752 1615 culei,
780 1580 858 1620 quia
884 1579 922 1611 fit

222 1640 263 1661 ex
282 1630 385 1664 corio,
403 1629 490 1671 quod
508 1632 608 1661 lurum
625 1631 695 1661 sive
721 1631 818 1662 lorum
840 1630 921 1661 ‹lici-

222 1686 287 1711 tur.
335 1681 383 1711 Eo
403 1691 478 1711 usus
494 1680 663 1711 Ausonius
682 1691 740 1722 pro
755 1681 828 1722 ipso
846 1686 922 1713 utre

223 1731 256 1761 in
273 1731 440 1762 Periocha
470 1731 599 1762 decima
622 1732 801 1772 Odysseae,
832 1732 922 1773 qnod

224 1781 377 1812 Homero
408 1779 514 1812 ἀσκός.
563 1782 654 1812 Usus
679 1787 714 1813 et
746 1783 921 1814 Lucilius:

224 1831 288 1862 ‘In
322 1841 358 1862 os
395 1832 485 1871 prins
517 1833 679 1872 accipiam
712 1833 784 1873 ipse
816 1834 924 1866 Quam

225 1881 372 1922 gladium
389 1881 421 1912 in
437 1882 623 1922 stomacho,
640 1883 724 1917 lura,
741 1892 779 1914 ac
795 1884 925 1923 pulmo-

226 1932 319 1963 nibu'
349 1933 456 1964 sist0.’
513 1933 541 1963 A
568 1934 636 1964 lura
677 1934 762 1966 dicti
790 1935 927 1965 lurcones

226 1987 262 2014 et
289 1983 418 2022 lurcari,
437 1983 530 2023 quasi
552 1983 702 2015 luricones
728 1989 763 2015 et
789 1984 927 2020 luricari,

225 2033 289 2064 hoc
314 2038 377 2073 est,
393 2033 485 2064 cibos
514 2034 545 2064 in
574 2039 695 2071 utrem,
716 2034 749 2065 in
775 2040 928 2066 ventrem

228 2084 398 2124 ingerere.
459 2084 568 2115 Lucil.
601 2084 673 2116 ‘Ut
714 2085 929 2116 lui-carentur

228 2135 372 2170 lardum,
399 2139 433 2165 et
464 2135 617 2166 carnaria
637 2134 752 2166 furtim
785 2136 927 2167 Patrum

230 2184 462 2215 conficerent.’
487 2185 568 2217 Duc.

272 2242 285 2256 c
308 2234 437 2274 Luridi]
463 2235 591 2270 Graeci,
618 2236 627 2253 ‘
646 2236 802 2278 LurMns,
817 2236 928 2278 ἰκτερι-

232 2284 293 2325 abs,
310 2285 432 2325 ὠχρόςῖ
460 2286 530 2316 Jos.
548 2286 630 2317 Scnl.

276 2336 405 2376 Luridi]
430 2335 460 2367 A
482 2336 558 2366 loro.
604 2337 670 2369 Qui
694 2336 755 2368 lori
781 2337 928 2368 colorem

233 2385 396 2417 referunt.
423 2387 503 2418 Dae.

275 2436 289 2456 ‘³
315 2437 466 2478 Luscino]
494 2437 680 2469 Oculorum
700 2437 829 2469 vitium.
861 2438 929 2468 Sed

233 2487 332 2526 quale
347 2488 402 2526 sit,
419 2489 571 2528 magistri
592 2495 724 2519 veteres
742 2488 929 2528 ambigunt.

236 2536 304 2566 Alii
335 2538 422 2566 enim
451 2548 525 2568 cum
555 2539 710 2570 Varrone
739 2539 929 2570 luscitiosos

235 2595 310 2617 esse
328 2585 456 2626 dicunt,
473 2589 527 2627 qui
551 2588 631 2618 nihil
651 2588 766 2620 vident
783 2590 932 2630 vesperi,

238 2637 294 2667 alii
321 2647 396 2668 cum
424 2637 538 2676 Festo,
563 2639 618 2678 qni
643 2639 766 2669 clarius
790 2640 933 2680 vesperi,

239 2696 336 2727 qnam
354 2687 506 2718 meridie.
552 2687 636 2718 Mihi
658 2690 748 2728 prior
765 2690 935 2721 sententia

974 1375 1076 1415 magis
1095 1375 1220 1416 placet,
1237 1376 1427 1416 praesertim
1450 1385 1525 1406 cum
1543 1374 1671 1405 Plinius

975 1427 1103 1458 scribat
1120 1428 1310 1459 luscitiosus
1332 1428 1461 1459 Graecis
1479 1427 1546 1458 dici
1563 1427 1671 1457 νυκτά-

976 1483 1090 1513 λωπας,
1107 1478 1168 1509 hoc
1194 1484 1258 1518 est,
1286 1483 1322 1509 ut
1347 1478 1487 1518 exponit
1512 1478 1675 1514 Galenus,

975 1528 1047 1560 τοὺς
1068 1529 1124 1565 τῆς
1145 1528 1252 1559 νυκτὸς
1276 1528 1401 1564 ἀλαοὺς,
1429 1532 1529 1559 nocte
1553 1537 1675 1558 caecOS.

977 1579 1065 1610 Vide
1083 1581 1091 1596 ‘
1107 1578 1360 1610 ancitiosmn.’
1385 1579 1481 1609 Idem.

1019 1635 1032 1649 Θ
1057 1628 1188 1668 Lustra]
1214 1630 1415 1660 Prolacunas
1428 1638 1469 1658 ex
1485 1631 1565 1658 vett.
1578 1626 1675 1658 editt.

978 1681 1099 1711 melius
1129 1681 1237 1710 lamas.
1283 1679 1335 1710 De
1364 1688 1431 1719 qna
1464 1687 1547 1709 voce
1573 1687 1676 1717 supra

979 1731 1108 1762 dictum
1126 1736 1190 1761 est.
1234 1730 1351 1761 Lustra
1367 1733 1476 1760 autem
1502 1737 1563 1769 per
1584 1738 1604 1758 u
1628 1733 1673 1759 te-

978 1791 1044 1813 nne
1074 1781 1211 1822 proprie
1241 1780 1389 1811 ferarum
1414 1779 1539 1811 cubilia
1567 1788 1586 1809 a
1616 1779 1678 1809 luto

979 1832 1086 1872 dicta,
1103 1837 1138 1863 et
1155 1842 1216 1873 per
1240 1832 1472 1872 metaphoram
1497 1840 1557 1870 pro
1582 1829 1679 1869 popi-

981 1883 1031 1913 nis
1057 1888 1091 1914 et
1115 1883 1335 1923 lupanaribus
1358 1887 1547 1912 sumuntur.
1593 1881 1677 1912 Cum

981 1942 1061 1963 vero
1075 1934 1206 1964 lustrum
1219 1942 1279 1974 per
1290 1942 1310 1964 u
1322 1932 1473 1966 densum,
1491 1931 1582 1972 qnasi
1599 1932 1680 1961 lous-

977 1987 1074 2022 trum,
1084 1989 1217 2024 tempus
1231 1983 1483 2024 quinquennale
1497 1979 1678 2021 significat,

983 2044 1002 2065 a
1017 2035 1137 2073 luendo,
1160 2033 1334 2069 solvendo,
1357 2032 1445 2074 qnod
1467 2031 1584 2073 quinto
1599 2039 1679 2071 quo·

984 2095 1050 2125 que
1078 2094 1165 2125 anno
1183 2083 1365 2123 vectigalia
1382 2088 1417 2113 et
1437 2083 1527 2113 ultra
1550 2081 1679 2112 tributa

982 2145 1044 2175 per
1060 2136 1225 2167 Censores
1244 2132 1539 2174 persolvebantur.
1572 2132 1680 2161 Varro

982 2187 1041 2217 lib.
1060 2195 1093 2216 v.
1117 2184 1287 2225 significat
1312 2188 1347 2215 et
1373 2183 1620 2220 lustrationem,
1648 2181 1680 2211 id

982 2241 1050 2273 est,
1071 2235 1315 2275 expiationem,
1337 2243 1412 2274 quae
1437 2242 1541 2263 censu
1560 2241 1682 2271 perac-

983 2291 1017 2317 to
1042 2284 1334 2317 Suovetanrihbus
1358 2283 1472 2314 fiebat.
1519 2282 1609 2314 Vide
1628 2283 1681 2313 Li·

983 2337 1085 2366 vium.
1112 2336 1211 2367 Idem.

1025 2385 1036 2407 s
1058 2387 1213 2428 Lustrici]
1237 2385 1466 2417 Tertullianus
1488 2384 1575 2415 hunc
1592 2382 1681 2414 diem

984 2444 1083 2469 vocat
1103 2437 1283 2468 Nominulia
1301 2436 1386 2466 libro
1405 2435 1445 2465 de
1459 2433 1656 2464 Idololatria
1672 2444 1680 2464 z

986 2489 994 2505 ‘
1013 2488 1114 2519 Circa
1143 2486 1256 2518 officia
1296 2495 1376 2516 vero
1407 2484 1614 2524 privatarum
1647 2488 1681 2513 et

986 2538 1211 2569 communium
1246 2534 1497 2572 solennitatum,
1528 2538 1563 2563 ut
1595 2539 1682 2573 togae

988 2599 1094 2630 purae,
1110 2595 1146 2621 ut
1163 2587 1388 2628 sponsalium,
1401 2589 1437 2615 ut
1456 2583 1681 2624 Nupssalium,

989 2644 1026 2670 ut
1051 2635 1434 2675 Nominalium,nnllum
1457 2639 1573 2674 putem
1597 2633 1683 2674 peri-

991 2690 1102 2721 culum
1118 2686 1289 2720 observari
1307 2685 1347 2716 de
1361 2683 1442 2715 flatu
1460 2683 1683 2715 menelaum:
