1835 2906
382 182 444 211 DE
477 180 744 211 VERBORUM
781 178 1191 209 SlGNlch'PIONE
1231 180 1321 209 LlB.
1358 179 1420 208 VI.

171 274 309 315 Ferus
325 281 338 297 ‘³
360 288 462 327 ager
484 276 689 316 incultus.

1541 167 1626 207 265

171 342 476 383 Fescennini¹8
508 341 695 393 versus,f
729 342 805 396 qui
842 341 1113 383 canebantur.
1146 340 1191 380 in
1228 340 1413 393 nuptiis,
1444 352 1499 380 ex
1522 340 1627 379 urbe

231 409 560 451 Fescennina¹9
593 411 797 451 dicuntur
828 409 981 450 allati:
1012 408 1107 448 sive
1140 407 1245 448 ideo
1269 407 1390 457 dicti,
1414 408 1521 460 quia
1541 407 1628 447 fas-

229 477 376 517 cinum
397 479 665 530 putabantur
689 490 848 518 arcere.

173 543 346 584 Fesnoe
364 549 398 566 ²0
412 549 427 571 g
449 546 737 594 vocabantur,
752 545 827 598 qui
849 542 1070 596 depellere
1090 541 1306 582 fascinum
1322 541 1626 581 credebantur.

774 662 911 674 ooooooo

216 731 256 759 IS
282 727 342 758 Ed.
373 728 463 758 Scal.
492 728 592 758 unica
621 731 739 758 n.—19
765 728 831 759 Alii
860 728 1110 759 Faecenia—20
1147 728 1156 743 ‘
1174 728 1211 758 L.
1238 736 1282 757 m.
1318 726 1481 757 Fescenoe:

859 772 1005 810 Conjicit
1025 771 1111 800 Dae.
1128 770 1353 800 Fescenninoe:
1373 768 1431 798 sed
1449 767 1630 808 legendum

175 818 291 844 monet
313 813 472 843 Fescenoe.
519 814 556 843 ln
574 823 676 853 marg.
695 815 748 845 ed.
765 815 853 844 Scal.
878 814 887 830 ⁶
902 813 1081 845 Fescem‘noe
1099 813 1151 844 vel
1166 811 1394 845 Fascenuonae.¹

181 771 317 801 videtui·
334 771 568 801 scribendum:
594 771 682 801 Fulv.
702 772 811 802 Ursin.

916 661 1013 672 eeeee

1519 731 1554 756 et
1580 725 1625 754 ita

1439 811 1528 842 Scal.
1547 811 1631 851 ipse,

172 865 213 886 ex
232 856 380 896 vestigiis
400 857 520 896 priscae
538 856 707 897 editionis,
726 858 807 898 legit
822 857 975 888 Fascinoe.

835 985 973 1017 NOTAE

174 1059 228 1089 De
250 1059 352 1101 ficere
384 1070 444 1100 pro
468 1061 573 1102 figere
613 1061 709 1092 valde
744 1061 877 1101 dubito,

174 1119 283 1151 neque
300 1111 388 1141 enim
415 1112 549 1151 reperio
563 1122 587 1151 g
603 1122 749 1153 unquam
767 1118 875 1144 muta-

175 1166 245 1191 tum
275 1161 307 1191 in
328 1171 359 1191 u.
404 1161 470 1193 Sed
489 1162 668 1201 legendnm
688 1167 740 1194 est
753 1163 874 1203 fibere,·

173 1210 320 1251 namfibo
333 1210 494 1241 dicebant
508 1212 873 1254 profigo;hincfibula‚

175 1269 251 1300 quae
270 1260 502 1303 afigmfixula.
527 1262 624 1293 Idem.

216 1316 229 1330 e
252 1310 368 1350 Ferus]
403 1311 449 1342 Ut
475 1317 595 1343 eontra
624 1313 748 1352 politus
780 1323 871 1355 ager,

173 1359 228 1401 qui
246 1360 333 1391 bene
350 1362 461 1392 cultus
478 1367 542 1393 est.
569 1363 665 1394 Idem.

216 1409 227 1430 s
249 1411 432 1442 Fescennim’
459 1413 580 1453 versus]
619 1414 649 1445 A
681 1415 874 1447 Fescennina

172 1461 304 1493 Tusciae
317 1462 412 1498 urbe,
425 1472 499 1503 quae
515 1464 524 1480 ‘
538 1464 733 1496 Fescennia'
746 1466 872 1505 Plinio,

173 1513 182 1530 ‘
195 1512 453 1544 Phescennium'
470 1514 603 1554 Catoni,
618 1516 783 1556 Dionysio
796 1520 875 1547 Φασ-

173 1561 285 1602 κένιον,
329 1564 462 1602 Servio,
504 1565 530 1595 si
576 1575 655 1596 vera
694 1567 876 1606 scriptura,

171 1613 437 1646 ‘Fescennium.’
482 1615 596 1646 Hodie
630 1617 720 1647 Citta
757 1617 876 1647 Castel-

173 1663 255 1693 lana.
302 1664 488 1704 Pet-peram
517 1666 653 1696 Servius
679 1667 875 1706 Campaniae

173 1713 334 1753 oppidum
366 1714 461 1744 dicit.
536 1715 722 1746 Fescennina·
757 1726 875 1753 versus,

176 1767 305 1794 temere
323 1765 502 1803 compoziti
520 1770 555 1796 et
575 1765 686 1804 rudes,
702 1767 874 1797 nascentis

176 1814 286 1845 adhuc
318 1815 477 1846 Romanae
517 1816 656 1856 poeseos
694 1816 878 1856 primordia

177 1863 287 1904 fuere,
317 1875 428 1906 neque
459 1866 639 1906 nuptiales,
667 1868 793 1907 quippe
819 1876 877 1898 eos

176 1917 266 1947 casei
284 1916 330 1947 illi
346 1916 496 1947 homines
522 1917 554 1947 in
571 1917 795 1948 conventibus
811 1917 877 1948 suis

177 1976 218 1997 ac
243 1965 340 1997 festis
357 1967 559 1998 solemnibus
576 1971 652 2007 post
667 1967 781 2006 fruges
799 1976 878 1999 con-

177 2016 281 2055 ditas,
310 2021 345 2047 et
381 2016 511 2047 labores
545 2017 691 2048 rusticos
728 2023 880 2056 exactos,

176 2066 350 2098 sacrificiis
374 2067 517 2106 operati,
533 2073 569 2097 ut
586 2067 731 2097 animum
749 2068 880 2098 relaxa-

177 2121 266 2155 rent,
292 2121 327 2148 et
357 2126 431 2147 sese
451 2117 662 2157 jucunditati
689 2117 880 2157 traderent,

178 2166 277 2205 genio
288 2165 501 2206 indulgentes
511 2168 598 2197 inter
610 2168 728 2207 epulas
741 2177 879 2208 usurpa-

178 2215 273 2253 bant,
292 2224 352 2255 per
376 2215 489 2247 ludum
518 2221 553 2247 et
570 2217 700 2257 jocum,
728 2217 818 2248 inter
844 2227 878 2248 se

171 2264 341 2304 jocularia
355 2265 447 2297 dieta
464 2267 687 2298 obscoenitate
705 2273 739 2298 et
756 2278 879 2309 oppro-

182 2314 262 2345 briis
289 2314 414 2347 referta
435 2317 617 2357 jacientes,
663 2317 793 2358 Aperte
819 2320 877 2350 de-

179 2365 285 2395 clarat
303 2364 426 2397 Horat.
451 2366 484 2396 in
507 2368 659 2407 Epistola
675 2368 716 2399 ad
745 2370 877 2410 Augus-

181 2422 253 2448 tum
281 2428 355 2457 quae
380 2424 433 2448 est
460 2422 489 2449 1.
512 2419 568 2450 lib.
594 2428 635 2450 ΙΙ.
689 2419 878 2459 ‘Agricolae

183 2468 303 2508 prisci,
325 2467 444 2504 fortes,
473 2478 645 2510 parvoque
673 2470 774 2509 beati,
791 2471 878 2501 Con-

180 2520 253 2551 dita
269 2524 345 2560 post
362 2519 544 2560 frumenta,
560 2521 711 2551 levantes
724 2526 878 2562 tempore

181 2570 271 2603 festo
288 2572 432 2611 Corpus,
458 2577 493 2602 et
517 2572 625 2612 ipsum
649 2572 795 2602 animuin
819 2582 879 2613 spe

181 2621 257 2652 finis
278 2622 363 2653 dura
385 2621 566 2660 ferentem,
584 2622 667 2653 Cum
683 2623 780 2653 sociis
799 2633 878 2663 ope-

182 2680 269 2710 rum,
286 2677 320 2703 et
337 2672 462 2711 pueris,
484 2677 520 2702 et
544 2672 688 2712 conjuge
715 2671 783 2702 fida
804 2669 879 2703 Tes-

184 2722 286 2753 iurem
305 2731 422 2763 porco,
438 2722 610 2753 Silvanum
627 2723 714 2754 lacte
728 2723 879 2764 piabant,

931 1061 1088 1093 Floribus
1114 1066 1149 1093 et
1167 1062 1242 1092 vino
1267 1061 1426 1099 Genium,
1450 1067 1631 1090 memorem

930 1111 1044 1141 brevis
1062 1111 1135 1143 aevi.
1175 1110 1387 1141 Fescennina
1404 1119 1463 1149 per
1477 1109 1564 1139 hunc
1582 1108 1631 1138 in-

930 1165 1032 1192 venta
1048 1162 1187 1193 licentia
1205 1170 1332 1191 morem
1348 1159 1512 1189 Versibus
1530 1158 1633 1188 alter-

927 1212 977 1242 nis
995 1211 1181 1252 opprobria
1210 1211 1336 1241 rustica
1361 1207 1474 1239 ludit.'
1519 1207 1634 1238 Livius

927 1262 984 1293 lib.
1002 1271 1026 1292 1.
1058 1263 1066 1278 ‘
1079 1262 1147 1295 Qui
1170 1271 1250 1302 non,
1272 1261 1361 1291 sicut
1380 1265 1471 1298 ante,
1488 1258 1635 1288 Fescen-

927 1313 1004 1344 nino
1023 1323 1122 1343 versu
1141 1312 1286 1343 similem
1304 1311 1566 1350 incompositum
1585 1313 1632 1339 te-
1663 1323 1665 1325 ·

927 1372 1019 1394 mere
1047 1373 1086 1393 ac
1116 1362 1235 1393 rudem
1266 1360 1407 1392 alternis
1430 1357 1633 1399 jaciebant.²

928 1413 1013 1444 Inde
1032 1419 1152 1454 postea
1176 1422 1304 1450 vermm,
1329 1411 1386 1452 qui
1412 1420 1431 1440 a
1454 1418 1634 1449 puerorum

930 1464 1147 1495 multitudine
1175 1461 1384 1494 nubentibus
1412 1459 1635 1497 canebantur,

930 1516 1008 1556 quia
1037 1515 1183 1546 omnium
1209 1512 1423 1544 lasciviarum
1447 1514 1482 1540 et
1511 1518 1636 1548 oppro-

930 1565 1078 1596 briorum
1097 1562 1283 1604 plenissimi
1311 1564 1421 1599 erant,
1449 1558 1636 1590 Fescennina·

931 1615 1015 1645 dicti
1043 1619 1136 1645 sunt.
1175 1612 1298 1644 Catull.
1316 1611 1414 1641 ‘Nec
1441 1609 1497 1639 diu
1523 1614 1635 1639 taceat

931 1675 1060 1706 procax
1076 1663 1287 1695 Fescennina
1307 1659 1456 1692 locutio!
1490 1662 1498 1676 ‘
1514 1659 1635 1690 Convi-

930 1716 975 1747 tia
993 1714 1093 1746 fesla’
1110 1719 1212 1745 vocat
1228 1714 1386 1744 Lucanus
1401 1710 1459 1741 lib.
1475 1719 1515 1740 ιι.
1533 1712 1542 1726 ⁸
1557 1709 1634 1739 Non

930 1767 1031 1798 soluti
1049 1768 1157 1797 lusere
1182 1765 1281 1804 sales,
1304 1772 1367 1793 nec
1394 1770 1485 1792 more
1510 1759 1635 1790 Sabino

930 1817 1076 1858 Excepit
1094 1815 1198 1847 tristis
1209 1812 1356 1845 convitia
1367 1810 1458 1842 festa
1469 1808 1634 1840 maritus.'

931 1869 1028 1899 Idem.

974 1923 990 1945 Ε
1004 1917 1134 1958 Fesnoe]
1150 1916 1242 1955 Lego
1262 1912 1412 1946 Fascinoe
1427 1921 1470 1942 ex
1485 1910 1638 1951 vestigiis

931 1969 1053 2010 priscae
1070 1966 1241 1998 editionis,
1259 1964 1419 1997 Fascinoe.
1431 1966 1468 1993 ut
1483 1961 1492 1978 ‘
1508 1961 1635 1991 Pilum-

932 2019 1021 2054 noe‚’
1052 2021 1061 2036 ‘
1074 2015 1229 2059 poploez'
1255 2016 1315 2045 hoc
1333 2020 1397 2052 est,
1412 2011 1558 2051 Fascini,
1579 2011 1637 2041 Pi-

934 2069 1051 2104 lumni,
1069 2067 1198 2108 populi.
1220 2065 1291 2095 Jos.
1316 2063 1399 2094 Scal.

981 2120 1109 2160 Fesnoe]
1134 2120 1175 2151 In
1202 2127 1307 2157 marg.
1340 2116 1529 2147 Fesceninae.
1577 2113 1629 2144 An

932 2171 1113 2212 legendum
1133 2169 1347 2202 Fescenninoe,
1367 2172 1402 2197 ut
1430 2164 1636 2196 Fescennini

934 2223 1019 2254 dicti
1056 2221 1186 2252 fuerint
1215 2219 1323 2260 pueri,
1357 2217 1412 2257 qui
1443 2217 1476 2246 in
1509 2216 1636 2255 nuptiis

934 2272 1160 2303 Fescenninos
1182 2279 1295 2301 versus
1313 2271 1488 2306 canentes,
1504 2266 1551 2296 sie
1568 2264 1636 2295 fas-

934 2323 1044 2354 cinum
1072 2330 1188 2352 arcere
1214 2317 1438 2360 putabantur?
1475 2315 1523 2348 At
1549 2315 1636 2346 liber

931 2374 1100 2414 antiquus,
1118 2372 1275 2402 Fescenoe.
1311 2368 1413 2399 Etita
1430 2366 1608 2406 legendum
1626 2376 1635 2404 ς

934 2433 1008 2454 nam
1026 2428 1061 2454 et
1090 2422 1185 2452 Deus
1218 2419 1368 2450 Fuscinas
1390 2417 1468 2455 fuit,
1493 2416 1550 2457 qni
1568 2415 1635 2446 fas-

933 2475 1044 2505 cinum
1069 2471 1290 2513 depellebat3
1320 2470 1569 2509 Imperatorum
1596 2474 1631 2498 et

934 2523 1113 2554 infantium
1131 2527 1258 2556 custos,
1268 2520 1357 2551 inter
1370 2529 1467 2550 sacra
1480 2519 1633 2549 Romana

934 2583 954 2603 a
982 2572 1180 2603 Vestalibus
1210 2571 1332 2602 cultus.
1376 2571 1431 2601 De
1457 2579 1521 2610 quo
1539 2569 1628 2599 Plin.

933 2623 993 2654 lib.
1026 2631 1163 2654 xxvm.
1202 2631 1278 2661 cap.
1308 2624 1340 2652 4.
1389 2621 1538 2652 Fescenoe
1568 2629 1630 2659 pro

936 2674 1096 2713 Fascinoe,
1110 2671 1141 2702 id
1155 2671 1357 2711 est,Fascini,
1368 2675 1405 2702 ut
1421 2675 1429 2688 ‘
1443 2671 1637 2709 Pilumnoe,

937 2724 945 2740 ‘
957 2722 1104 2765 poploe‚'
1121 2732 1183 2764 pro
1200 2722 1361 2763 Pilumni,
1378 2722 1482 2762 popli.
1505 2721 1586 2753 Dar.
