1835 2906
201 92 285 133 456

626 98 774 128 SEXTI
810 97 1008 128 POMPEH
1046 95 1182 126 FESTI

257 201 340 237 tem
363 195 488 236 video
511 195 553 235 in
574 193 695 235 vasis
715 193 934 245 stagneiss
955 191 1140 231 naritam
1161 190 1335 238 honam,
1353 193 1395 229 et
1415 193 1635 237 canutam,

259 268 436 313 taguma
456 262 609 314 quinas
628 260 765 301 fartas
789 258 981 300 conchas
1003 257 1276 310 piscinarias.

202 327 363 369 Narita
384 341 521 383 genus
541 328 677 381 piscis
698 326 863 366 minuti.

1457 320 1635 372 [PAUL.

204 394 381 435 Nassa²
399 399 467 434 est
487 394 711 447 piscatorii
725 397 761 415 ²0
790 392 911 432 vasis
945 402 1098 442 genus,
1132 401 1220 441 quo
1253 401 1350 428 cum
1382 389 1445 428 in·
1474 387 1639 440 [FES'r.

260 460 392 501 travit
412 460 562 512 piscis,
583 460 705 500 exire
722 471 812 498 non
836 461 993 511 potest.

1055 455 1245 496 Plautus
1263 468 1272 495 :
1305 467 1525 507 nunquam
1546 454 1640 494 her-

260 526 357 566 cule
378 538 435 566 ex
456 526 540 566 ista
560 538 692 566 nassa
717 524 849 564 hodie
870 537 951 576 ego
972 536 1119 564 escam
1141 526 1302 575 petam.

205 589 492 633 Nassiterna¹
510 598 525 613 ¹¹
557 597 623 632 est
651 604 784 643 genus
818 591 938 632 vasis
968 590 1137 644 aquarii
1170 589 1327 638 ansati,
1359 593 1404 628 et
1433 586 1641 640 patentiS,

793 733 931 745 ooooo

933 733 1031 744 ”eoo

248 810 289 839 20
313 807 457 840 Quidam
473 807 529 839 lib.
544 807 786 847 piscatoria.-l
812 807 900 839 Scal.
916 811 952 838 et
968 807 1053 839 Dae.
1075 806 1225 838 scribunt
1243 805 1424 837 Nasiterrm.

856 892 885 923 N
893 891 996 924 OTAE

206 979 295 1009 mine
312 978 489 1009 crustariae
503 978 655 1009 tabernae
674 979 789 1010 Rornae
807 978 899 1009 insti·

205 1033 302 1060 tutoe.
319 1029 467 1069 Hesych.
476 1027 633 1067 Νέβεστα,
644 1028 830 1067 πετάλματα
838 1030 899 1059 τῶν

205 1079 301 1117 ἱερῶν,
317 1078 366 1109 καὶ
376 1080 438 1109 τῶν
452 1081 594 1110 σικελῶν.
607 1079 698 1119 lego:
715 1079 899 1116 πεταλώμα-

206 1140 247 1158 τα
261 1130 323 1159 τῶν
344 1128 430 1169 ἱερῶν
441 1131 551 1160 καινῶν
565 1132 692 1162 σκευῶν.
735 1132 900 1171 Stagnare

207 1188 302 1219 ergo,
331 1181 564 1220 περιπεταλοῦν,
586 1183 734 1220 γανῶσαι,
757 1182 902 1221 γναθοῦν,

209 1229 353 1267 στομοῦν.
397 1230 453 1261 Sic
484 1231 571 1261 enim
598 1232 774 1267 malumus,
801 1241 900 1273 quam

209 1284 349 1319 stagnea
365 1289 444 1311 vasa
460 1280 677 1321 interpretari
694 1282 903 1322 κασσιτερινὰ,

207 1339 395 1370 quanquam
412 1339 475 1361 non
492 1331 660 1371 displicet.
698 1333 807 1365 Quam
822 1333 903 1363 alie-

209 1388 252 1409 no
280 1389 299 1410 a
324 1379 437 1411 Plauti
458 1385 571 1412 mente
594 1391 692 1413 sensu
724 1382 902 1414 Turnebus

208 1429 268 1459 hos
295 1439 410 1459 versus
426 1431 608 1462 restituere
623 1437 762 1463 conatus
785 1434 840 1473 sit,
855 1433 904 1463 sa-

209 1478 284 1517 cile‚
301 1479 357 1519 qui
383 1479 524 1510 hominis
547 1481 813 1513 emendationem
828 1492 903 1514 cum

208 1529 271 1559 hac
294 1534 408 1560 nostra
424 1531 619 1573 contulerit,
648 1533 903 1574 deprehendere

210 1579 347 1618 poterit.
369 1581 438 1611 Jos.
451 1580 533 1611 Scal.

254 1629 388 1670 Narita]
414 1629 528 1661 Ostrei
541 1640 658 1672 genus,
679 1634 795 1673 νηρῖται
808 1633 903 1666 Grae-

209 1679 268 1710 cis.
314 1680 429 1711 Plauti
445 1690 560 1713 versus
582 1682 631 1713 sic
653 1683 805 1723 legendi:
830 1685 903 1715 Mu-

208 1729 321 1760 riatica
344 1734 447 1761 autem
470 1731 557 1762 video
585 1732 619 1763 in
642 1734 726 1764 rasis
751 1735 903 1774 stagneis,

210 1779 333 1810 Bonam
351 1781 510 1816 Narilam.
524 1786 554 1812 et
580 1784 744 1815 Cumarum
766 1789 795 1815 et
818 1789 904 1824 tage-

208 1829 274 1868 nia,
290 1830 551 1872 Equinosfartos,
567 1834 695 1865 conchas
706 1836 904 1874 piscinarias.

211 1878 282 1909 Per
305 1881 495 1917 muriatica,
514 1883 715 1914 salsamenta
739 1885 904 1926 intellige,

212 1938 287 1968 quae
304 1930 337 1960 in
355 1931 461 1962 muria
472 1933 705 1966 servabantur.
740 1937 905 1968 Camarum

210 1979 376 2019 scriptum
402 1982 501 2013 unico
529 1993 570 2022 m,
594 1985 702 2015 veteri
726 1992 905 2018 consuetu-

212 2028 291 2059 dine
306 2039 366 2069 pro
380 2031 587 2068 Gemmarum,
599 2038 634 2064 et
649 2034 738 2075 apud
756 2036 905 2076 Hesych-

214 2078 367 2120 Κάμαρον.
414 2081 550 2121 Tagenia
565 2088 643 2115 sunt
660 2085 782 2125 pisces,
803 2091 905 2125 Ταγη-

213 2128 324 2168 νισταὶ,
355 2131 409 2170 qui
439 2136 474 2162 et
501 2132 564 2172 ipsi
591 2134 623 2164 in
654 2135 771 2167 muria.
816 2137 905 2168 Vide

212 2178 428 2211 Athenaeum.
476 2182 613 2221 Equinos
659 2185 796 2225 antique
843 2196 905 2226 pro

211 2228 343 2260 echinos.
390 2230 535 2262 Echinos
567 2232 674 2264 fartos
707 2239 819 2274 vocat,
848 2237 904 2277 qui

212 2276 457 2319 farciebantur,
475 2281 508 2311 id
526 2287 592 2322 est,
607 2283 850 2324 saginabantur
872 2286 903 2317 in

213 2327 360 2368 vivariis,
384 2330 472 2361 sicut
493 2331 502 2346 ‘
516 2332 660 2363 conchas
686 2334 904 2374 piscinarias:

214 2385 289 2414 quae
313 2378 345 2408 in
373 2380 530 2419 piscinis:
555 2381 623 2422 (sic
646 2382 791 2415 fartores
814 2386 904 2426 apud

214 2425 349 2478 Terent.
375 2429 430 2469 qui
448 2439 526 2461 aves
544 2432 656 2463 altiles
679 2433 838 2473 farciunt,
855 2446 904 2466 sa-

213 2481 331 2513 ginant
347 2476 375 2516 :)
403 2484 506 2520 atque
540 2482 626 2513 adeo
651 2484 907 2517 Muriaticorurn

214 2524 347 2556 nomine
365 2528 505 2561 Plautus
522 2532 632 2572 pisces
648 2542 774 2575 omnes,
792 2537 846 2576 qui
865 2537 907 2567 ab

215 2582 257 2603 eo
292 2580 478 2609 enumerati
527 2588 604 2613 sunt
641 2586 905 2625 comprehendit.

216 2624 259 2656 Et
289 2634 330 2657 ne
361 2626 495 2659 dubites
531 2631 572 2662 de
601 2634 663 2665 hac
697 2637 906 2668 correctione

952 976 1030 1008 audi
1058 976 1148 1007 Plin.
1173 975 1232 1007 lib.
1251 985 1277 1006 ι.
1297 984 1372 1015 cap.
1387 977 1418 1005 8.
1440 974 1448 991 ‘
1465 972 1521 1004 Sic
1548 973 1646 1004 halex

952 1028 1111 1069 pervenit
1134 1027 1175 1058 ad
1201 1027 1355 1065 Ostreas‚
1381 1025 1539 1065 Echinos,
1554 1024 1648 1055 Urti-

953 1089 1023 1119 cas,
1050 1079 1257 1113 Cammaros,
1280 1077 1462 1108 Mullorum
1481 1075 1650 1115 jecinora,

952 1128 1199 1169 innumerisque
1224 1127 1401 1167 generibus
1425 1126 1466 1157 ad
1494 1134 1648 1165 saporem

953 1179 1041 1219 gulae
1078 1179 1182 1219 coepit
1218 1179 1266 1210 sal
1311 1177 1508 1209 tal›escere.’
1550 1177 1647 1208 Satin

953 1232 1071 1269 aperte
1095 1227 1228 1259 eosdem
1255 1227 1363 1268 pisces
1385 1227 1475 1257 inter
1499 1225 1650 1256 muriati-

952 1289 1004 1320 ca,
1021 1279 1053 1309 id
1078 1278 1165 1309 enim
1191 1282 1241 1309 est
1264 1279 1366 1313 halex,
1382 1276 1420 1307 τὸ
1440 1276 1581 1315 τάριχος,
1598 1284 1649 1306 re-

952 1330 1094 1368 censuit,
1120 1339 1204 1370 quos
1232 1329 1397 1359 Plautus?
1444 1328 1557 1360 Quare
1581 1331 1650 1357 tam

952 1380 1030 1411 boni
1049 1389 1165 1411 versus
1183 1380 1215 1410 iu
1232 1379 1296 1410 situ
1324 1384 1359 1409 et
1382 1377 1536 1419 squalore
1552 1376 1651 1407 reliu-

953 1430 1078 1472 quendi
1091 1439 1156 1460 non
1174 1434 1283 1460 erant.
1327 1428 1451 1468 Scalig.
1468 1428 1500 1458 iu
1516 1427 1650 1467 conjec-

959 1486 1026 1513 tan.
1040 1481 1081 1512 ad
1098 1481 1241 1511 Varron.
1259 1480 1338 1510 Duc.

1001 1535 1011 1550 ⁹
1035 1531 1074 1561 In
1089 1530 1169 1561 vasis
1185 1529 1340 1569 stagneis]
1364 1529 1455 1559 Vasa
1480 1527 1653 1567 intelligit,

959 1580 992 1612 ni
1022 1579 1134 1619 fallor,
1157 1580 1356 1618 incrustata,
1384 1587 1460 1609 nam
1495 1582 1653 1618 stagnare

959 1635 1033 1662 erat
1048 1630 1273 1671 περιπεταλοῦν
1294 1629 1334 1659 τὰ
1349 1628 1446 1667 ἄγγη.
1490 1628 1603 1667 Vulgo
1620 1627 1652 1658 in

958 1680 1125 1712 idiotismo
1148 1680 1288 1711 dicimus
1308 1679 1485 1710 invariare.
1531 1678 1580 1708 Eo
1597 1686 1655 1707 no·

958 1732 1048 1762 mine
1065 1730 1242 1762 crustariae
1257 1730 1407 1760 tabernae
1426 1728 1541 1759 Romae
1560 1727 1653 1757 insti-

960 1786 1056 1814 tutae.
1080 1782 1137 1813 Sic
1154 1781 1241 1812 enim
1258 1779 1434 1819 malumus,
1451 1787 1548 1819 quam
1565 1782 1654 1816 stag·

959 1842 1024 1864 nea
1062 1842 1140 1863 vasa
1180 1830 1398 1871 interpretari
1444 1827 1654 1868 κασσιτερινᾶ,

959 1892 1149 1923 quanquam
1165 1891 1229 1912 non
1246 1880 1415 1920 displicet.
1436 1879 1524 1910 Scal.
1540 1879 1642 1929 gdem.

1003 1935 1012 1953 ¹
1037 1932 1152 1972 Nassa]
1177 1932 1290 1962 Plaut.
1316 1930 1348 1960 in
1375 1929 1507 1960 Milite:
1534 1933 1541 1945 ‘
1560 1929 1655 1960 Nun·

959 1993 1057 2024 quam
1076 1982 1201 2013 Hercle
1218 1991 1261 2012 ex
1279 1981 1344 2011 ista
1364 1989 1462 2011 nassa
1478 1989 1540 2019 ego
1556 1979 1653 2011 hodie

959 2043 1068 2064 escam
1087 2031 1223 2073 petam.'
1246 2032 1322 2062 Ant.
1340 2032 1426 2069 Aug.

1002 2084 1121 2123 Nassa]
1145 2084 1256 2115 Gloss.
1271 2084 1280 2098 ‘
1293 2082 1415 2120 Nassa,
1431 2080 1539 2120 κύρτος
1555 2079 1655 2110 ἁλιευ-

959 2134 1068 2166 τικός.’
1114 2134 1241 2164 Versus
1271 2131 1406 2162 Plauti:
1445 2132 1454 2147 ‘
1475 2132 1655 2170 Nunquam

958 2186 1071 2216 hercle
1089 2194 1131 2214 ex
1150 2184 1215 2214 ista
1230 2191 1327 2213 nassa
1343 2190 1406 2221 ego
1429 2180 1527 2212 hodie
1543 2190 1655 2212 escam

959 2234 1096 2276 petam.'
1110 2235 1189 2266 Duc.

1002 2290 1016 2305 ⁸¹
1042 2282 1243 2322 Nassilerna]
1279 2281 1359 2312 Vid.
1385 2282 1539 2320 Fulgent.
1578 2281 1657 2312 Pla-

959 2335 1046 2367 eiad.
1063 2335 1104 2365 de
1120 2332 1266 2373 antiquis
1283 2331 1430 2362 vocibus.
1456 2332 1534 2363 Ant.
1549 2331 1636 2370 Aug.

1003 2383 1204 2423 Nassiterna]
1225 2382 1552 2422 Scribo,Nasi!erna:
1568 2381 1655 2422 quod

962 2441 1031 2467 tres
1060 2444 1169 2471 nasos,
1195 2435 1255 2464 hoc
1281 2438 1344 2467 est,
1371 2442 1467 2462 ansas
1490 2432 1653 2463 haberet:

962 2488 1009 2518 ita
1025 2485 1214 2517 Vatinianis
1227 2483 1386 2514 calicibus
1400 2483 1548 2522 assignat
1559 2491 1655 2512 nasos

963 2537 1151 2568 Martialis:
1177 2540 1211 2565 et
1226 2533 1420 2566 Juvenalis:
1447 2535 1455 2549 ‘
1471 2533 1522 2562 'l‘u
1544 2532 1653 2562 Bene-

962 2587 1097 2618 ventani
1114 2586 1236 2616 sutoris
1253 2592 1373 2615 nomen
1389 2582 1567 2612 habentem
1583 2582 1655 2613 Sic-

963 2638 1054 2670 cabis
1071 2636 1208 2668 calicem
1227 2641 1379 2665 nasorum
1397 2631 1565 2671 quatuor.’
1611 2632 1655 2663 F„
