1835 2906
210 80 294 122 496

663 87 812 118 SEXTI
847 86 1047 117 POMPEI!
1084 85 1218 117 FES'FI

270 181 383 223 clusi
403 195 428 221 α
449 177 587 220 Poenz's
612 176 784 221 Casilini
791 178 952 235 famem
975 177 1142 219 nucibus
1157 182 1193 201 20
1213 183 1566 229 sustentaverunt,
1584 179 1655 220 vel

269 249 387 304 quod
409 249 452 289 in
470 261 607 298 eorum
627 248 786 303 regione
805 246 984 300 plurima
1007 260 1088 286 nux
1110 245 1293 286 minutaf
1316 247 1542 288 nascitur.¹

213 317 394 359 Nudius
414 315 567 356 tertius
580 320 595 343 g
615 315 913 369 compositum
933 327 989 354 ex
1021 326 1136 354 nunc
1156 318 1200 355 et
1219 314 1288 355 die
1307 314 1449 355 tertio.
1479 313 1657 366 [PAUL.

216 382 381 424 Nudius
400 382 540 424 certius
562 384 831 437 compositum
851 394 906 422 ex
923 394 1038 422 nunc
1059 388 1097 421 et
1116 381 1186 421 die
1208 381 1350 422 tertio.

652 450 845 490 dicuntur
860 446 876 469 ¹¹
897 448 940 488 in
961 460 1065 500 agro
1088 462 1200 503 quos.

217 450 274 492 N.

1493 379 1658 433 [FEST.

272 518 354 559 alio
390 518 548 559 nomine
587 516 818 571 appellant
849 529 875 556 a
911 520 1031 569 parte
1066 522 1194 555 totum
1223 513 1507 570 signficantes‚
1546 512 1662 567 quasi

270 585 363 627 inde
382 584 579 640 appellati
601 585 705 625 siut.

274 722 470 762 dicantur
493 733 566 773 pa.

271 787 420 829 dicitur
438 788 601 828 coelum
622 798 793 826 cavum.

276 854 443 895 dicatur
467 854 582 894 dam.

222 919 439 961 Numami
479 919 745 973 Pompilium
779 917 1029 959 saniculam
1064 925 1235 958 montem
1263 916 1502 958 habita-visse
1523 917 1666 957 serunt

275 988 318 1027 in
339 1000 427 1041 quo
450 999 593 1028 arcam
627 986 723 1040 ejus
753 986 960 1025 inventam
990 998 1079 1024 cum
1110 984 1224 1025 libris
1250 984 1392 1026 Numa:
1423 984 1609 1026 nominis
1640 997 1666 1023 a

278 1055 482 1095 Terentio
501 1051 679 1108 quodam
698 1051 829 1093 scriba
847 1051 1126 1105 repastinante
1148 1065 1312 1105 agrum.

821 1181 1067 1195 oeeeoeeulce

265 1274 305 1302 20
330 1271 390 1303 Ed.
407 1270 494 1303 Scal.
512 1270 694 1301 nuncia—1
725 1270 808 1302 Ead.
826 1271 879 1302 ed.
894 1272 1043 1311 pascitur.

885 1412 913 1443 Ν
922 1411 1023 1443 OTAE

266 1485 276 1505 ¹*
298 1486 440 1516 Plurima
461 1496 527 1516 nux.
543 1486 676 1525 minuta]
701 1487 809 1519 Quam
825 1487 920 1517 Prae-

223 1538 386 1567 nestinam
397 1535 472 1567 ideo
485 1536 620 1567 vocavit
631 1537 751 1567 Varro.
764 1536 920 1568 Macrob.

223 1596 279 1617 11¹.
295 1586 466 1616 Saturnal.
490 1586 588 1616 Idem.

267 1640 282 1661 g
307 1636 435 1666 Nauius
469 1635 594 1675 tertius]
619 1636 670 1666 Ex
694 1635 802 1666 verbis
830 1636 924 1667 Festi

225 1685 381 1726 quaedam
399 1686 555 1716 videntur
579 1695 653 1716 esse
680 1685 860 1716 referenda
883 1686 924 1716 ad

225 1735 315 1766 aliud
331 1735 468 1767 verbum
485 1736 563 1767 mihi
578 1736 741 1775 ignotum.
755 1737 925 1775 Ant.Aug.

270 1787 393 1817 Nudius
410 1787 535 1826 tertius]
550 1787 682 1817 Nudius
698 1787 831 1826 testim,
848 1797 927 1828 qua-

226 1836 251 1866 si
267 1846 348 1866 nunc
363 1837 429 1866 dies
442 1837 564 1867 tertius.
588 1838 675 1867 Dac.

269 1886 283 1905 ¹¹
310 1887 346 1916 N
358 1907 522 1919 ........
539 1887 701 1927 dicuntur]
721 1888 794 1918 Duo
812 1889 927 1928 capita

226 1936 281 1967 hic
299 1937 456 1967 videntur
472 1936 662 1974 cohaesisse,
678 1937 735 1967 sed
753 1937 832 1978 quid
848 1947 926 1968 con-

227 1986 358 2016 tineant
388 1990 423 2017 et
450 1996 514 2027 quo
541 1987 747 2029 pertineant,
773 1987 926 2018 divinare

227 2046 295 2068 non
313 2045 460 2076 possum.
481 2037 578 2068 Idem.

270 2085 278 2106 i
302 2087 455 2127 Numam]
481 2085 567 2116 Vide
584 2087 673 2117 Plin.
687 2086 741 2117 lib.
757 2095 837 2117 xm.
851 2096 926 2127 cap.

230 2138 282 2166 13.
307 2145 349 2166 ex
375 2136 472 2176 cujus
500 2136 611 2166 verbis
638 2137 711 2167 liaee
737 2137 927 2167 sarcientur

229 2187 362 2226 melius,
385 2196 483 2227 quam
507 2196 549 2217 ex
571 2187 622 2222 iis,
648 2197 721 2227 quae
745 2187 863 2218 eadem
885 2187 927 2217 de

230 2246 267 2267 re
287 2237 401 2267 Livius
419 2237 537 2268 scribit
561 2237 618 2267 lib.
646 2246 703 2267 xn.
729 2241 765 2268 et
792 2237 924 2269 Plutar.

230 2287 264 2318 in
282 2288 405 2318 Numa.
428 2287 507 2318 Ant.
523 2288 608 2326 Aug.

275 2338 427 2378 Numam]
465 2338 608 2368 Numam
636 2338 839 2379 Pompilium
867 2336 925 2369 Ja-

233 2387 379 2418 niculum
403 2386 574 2418 habitasse
603 2386 731 2426 ferunt,
747 2388 779 2418 in
798 2397 863 2427 quo
880 2397 932 2418 ar-

238 2445 312 2466 cam
329 2438 399 2476 ejus
416 2437 587 2468 inventam
605 2438 638 2468 iu
652 2438 754 2468 ruinis
773 2448 793 2468 a
807 2439 933 2469 Teren-

235 2487 283 2517 tio
301 2489 443 2526 quodam
462 2488 695 2528 repastinante
712 2498 838 2530 agrum.
860 2490 927 2520 va.

235 2535 319 2565 Scal-

279 2584 429 2623 Numam]
467 2586 564 2618 Hanc
592 2588 777 2619 historiam
805 2588 851 2620 sic
868 2589 938 2619 Liv.

237 2635 293 2666 lib.
312 2644 368 2667 XL.
384 2641 467 2668 sect.
482 2640 534 2667 ⁶20.
570 2645 576 2657 ‘
597 2640 724 2671 Eodem
748 2640 846 2672 anno'
863 2640 937 2680 (an-

977 1496 1019 1518 no
1047 1486 1137 1527 572.)
1159 1486 1214 1516 ‘iu
1247 1495 1327 1526 agro
1354 1486 1391 1517 L.
1420 1484 1534 1516 Petilii
1552 1485 1670 1515 sciibae

977 1537 1040 1567 sub
1060 1536 1229 1571 Janiculo,
1255 1536 1334 1566 dum
1360 1536 1508 1566 cultores
1535 1534 1606 1575 agri
1627 1534 1673 1564 al-

979 1588 1044 1618 tius
1062 1587 1241 1618 moliuntur
1267 1590 1402 1625 terram,
1425 1585 1501 1616 dum
1527 1584 1672 1624 lapideae

978 1646 1079 1671 arca‘,
1115 1642 1254 1668 octonos
1281 1635 1387 1667 ferme
1422 1635 1524 1676 pedes
1554 1635 1675 1674 long-ae,

980 1693 1162 1728 quaternos
1191 1688 1281 1726 latae,
1299 1687 1444 1717 inventae
1468 1690 1556 1724 sunt,
1580 1694 1676 1724 oper-

981 1739 1064 1770 culis
1082 1739 1217 1780 plumbo
1242 1739 1420 1769 devinctis.
1465 1738 1587 1769 Literis
1615 1738 1678 1768 La-

982 1789 1062 1820 tinis
1099 1789 1300 1829 Graecisque
1341 1793 1483 1829 utraque
1513 1797 1592 1818 arca
1629 1787 1677 1817 in-

981 1841 1113 1880 scripta
1126 1845 1210 1871 erat.
1236 1839 1276 1870 ln
1294 1839 1400 1869 altera
1416 1839 1560 1869 Numam
1579 1837 1678 1868 Pom-

983 1890 1112 1931 pilium,
1135 1890 1317 1930 l’omponis
1334 1889 1449 1924 filium,
1473 1890 1597 1928 Regem
1615 1888 1679 1918 Ro-

980 1949 1169 1978 manorum,
1197 1940 1366 1979 sepultum
1390 1948 1479 1978 esse,
1509 1939 1541 1969 in
1571 1939 1679 1969 altera

981 1989 1085 2020 libros
1118 1989 1278 2029 Pompilii
1319 1989 1440 2019 inesse.
1500 1988 1564 2018 Eas
1587 1997 1680 2017 arcas

981 2049 1058 2070 cum
1076 2049 1118 2070 ex
1137 2039 1319 2069 amicorum
1335 2037 1506 2068 sententia
1529 2036 1681 2066 (lominus

981 2090 1184 2129 aperuisset,
1205 2098 1278 2129 quae
1297 2088 1430 2118 tilulum
1447 2086 1571 2126 sepulti
1590 2085 1679 2125 regis

981 2139 1160 2175 habuerat,
1199 2139 1305 2169 inanis
1335 2139 1484 2175 inventa,
1509 2136 1581 2166 siue
1612 2137 1681 2166 ullo

982 2190 1126 2230 vestigio
1156 2189 1307 2230 corporis
1337 2188 1469 2218 hnmani
1497 2192 1555 2217 aut
1582 2187 1681 2217 ullius

981 2240 1041 2274 rei,
1059 2249 1120 2279 per
1137 2239 1249 2269 tabem
1274 2241 1327 2270 tot
1348 2247 1510 2268 annorum
1528 2237 1680 2268 omnibus

980 2289 1152 2320 absumtis.
1191 2289 1231 2319 In
1256 2290 1361 2320 altera
1377 2287 1443 2318 duo
1460 2286 1583 2326 fasces,
1599 2295 1679 2317 can-

981 2339 1064 2369 delis
1075 2339 1228 2378 involuti,
1239 2342 1395 2378 septenos
1407 2337 1555 2368 habuere
1567 2337 1682 2375 libros,

985 2398 1050 2419 non
1068 2389 1216 2429 integros
1245 2387 1357 2428 modo,
1375 2387 1433 2418 sed
1452 2386 1682 2418 recentissima

987 2439 1113 2478 specie.
1154 2439 1295 2480 Septem
1312 2438 1423 2470 Latini
1441 2438 1483 2468 de
1500 2439 1575 2478 jure
1593 2437 1684 2467 Pon-

990 2490 1092 2521 tificio
1108 2494 1218 2529 erant,
1236 2494 1365 2530 septem
1392 2489 1506 2520 Graeci
1522 2488 1562 2518 de
1582 2487 1682 2518 disci-

991 2540 1083 2580 plina
1115 2539 1303 2580 sapientia‘,
1337 2549 1410 2580 quae
1448 2538 1534 2568 illius
1573 2538 1683 2567 astatis

992 2599 1065 2619 esse
1096 2588 1230 2628 potuit.'
1274 2588 1361 2620 Vide
1392 2587 1480 2618 I'lin.
1511 2586 1567 2619 lib.
1601 2595 1682 2618 xiii.

993 2649 1069 2681 cap.
1088 2642 1138 2671 13.
1165 2639 1245 2670 Duc.
