1835 2906
370 134 430 164 nn
464 129 734 162 VERBORUM
768 124 1179 158 smumch'rlouu
1213 125 1309 154 mu.
1343 122 1447 154 X1v.
1554 111 1638 153 555

202 366 402 408 Panibus
416 365 428 386 t
456 362 717 405 redimibant
744 362 878 414 caput
900 355 1005 411 equi
1027 354 1240 396 immolati
1262 353 1415 395 Idibus
1437 352 1644 394 Octobri-

258 436 344 476 bus
364 433 409 475 in
438 445 595 485 campo
618 429 799 478 Martio,
822 427 926 481 quia
955 424 1216 466 sacrificium
1237 423 1371 463 fiebat
1392 422 1448 463 ob
1470 421 1645 474 frugum

259 505 484 543 eventum:
516 503 559 541 et
580 510 721 552 equus
737 496 899 551 potius,
916 505 1047 548 quam
1062 493 1144 533 bos
1160 490 1494 542 immolabatur3
1526 487 1647 543 quod

260 571 332 612 hic
353 570 435 610 bos
457 568 656 621 frugibus
677 563 903 620 pariendis
930 565 1071 616 aptus.

207 638 413 681 Pantices
428 641 447 658 ¹¹
466 636 559 677 frus
576 635 591 659 ⁸
614 633 790 676 ventris.

209 705 404 747 Pantices
425 703 612 745 dicebant
632 702 725 743 frus
746 701 925 743 ventris.

265 771 447 828 appellat
468 787 493 812 α
515 786 593 827 quo

1471 625 1649 677 [PAUL.

1484 691 1652 747 [FEST.

1109 765 1171 806 mi
1195 777 1264 818 ag.

210 843 390 885 Panusx
410 840 519 882 facit
538 839 848 881 diminutivum
869 834 1113 890 panicula.⁹

211 910 434 964 Papillaey
468 908 667 962 capitula
705 917 994 949 mammarum
1037 903 1188 951 dictae,
1230 899 1350 955 quod
1392 896 1658 953 papularum

271 981 370 1020 sunt
391 977 570 1019 similes.

215 1046 395 1101 Papiria
415 1045 555 1085 tribus
578 1057 603 1084 a
624 1041 810 1096 Papirio
833 1044 1012 1082 vocata.

1477 1030 1662 1085 [PAUL.

218 1113 403 1168 Papiria
419 1119 432 1134 Ζ
447 1111 577 1153 tribus
596 1126 620 1151 α
646 1108 824 1164 Papirio
846 1105 1054 1163 appellata
1075 1111 1148 1154 est,
1167 1101 1231 1144 vel
1246 1117 1270 1142 a
1292 1099 1451 1142 nomine
1497 1097 1664 1151 [FEST.

276 1181 398 1237 agri:
429 1181 498 1236 qui
518 1180 627 1221 circa
653 1176 868 1219 Tusculum
887 1183 943 1217 est
958 1192 971 1216 .-
1012 1173 1104 1215 huic
1129 1170 1317 1226 Pupinia
1340 1167 1468 1210 tribus
1490 1166 1550 1207 ita
1572 1177 1665 1204 con-

262 1251 413 1305 juncta
421 1247 532 1304 fuit,
553 1255 599 1288 ut
631 1245 679 1287 de
700 1245 830 1300 finib.
859 1241 1084 1299 aliquando
1117 1238 1329 1295 susceperit
1364 1234 1528 1285 bellum,
1548 1231 1667 1288 quod

824 1364 960 1378 eeeeeee

963 1365 1062 1377 “ab‘’

265 1451 285 1479 8
310 1448 444 1489 Legunt
465 1446 599 1489 quidam
616 1445 810 1487 fluxus.—9
833 1443 890 1477 Al.
911 1444 1076 1485 panucula.

877 1548 1020 1582 NOTAE

267 1643 278 1663 ¹
302 1641 456 1681 Panibus]
480 1641 596 1682 Equus
613 1638 770 1671 October
785 1635 925 1668 diceba-

226 1697 295 1725 tur.
340 1693 427 1723 Vide
445 1696 453 1709 ‘
468 1690 643 1723 October.’
668 1689 766 1720 Idem.

271 1749 286 1765 u
312 1743 473 1783 Pantices]
491 1742 634 1773 Plautus
645 1741 679 1772 in
693 1739 821 1772 Pseud.
845 1738 927 1768 ‘Vi-

228 1804 271 1826 no
295 1794 393 1825 modo
417 1792 551 1833 cupidae
575 1792 680 1830 estis3
713 1791 761 1822 Eo
779 1799 837 1820 vos
854 1799 928 1820 vos-

230 1851 302 1876 tros
332 1844 554 1885 panticesque
585 1842 670 1873 adeo
700 1839 927 1880 madefacitis,

230 1906 332 1938 quom
357 1895 418 1926 sini
443 1904 506 1935 ego
529 1894 581 1925 hic
605 1891 739 1924 siccus!
775 1891 928 1922 Martial.

228 1948 288 1979 lib.
306 1956 356 1978 vl.
389 1951 397 1964 ¹
412 1945 504 1979 Quid
521 1955 597 1975 cum
615 1943 807 1984 panticibus
829 1942 928 1978 laxis,

231 2004 268 2030 et
285 1996 451 2038 compede
465 1994 611 2035 grandi?
635 1994 715 2026 Ant.
729 1992 816 2032 Aug.

275 2047 439 2088 Pautices]
464 2047 555 2081 Quid
574 2046 711 2084 sitsrus‚
724 2044 849 2075 nescio.
864 2043 932 2074 JoS.

232 2099 318 2130 Scat.

276 2147 440 2189 Pantices]
458 2147 548 2180 Quid
563 2147 688 2185 sitfrus
703 2146 855 2186 ignotum
868 2147 932 2175 est.

233 2202 370 2241 Legunt
392 2199 526 2241 quidam
541 2198 663 2238 fluxus,
684 2195 774 2237 quod
799 2194 934 2236 probari

236 2261 301 2282 non
319 2255 444 2291 potest.
478 2248 602 2280 Melius
619 2248 677 2288 qui
693 2247 793 2278 viscus
807 2245 937 2277 ventris.

237 2302 328 2335 Quid
344 2300 455 2338 sifrus
466 2300 508 2330 sit
525 2299 687 2339 profi-ux,
702 2297 867 2339 quomodo
878 2306 936 2326 an-

238 2352 325 2392 tiqui
338 2350 501 2381 dicebant
524 2359 585 2390 pro
600 2348 734 2387 fructu?
778 2348 826 2379 Ut
841 2349 936 2385 fruc-

236 2406 304 2434 tum
326 2402 444 2433 ventris
458 2400 579 2430 Festus
596 2403 697 2430 vocet
712 2398 873 2437 Pantices,
888 2398 936 2428 in-

238 2453 378 2484 testina.
396 2451 521 2482 Pantex
538 2450 639 2490 vulgo
654 2459 758 2489 pause.
777 2449 819 2479 In
836 2449 938 2479 Phal-

239 2504 328 2544 licis‚
361 2503 370 2519 ⁴
382 2507 418 2534 et
449 2504 636 2533 aestuantes
672 2499 756 2530 solvi
787 2499 939 2539 pantices

242 2556 393 2587 obesam
412 2552 454 2584 ad
470 2560 610 2582 uxorem
628 2549 741 2582 redis.'
764 2550 846 2581 Dae.

285 2612 300 2627 x
326 2604 448 2644 Pauus]
471 2601 604 2633 Nonius
620 2602 629 2618 ‘
643 2599 842 2632 Panullam.'
864 2598 943 2631 Ant.

246 2656 331 2695 Aug.

292 2706 413 2747 Panas]
452 2707 503 2736 De
527 2709 534 2722 ¹
548 2702 715 2735 Panieula
728 2700 736 2715 ’
754 2705 790 2733 et
805 2704 813 2718 ‘
829 2701 942 2732 Panu-

977 1634 1092 1666 ellium
1106 1631 1114 1644 '
1137 1641 1198 1664 nos
1221 1629 1303 1662 satis
1323 1628 1430 1660 multa
1446 1625 1525 1658 olim
1542 1624 1574 1656 in
1590 1623 1676 1654 Vara

978 1694 1108 1717 ronem.
1133 1682 1345 1715 Glossarium
1359 1691 1367 1712 ι
1383 1680 1392 1698 ‘
1407 1675 1677 1711 Panuucellium„

980 1733 1128 1772 πήνειον.’
1151 1733 1221 1764 Jos.
1236 1732 1323 1764 Scal.

1028 1784 1148 1824 Pauus]
1182 1783 1321 1814 Glomus
1336 1781 1423 1811 lauae
1441 1781 1570 1819 carptae
1588 1781 1622 1807 et
1638 1774 1681 1806 ad

982 1836 1129 1868 nendum
1151 1838 1305 1876 paratae3
1342 1831 1432 1863 unde
1454 1829 1611 1870 panicula,
1632 1826 1681 1856 la-

983 1898 1066 1919 nosa
1099 1896 1195 1918 coma
1226 1884 1311 1916 milii
1351 1880 1536 1913 arundinis.
1567 1877 1683 1908 Plaut.

984 1939 1058 1970 Mil.
1074 1938 1170 1970 Glor.
1188 1946 1213 1968 1.
1230 1939 1262 1967 1.
1296 1939 1304 1952 ‘
1318 1933 1446 1973 Quojus
1470 1935 1509 1962 tu
1531 1928 1683 1969 legiones

984 1988 1157 2021 difflavisti
1183 1986 1304 2027 spiritu
1328 1982 1434 2016 Quasi
1456 1983 1576 2011 ventus
1602 1976 1685 2008 folia

985 2046 1043 2072 aut
1060 2038 1247 2080 paniculam
1265 2032 1466 2067 tectoriam.'
1489 2031 1572 2061 Dae.

1028 2097 1041 2119 Υ
1066 2089 1214 2131 Papillae]
1238 2087 1365 2119 Melius
1383 2084 1439 2115 alii
1456 2094 1475 2114 a
1492 2092 1587 2123 papa,
1603 2089 1685 2121 pue-

986 2151 1099 2172 rorum
1114 2140 1204 2178 cibo,
1216 2137 1306 2179 quod
1323 2146 1342 2166 a
1355 2143 1482 2176 papare,
1498 2130 1688 2163 comedere.

988 2192 1113 2223 Isidor.
1128 2189 1185 2221 lib.
1203 2197 1256 2220 xr.
1273 2196 1350 2227 cap.
1368 2187 1419 2215 ll.
1451 2185 1460 2200 ‘
1472 2181 1615 2223 Papillae
1632 2190 1688 2212 ca-

989 2243 1062 2283 pita
1085 2247 1304 2272 mammarum
1328 2240 1418 2271 sunt,
1435 2242 1519 2275 quas
1542 2229 1689 2262 infantes

992 2296 1152 2333 sugentes
1177 2285 1493 2328 comprehendunt:
1532 2285 1568 2314 et
1586 2281 1690 2312 dictae

993 2343 1143 2384 papillae,
1158 2339 1246 2382 quod
1263 2348 1317 2369 eas
1333 2336 1482 2368 infantes
1497 2333 1591 2375 quasi
1610 2341 1692 2373 pap-

992 2398 1074 2434 pant
1090 2392 1168 2423 dum
1186 2393 1238 2422 lac
1255 2386 1401 2429 sugunt.'
1425 2387 1522 2418 Idem.

1036 2450 1048 2464 Ζ
1072 2441 1221 2483 Papiria]
1258 2440 1492 2479 Interpretem
1508 2434 1693 2467 desiderat.

996 2495 1075 2526 Ant.
1092 2495 1178 2533 Aug.

1043 2545 1174 2585 Papiria
1189 2539 1305 2581 tribus]
1333 2538 1482 2580 Papiriae
1501 2536 1610 2569 tribus
1626 2544 1695 2567 me-

998 2595 1096 2627 minit
1112 2595 1185 2626 Liv.
1203 2597 1239 2625 et
1260 2590 1458 2630 Dionysius,
1474 2587 1515 2619 ab
1532 2595 1613 2628 agro
1628 2585 1696 2616 Pa-

998 2646 1085 2687 pirio
1102 2645 1196 2677 circa
1213 2642 1394 2674 Tusculum
1419 2639 1468 2670 sic
1490 2638 1596 2671 dicta.
1640 2636 1696 2667 De

999 2696 1138 2739 Papinio.
1151 2694 1230 2728 vide
1247 2703 1306 2725 suo
1322 2693 1409 2725 loco.
1432 2690 1514 2722 Dm:⁰
