1835 2906
235 120 319 160 368

675 131 697 161 S
709 131 825 161 EXTI
859 133 952 163 POM
964 133 1062 162 PEII
1098 133 1237 164 FESTI

238 222 496 265 Madasa¹d
547 224 709 274 ebrius,
747 238 774 266 a
809 225 967 268 Graeco
1004 227 1125 280 μαδᾷν
1167 227 1421 270 deductum:
1468 231 1538 271 vel
1573 232 1675 284 quia

292 291 496 332 madidus
526 291 612 331 sit²
634 305 661 332 a
682 293 798 333 vino.

236 358 540 408 Maeandrum,e
556 372 691 411 genus
713 360 912 413 picturae,
930 361 1095 402 dictum
1109 367 1176 403 est
1192 375 1217 403 a
1234 362 1515 405 similitudine
1532 363 1675 405 flexus

292 426 447 475 amnis,
468 427 545 480 qui
567 428 810 481 appellatur
830 428 1099 471 Maeandrus.

237 494 402 536 Maecia
418 491 431 516 f
447 495 583 535 tribus
605 507 631 535 a
652 495 845 548 quodam
868 501 1013 538 castro
1035 497 1099 538 sic
1120 497 1381 551 appellatur.

237 561 487 604 Maenianag
517 562 707 604 aedificia
740 575 767 602 a
794 562 962 604 Maenio
983 568 1086 606 sunt
1106 565 1359 619 appellata:
1392 567 1432 607 is
1453 566 1569 606 enim
1591 567 1678 619 pri⁴

840 681 1034 693 oeaeeeoeeaee
1040 683 1074 693 ιο

279 760 295 787 1
319 755 542 787 Scribendum
560 760 673 787 mouet
695 756 783 787 Scal.
802 757 969 789 Madulsa:
994 758 1083 800 quod
1107 759 1229 801 probat
1252 761 1404 793 Dac.—2
1428 760 1572 795 Quidam
1597 761 1677 793 libri

233 800 323 831 sotis.

885 874 1025 907 NOTAE

234 947 341 980 Macte
364 951 440 988 esto,
456 948 605 988 antique.
628 958 689 988 pro
714 951 831 979 mactus
853 953 927 982 esto.

234 1000 383 1040 Nactus,
410 1000 431 1029 i.
458 1009 487 1029 e.
510 1000 615 1039 magis
644 1005 776 1031 anctus.
821 1001 865 1031 Et
887 1001 928 1032 ad

235 1050 300 1080 alia
325 1051 454 1091 quaevis
480 1049 740 1090 transferuntur,
757 1056 793 1082 ut
818 1053 929 1084 ‘mac-

236 1105 309 1131 tare
324 1099 532 1134 honoribus:
546 1102 555 1118 ‘
571 1100 782 1132 infortunio.’
813 1102 927 1135 Plaut.

233 1151 420 1191 Eleganter
451 1150 576 1182 Arnob.
609 1151 667 1182 lib.
698 1161 722 1182 1.
751 1150 927 1184 ‘fanorum

234 1201 487 1232 consecratione
508 1201 680 1232 mactare!
703 1202 801 1234 Idem.

275 1251 290 1272 ²¹
313 1252 464 1292 Madnasa]
487 1252 619 1288 Scribe,
642 1253 728 1284 utin
750 1254 927 1294 Pseudolo,

234 1303 398 1335 Madulsa:
416 1304 424 1320 ‘
439 1303 552 1335 Probe
565 1303 717 1336 madulsa
733 1304 842 1335 abeo.’
858 1305 928 1335 Jos.

234 1354 319 1385 Scctl.

277 1404 427 1445 Medusa]
452 1405 545 1435 Bene
562 1405 618 1436 alii
636 1406 785 1436 madulsa.
814 1406 928 1437 Plaut.

233 1455 358 1486 Pseud.
375 1465 408 1487 v.
427 1459 456 1486 1.
494 1457 502 1472 ‘
519 1455 682 1487 Profecto
700 1457 841 1496 AEdepol
866 1466 929 1496 ego

233 1514 322 1535 nunc
341 1506 445 1545 probe
463 1505 548 1536 abeo
566 1504 739 1536 madulsa!
783 1506 930 1537 Madulsa

232 1561 267 1585 et
293 1555 434 1586 madidus
458 1565 476 1586 a
504 1556 605 1587 verbo
629 1558 747 1594 madeo,
765 1556 853 1597 quod
871 1558 929 1587 ali-

234 1606 368 1646 quando
381 1606 480 1637 etiam
496 1607 631 1646 ponitur
642 1617 701 1647 pro
714 1606 827 1637 ebrius
844 1617 929 1647 sum,

233 1662 271 1686 ut
288 1661 409 1686 contra
425 1656 548 1695 siccus,
568 1666 629 1697 pro
646 1657 770 1687 sobrio.
816 1657 930 1688 Mudeo

232 1708 930 1749 autemanaotivdeglabrari,glabrescere,

233 1758 362 1798 depiles
379 1768 466 1799 esse,
483 1769 558 1789 cum
576 1760 707 1790 scilicet
725 1766 864 1800 propter
881 1761 929 1790 ni-

231 1809 332 1838 miam
350 1809 496 1839 humoris
520 1811 651 1850 copiam
669 1810 831 1841 decidunt
857 1812 929 1851 pili,

232 1859 294 1889 nisi
319 1859 414 1889 malis
437 1868 508 1889 esse
532 1869 548 1888 a
572 1861 684 1900 μυδᾷν,
710 1865 800 1900 ‘prae
829 1862 929 1892 nimio

231 1911 370 1940 humore
402 1911 620 1949 putrescere!
688 1911 774 1942 Nam
814 1917 848 1942 et
889 1922 929 1943 eo

232 1969 331 1990 sensu
370 1960 471 1990 etiam
504 1962 625 1992 madere
667 1962 848 2002 aliquando
883 1963 929 1993 le·

232 2019 313 2049 gere
340 2016 405 2049 est,
439 2010 527 2041 unde
567 2022 585 2042 a
624 2011 753 2042 Graecis
791 2014 928 2052 exponi-

232 2066 288 2091 tur
305 2060 422 2099 τήκειν,
440 2062 527 2101 quod
556 2067 619 2100 est,
644 2063 816 2093 humidum
843 2073 928 2103 esse,

232 2111 387 2142 tabefieri
407 2112 457 2141 vel
473 2113 657 2153 corrumpi.
702 2112 816 2144 Gloss.
841 2117 929 2144 ‘ma—

231 2162 323 2201 dida,
339 2161 477 2201 τακερά.’
507 2163 578 2193 Etsi
596 2173 656 2202 par
670 2163 701 2193 in
716 2169 860 2203 utroque
877 2168 929 2194 est

231 2213 331 2253 ratio,
359 2223 435 2243 natu
467 2219 502 2244 et
530 2214 630 2252 μαδᾶν
666 2222 726 2253 pro
755 2213 861 2254 μυδᾶν,
893 2220 928 2245 et

231 2269 348 2295 contra
366 2273 458 2304 saepe
484 2265 628 2304 positum
647 2269 710 2299 est,
729 2263 775 2293 ita
799 2269 835 2294 ut
852 2273 926 2294 meo

231 2315 364 2354 quidem
387 2315 518 2355 judicio
547 2315 682 2345 minime
716 2314 840 2344 tentari
869 2313 926 2345 de·

232 2364 334 2396 beant
352 2365 430 2401 loci,
449 2365 504 2396 ubi
520 2366 592 2397 haec
611 2366 662 2397 vel
680 2366 735 2396 illa
753 2375 815 2396 vox
835 2375 926 2397 usur·

232 2420 346 2453 patur.
372 2416 452 2446 Dac-

274 2468 287 2483 ε
323 2466 534 2506 Maeandrum]
578 2467 688 2497 Etiam
720 2466 863 2507 picturae
892 2466 926 2497 in

231 2515 446 2546 lacunaribus
478 2523 659 2557 propterea
693 2516 850 2557 μαίανδροι
879 2517 927 2547 di-

233 2570 368 2596 cuntur.
422 2566 505 2597 Inde
530 2569 771 2599 Moeundratum.
817 2567 925 2598 Varro

232 2615 317 2655 ταφῇ
346 2615 515 2655 Μενίππου,
547 2617 566 2654 ἢ
590 2620 734 2657 περιέχον
759 2618 815 2649 τὰς
841 2630 923 2658 ταρι-

233 2665 340 2703 χείαςε
366 2666 475 2697 ‘Mihi
503 2666 607 2699 facies
637 2669 856 2709 fflaeaudl‘ata‚
888 2674 923 2700 et

984 952 1216 992 vermiculata,
1233 958 1333 994 atque
1359 952 1443 983 adeo
1464 952 1603 993 cingens
1627 963 1677 983 or-

984 1002 1059 1033 bem
1077 1002 1201 1035 terrae!
1224 1004 1292 1034 Jos.
1308 1003 1391 1034 Scal.

1026 1053 1240 1093 Maeandrum]
1289 1053 1501 1084 Maeandrum
1540 1051 1677 1084 fluvium

985 1103 1103 1144 Lydiae
1134 1105 1276 1135 maxime
1305 1102 1490 1135 flexuosum
1518 1102 1633 1139 fuisse,
1660 1113 1679 1134 e

983 1154 1170 1184 Veteribus
1199 1160 1331 1185 certum
1369 1158 1433 1185 est.
1478 1154 1531 1185 Ab
1567 1164 1607 1186 eo
1645 1155 1678 1184 iu

984 1204 1134 1235 vestibus
1150 1209 1184 1235 et
1199 1205 1231 1235 in
1250 1205 1382 1244 pictura
1395 1204 1581 1236 maeandros
1595 1204 1679 1235 dici-

983 1263 1070 1293 mus,
1083 1254 1241 1295 quicquid
1255 1253 1405 1286 flexuose
1419 1254 1581 1286 adinstar
1595 1255 1679 1285 Mae-

982 1304 1078 1335 andri
1095 1303 1239 1335 fluminis
1263 1306 1315 1336 vel
1340 1305 1474 1345 ponitur
1503 1306 1553 1336 vel
1574 1306 1680 1346 pingi-

982 1359 1049 1394 tur,
1071 1359 1107 1386 ut
1125 1365 1308 1396 purpuram
1326 1354 1509 1386 flexuosam
1527 1361 1562 1387 et
1586 1357 1619 1386 in
1643 1366 1678 1387 se

983 1411 1190 1436 remeantem
1229 1406 1261 1435 in
1301 1406 1485 1446 Clilamyde
1528 1406 1570 1437 de
1613 1416 1680 1446 qua

983 1455 1081 1494 Virg.
1104 1456 1113 1472 ‘
1127 1456 1259 1487 Victori
1280 1456 1491 1497 chlamydem
1516 1462 1680 1496 auratam,

983 1515 1081 1546 qnam
1100 1506 1243 1546 plurima
1267 1507 1394 1537 circum
1412 1507 1570 1548 Purpura
1593 1508 1680 1539 Mae-

985 1556 1089 1587 andro
1103 1557 1229 1596 duplici
1241 1557 1403 1588 Meliboea
1416 1559 1590 1589 cucurrit.'
1615 1559 1679 1588 Ubi

983 1607 1140 1638 Servius:
1164 1609 1173 1624 ⁴
1188 1609 1269 1638 Erat
1287 1607 1318 1637 in
1337 1608 1512 1648 chlamyde
1529 1607 1681 1639 flexuosa

983 1663 1018 1688 et
1043 1658 1075 1687 in
1104 1667 1139 1688 se
1167 1658 1357 1689 remeabilis
1381 1668 1545 1699 purpura,
1562 1660 1593 1690 in
1612 1669 1680 1690 mo-

984 1707 1062 1738 dum
1080 1708 1247 1739 Menandri
1261 1707 1406 1739 fluminis
1422 1709 1530 1740 Cariae
1546 1711 1680 1749 provin-

985 1760 1062 1797 ciae‚
1078 1760 1134 1800 qui
1152 1760 1303 1790 sinuosus
1321 1759 1396 1790 est.’
1441 1758 1494 1790 Ab
1511 1770 1552 1791 eo
1578 1760 1679 1790 etiam

984 1810 1150 1841 Maeaudri
1177 1810 1335 1841 dicuutur
1362 1808 1457 1840 vassa
1480 1816 1514 1840 et
1542 1811 1680 1851 obliqua

985 1860 1136 1898 consilia,
1153 1861 1205 1890 (les
1219 1861 1353 1891 detours.
1378 1860 1497 1890 Cicero
1516 1860 1547 1890 in
1566 1859 1679 1890 Pisou.

984 1913 992 1927 ‘
1009 1912 1100 1942 Quos
1117 1916 1152 1942 tu
1170 1911 1377 1951 Maeandros,
1400 1916 1435 1942 et
1452 1921 1525 1952 quae
1544 1910 1680 1941 diverti-

984 1961 1059 1992 cula
1090 1959 1320 2002 flexionesque
1359 1961 1506 2001 quaesisti
1523 1961 1542 1990 !’
1592 1960 1679 1992 vide

983 2012 1214 2043 doctissimum
1231 2012 1558 2052 paroimiographum
1576 2011 1607 2040 in
1623 2020 1680 2040 vo-

983 2072 1021 2093 ce
1040 2064 1048 2079 ‘
1061 2061 1276 2093 Maeandrosx
1302 2062 1384 2091 Dae.

1026 2111 1036 2132 s
1070 2113 1202 2153 Moecia]
1240 2111 1351 2151 Hujus
1381 2111 1531 2141 meminit
1565 2111 1677 2141 Livius

986 2162 1043 2193 lib.
1065 2171 1144 2193 vin.
1159 2164 1168 2178 ‘
1183 2161 1308 2192 Eodem
1324 2170 1412 2191 anno
1435 2170 1554 2191 census
1573 2166 1678 2195 actus,

981 2213 1168 2254 Tribusque
1184 2217 1321 2253 propter
1338 2220 1394 2241 eos
1412 2210 1538 2242 addita:
1556 2211 1678 2241 Maecia

982 2269 1017 2293 et
1042 2263 1207 2303 Scaptia!
1250 2261 1409 2293 Meminit
1433 2266 1468 2292 et
1495 2261 1614 2292 Cicero
1636 2262 1677 2292 ad

981 2313 1135 2344 Atticum
1161 2318 1195 2344 et
1219 2322 1278 2353 pro
1302 2312 1452 2342 Plancio.
1500 2311 1604 2342 Dicta
1620 2321 1676 2342 au-

980 2370 1049 2396 tem
1068 2365 1183 2395 Maecia
1200 2374 1219 2395 a
1236 2363 1359 2394 Maecio
1376 2362 1596 2402 casn·o,quod
1611 2372 1676 2393 non

982 2415 1128 2455 procula
1147 2414 1297 2445 Lanuvio
1310 2412 1386 2444 suit.
1409 2413 1507 2443 Mem.

1024 2472 1039 2493 g
1070 2464 1247 2505 Moem'ana]
1293 2464 1333 2494 In
1369 2464 1478 2503 aliquo
1509 2462 1594 2492 libro
1625 2467 1676 2493 (st

981 2526 1000 2546 a
1030 2516 1149 2546 Moenio
1185 2515 1328 2546 Censore.
1386 2513 1464 2544 Fuit
1493 2518 1604 2543 autem
1636 2514 1675 2543 C.

982 2567 1129 2597 Maenius
1147 2566 1188 2596 P.
1207 2566 1244 2597 F.
1261 2565 1302 2596 P.
1326 2565 1368 2596 N.
1399 2563 1526 2593 Censor
1543 2572 1617 2592 cum
1635 2563 1672 2592 L.

980 2617 1120 2658 Papirio
1135 2618 1255 2649 Crasso
1273 2625 1360 2647 anno
1375 2622 1578 2645 ccccxxxv.
1608 2615 1672 2645 Hic

978 2667 1199 2709 triumphavit
1229 2667 1271 2698 de
1304 2664 1500 2697 Antiatibus
1533 2665 1672 2706 aliisque
