1835 2906
367 144 429 172 DE
462 144 734 174 VERBORUM
770 143 1175 175 SIGNIFICA'I'IONE
1212 147 1304 177 Llss.
1341 150 1433 179 ΧΗ.

1546 140 1631 181 465

237 249 312 291 que
332 237 366 276 si
385 236 547 291 quando
570 252 744 279 urescere
765 237 992 294 contigisset
1012 241 1180 281 subseri
1201 242 1379 298 surtzz'que
1406 257 1452 283 ex
1473 257 1518 283 ea
1540 258 1628 283 sur-

239 302 345 343 culos
370 304 544 357 jussisse,
580 321 656 360 quo
671 308 809 359 facto
832 310 974 347 tantos
996 307 1107 347 iutra
1132 310 1318 363 temporis
1350 317 1506 351 tractus
1537 326 1625 352 cum

237 369 327 410 alz'ae
351 371 392 411 in
413 386 455 411 eo
476 373 578 414 loco
599 375 949 428 compluresficus
970 381 1100 415 enata
1122 376 1271 427 essent,i
1290 383 1408 431 atque
1431 392 1482 418 ece
1504 380 1631 421 evul-

237 452 291 478 sae
314 438 464 481 deinde
481 439 528 480 de
547 455 659 480 sacr-2·
683 440 754 481 iilo
787 441 870 482 loco
900 441 1094 483 radicitus
1123 452 1468 486 removerentur:
1500 461 1628 487 omnes

236 519 324 559 quoe
355 505 459 545 inibi
491 513 584 547 tunc
617 509 803 562 temporis
833 515 969 558 erant,
1005 510 1130 551 ficum
1160 517 1308 565 prater
1342 527 1464 553 unam
1497 513 1627 558 illam,

235 573 378 626 ejectas
393 571 562 627 fuisse,
592 576 809 616 admonitu
827 576 969 628 fatali
1004 592 1050 618 ac
1076 579 1191 632 jussu
1226 583 1269 619 in
1292 580 1440 634 primis
1471 582 1629 635 aruspi-

235 653 333 681 cum
355 646 399 682 et
418 642 573 682 divinis
593 643 714 683 etiam
736 645 929 697 responsis
942 643 1272 699 promittentibus
1294 647 1476 702 quandiu
1499 663 1544 688 ea
1568 649 1632 690 vi-

234 712 354 749 veret
374 709 603 750 libertatem
618 710 765 764 populi
783 710 963 753 Romani
983 713 1218 755 incolumem
1235 729 1477 757 mansuram
1500 717 1623 757 ideo-

234 789 313 828 que
333 775 410 816 coli
430 784 468 818 et
488 777 639 819 subseri
657 793 703 818 ex
724 778 795 819 illo
817 786 991 835 tempore
1015 789 1198 836 coeptam.

180 841 363 885 Navitas
385 845 655 887 secundumk
677 849 963 903 incorruptam
983 850 1312 890 consuetudinem
1334 850 1490 901 dictos,
1515 864 1629 903 quos

231 924 346 953 nunc
368 925 440 953 nos
463 920 610 954 nautas
631 913 812 966 dicimus,
844 917 950 957 testis
970 924 1027 959 est
1050 917 1164 959 Cato
1187 920 1230 959 in
1253 932 1306 959 ea
1329 931 1462 971 quam
1493 919 1627 972 Scrip-

832 1058 972 1089 NOTAE

218 1134 225 1154 i
248 1134 330 1165 Aliae
345 1135 377 1166 in
399 1145 432 1166 eo
449 1136 511 1167 loco
527 1137 784 1179 complures-ficus
799 1148 870 1169 ena-

175 1189 215 1216 tae
245 1186 360 1226 essent]
384 1186 468 1217 Ideo
494 1187 594 1217 altam
617 1188 745 1228 sylvam
774 1193 873 1220 vocat

177 1235 320 1275 Dionys.
336 1236 395 1267 lib,
412 1245 436 1267 Ι.
458 1236 508 1267 καὶ
534 1236 572 1274 ἣν
591 1236 653 1278 ’γάρ
667 1250 714 1269 τις
738 1239 772 1268 οὐ
792 1238 874 1269 πολὺ

176 1285 304 1326 ἀπέχων
320 1286 398 1327 ἱερὸς
419 1290 519 1328 χῶρος
541 1288 600 1330 ὕλῃ
622 1289 730 1330 βαθείᾳ
746 1301 872 1329 συνηρε-

172 1336 245 1376 φὴς,
270 1342 279 1355 ‘
296 1338 380 1369 Erat
402 1339 492 1370 enim
516 1340 663 1380 quidam,
683 1350 749 1371 non
773 1341 873 1380 longe

172 1388 313 1429 distans,
326 1398 422 1420 sacer
433 1390 539 1429 loeus,
550 1391 646 1430 sylva
659 1390 727 1421 alta
741 1390 874 1422 tectus!

173 1440 299 1469 Ennius
315 1450 449 1481 quoque
463 1450 538 1472 cum
555 1441 598 1472 de
612 1451 652 1472 ea
668 1451 705 1472 re
718 1442 873 1482 loquere-

173 1494 240 1528 tur,
256 1490 344 1520 unde
362 1490 417 1521 illa
434 1501 493 1521 sua
510 1491 724 1531 transcripsit
743 1492 873 1531 Diony-

170 1540 238 1571 sius
273 1551 371 1582 paene
409 1541 452 1572 ad
484 1543 639 1580 verbum,
670 1551 735 1572 non
774 1542 876 1573 aliter

170 1601 270 1632 quam
296 1593 422 1632 sylvam
451 1596 560 1627 vocat,
583 1592 708 1623 Annal.
730 1601 754 1623 1.
781 1592 789 1608 ‘
807 1592 875 1622 En-

170 1641 331 1672 dotuetur
348 1642 394 1672 ibi
423 1641 515 1682 lupu’
538 1640 672 1676 femina,
699 1642 874 1681 conspicio

170 1701 313 1722 amnem.
359 1692 449 1723 Hinc
473 1702 626 1732 campum
649 1692 753 1723 celeri
775 1702 874 1732 passu

170 1750 352 1781 permensa
376 1751 559 1781 parumper
586 1741 732 1781 Conjicit
753 1741 786 1772 in
817 1742 873 1772 sil-

170 1800 246 1821 vam
274 1793 371 1821 sese.’
407 1791 489 1823 Scul.
536 1791 603 1822 Hic
632 1792 753 1822 iterum
782 1797 876 1822 errat

171 1840 337 1879 Scaliger,
356 1841 411 1882 qui
429 1842 620 1881 complures
635 1841 708 1872 illas
723 1840 819 1879 ficus,
830 1852 872 1872 ex

171 1890 238 1922 ficu
254 1891 366 1922 Navia
381 1897 597 1932 propagatas,
609 1891 785 1922 confundit
796 1902 871 1923 cum

172 1943 268 1982 sylva
285 1942 354 1978 illa,
370 1953 444 1983 quae
461 1952 567 1983 prope
585 1942 685 1974 ficum
710 1944 870 1974 Rumina-

167 1993 235 2023 lem
254 1993 287 2023 in
306 1993 465 2024 Germalo
482 1994 585 2033 juxta
606 1994 769 2024 Tiberim.
818 1994 868 2025 De

167 2044 234 2074 ista
250 2043 338 2073 enim
361 2043 602 2084 intelligendus
626 2044 718 2074 locus
744 2044 868 2084 Diony-

166 2093 217 2133 sii,
240 2093 297 2134 qui
323 2104 395 2124 eam
413 2094 499 2124 Pani
523 2104 652 2125 sacram
676 2094 772 2125 dicit.
819 2095 867 2126 Ut

168 2149 204 2175 et
219 2144 276 2175 ille
293 2145 379 2175 alter
396 2145 507 2175 Ennii.
524 2145 605 2176 Dac.

209 2191 223 2211 ¹<
249 2194 326 2224 Post
350 2195 569 2226 Navia...tas
591 2195 771 2234 secundum]
797 2196 863 2226 Να-

165 2242 249 2273 vitas
265 2252 324 2282 pro
339 2248 451 2275 nautas
466 2245 593 2276 dixisse
619 2245 784 2276 Catonem
813 2255 862 2275 re-

166 2291 247 2330 fert,
269 2297 318 2330 et,
340 2298 379 2323 ut
402 2294 559 2328 arbitror,
590 2296 646 2325 ille
677 2296 768 2325 locus
800 2300 864 2334 est,

168 2352 265 2382 quem
283 2342 414 2373 Plinius
431 2344 545 2374 laudat
562 2344 619 2374 lib.
634 2353 709 2375 xiv.
726 2355 801 2384 cap.
814 2348 865 2375 13.

168 2398 177 2409 ‘
193 2393 279 2424 Cato
295 2403 370 2424 cum
398 2394 429 2424 iu
448 2394 649 2434 Hispaniam
677 2396 867 2435 navigaret,

167 2445 256 2476 unde
272 2455 348 2476 cum
364 2446 533 2486 triumpho
548 2446 670 2485 rediit3
686 2456 750 2476 non
765 2447 866 2478 alind,

168 2495 291 2535 inquit,
308 2495 420 2525 vinum
454 2495 536 2530 bibi,
566 2505 665 2536 quam
696 2496 865 2536 remigeS.’

167 2545 258 2576 Vide
283 2546 292 2562 ‘
310 2545 523 2576 Penatores.’
545 2545 623 2577 Ant.
639 2546 723 2584 Aug.

212 2595 364 2635 Navitas]
386 2595 504 2626 Infra:
538 2596 673 2626 Navitas
701 2596 865 2626 secundum

167 2646 377 2684 incorruptum
403 2655 515 2676 rnorem
544 2646 654 2685 dictos,
685 2656 758 2685 quos
786 2655 866 2675 nunc

254 2697 369 2738 Delph.
383 2702 413 2730 et
428 2699 502 2730 Var.
517 2698 603 2730 Clas.

785 2698 895 2737 Pomp.
913 2698 985 2727 Fest
992 2718 999 2726 .

927 1143 1038 1170 nautas
1060 1139 1203 1179 dicimus,
1228 1140 1317 1170 testis
1341 1144 1387 1170 est
1414 1141 1463 1171 M.
1496 1142 1573 1171 Cato
1595 1142 1627 1171 in

927 1200 974 1228 ea,
1003 1200 1093 1230 quam
1120 1191 1258 1230 scripsit,
1291 1200 1359 1221 cum
1381 1190 1413 1220 ἐκ
1438 1190 1628 1230 Hispaniam

922 1241 1180 1281 proficisceretur,
1208 1250 1276 1270 cum
1302 1240 1368 1271 ait:
1403 1240 1518 1270 navita>
1548 1242 1625 1279 quod

926 1301 1027 1321 secum
1051 1295 1252 1332 portaverant
1276 1292 1382 1322 vinum
1406 1295 1497 1332 atque
1519 1293 1628 1331 oleum,

927 1351 999 1371 usus
1021 1345 1143 1372 tantum
1166 1351 1198 1372 eo
1218 1351 1296 1371 sum.
1340 1341 1438 1374 Quod
1463 1342 1534 1372 haec
1559 1342 1628 1373 sint

928 1400 971 1421 ex
996 1391 1054 1421 illa
1078 1390 1232 1421 oratione
1256 1391 1406 1431 Catonis,
1433 1391 1626 1422 confirmari

928 1445 1024 1471 certo
1041 1445 1154 1481 potest
1171 1450 1213 1471 ex
1230 1440 1388 1480 Apuleio,
1406 1441 1461 1481 qui
1484 1441 1516 1470 in
1534 1440 1625 1481 Apo-

929 1491 1015 1530 logia
1041 1501 1099 1521 sua
1136 1490 1359 1531 fragmentum
1388 1490 1474 1521 citat
1499 1500 1540 1521 ex
1571 1500 1626 1521 ea-

927 1540 1004 1570 dem
1022 1542 1188 1579 oratione,
1204 1540 1293 1581 quod
1309 1550 1373 1570 uon
1389 1540 1488 1580 longe
1506 1541 1547 1571 ab
1564 1541 1626 1572 lioc

928 1590 1075 1621 abfuisse
1107 1590 1263 1621 videtur:
1303 1590 1405 1620 verba
1446 1590 1519 1630 ejus
1550 1590 1625 1621 haec

927 1645 1029 1671 sunt:
1057 1646 1064 1658 ‘
1081 1641 1130 1671 Μ.
1146 1647 1258 1671 autem
1276 1641 1360 1672 Cato
1382 1640 1462 1671 nihil
1476 1646 1627 1681 opertus,

927 1696 963 1722 ut
996 1692 1053 1722 alii
1084 1692 1126 1722 de
1157 1701 1192 1722 se
1224 1691 1463 1731 praedicarent,
1490 1691 1564 1731 ipse
1590 1691 1622 1721 in

925 1743 1078 1773 oratione
1109 1743 1271 1782 scriptum
1310 1742 1446 1782 reliquit
1481 1751 1557 1772 cum
1592 1742 1624 1772 in

928 1792 1128 1832 Hispaniam
1167 1792 1284 1822 consul
1326 1790 1624 1830 proficisceretur:

927 1847 996 1873 tres
1024 1851 1138 1872 servos
1167 1842 1254 1871 solos
1285 1850 1326 1871 ex
1366 1840 1447 1870 urbe
1478 1840 1625 1875 duxisse,

926 1893 1081 1934 quoniam
1100 1892 1140 1922 ad
1156 1892 1266 1921 villam
1284 1890 1453 1930 publicam
1468 1895 1623 1920 venerat:

925 1953 1044 1983 parum
1069 1943 1174 1972 visum
1202 1942 1258 1982 qui
1286 1944 1461 1970 uteretur:
1482 1940 1623 1979 jussisse

923 1992 1007 2023 duos
1032 2001 1153 2032 pueros
1179 1991 1212 2022 in
1240 1990 1313 2021 foro
1330 1989 1372 2019 de
1395 1998 1511 2019 mensa
1534 1989 1620 2019 emi:

924 2053 981 2074 eos
1005 2043 1152 2083 quinque
1178 2041 1210 2071 in
1234 2040 1434 2080 Hispaniam
1463 2038 1623 2070 duxisse!

921 2094 991 2124 Jos.
1010 2093 1094 2123 Scal.

966 2142 1118 2182 Navitas]
1136 2141 1233 2174 Quod
1254 2144 1348 2180 putat
1366 2140 1487 2170 Festus
1516 2139 1622 2170 navita

919 2203 992 2224 esse
1018 2203 1036 2223 a
1066 2203 1154 2229 mire,
1186 2198 1220 2222 et
1260 2199 1320 2231 per
1350 2199 1520 2229 syncopen
1554 2189 1621 2219 dici

917 2248 1026 2283 nauta,
1051 2244 1095 2274 ibi
1125 2242 1260 2283 quidem
1288 2241 1412 2270 frustra
1435 2245 1497 2275 est,
1526 2243 1621 2269 nauta

921 2295 1007 2324 enim
1027 2299 1079 2324 est
1096 2303 1114 2322 a
1131 2292 1254 2329 ναύτης,
1270 2290 1357 2321 unde
1376 2300 1436 2330 per
1451 2290 1621 2329 Epentlie-

920 2346 971 2374 sin
986 2344 1104 2373 navita.
1138 2343 1244 2372 Porro
1259 2341 1375 2371 eadem
1391 2340 1529 2371 Catonis
1548 2349 1621 2369 ver-

923 2395 964 2425 ba
983 2404 1080 2434 paene
1096 2394 1136 2423 ad
1155 2393 1292 2422 verbum
1309 2391 1410 2420 habet
1434 2390 1520 2420 Plin.
1540 2398 1618 2419 xrv.

923 2448 973 2475 13.
997 2447 1006 2462 ⁴
1025 2445 1109 2475 Cato
1126 2453 1201 2474 cum
1220 2443 1251 2472 in
1270 2441 1467 2480 Hispaniam
1485 2441 1619 2481 naviga-

921 2501 984 2531 ret,
1012 2495 1098 2524 unde
1126 2503 1200 2523 cum
1227 2491 1396 2530 triumpho
1421 2490 1535 2529 rediit,
1552 2500 1617 2520 non

920 2545 1020 2579 aliud,
1046 2545 1165 2585 inquit,
1192 2543 1302 2573 viuum
1323 2542 1389 2573 bibi
1405 2551 1503 2582 quain
1520 2542 1618 2572 remi-

920 2595 1001 2635 ges.’
1026 2595 1104 2625 Duc.

1453 2694 1527 2724 2²G
