1835 2906
372 150 432 179 DE
465 146 732 178 VERBORUM

226 246 356 298 quale
392 249 458 286 est
488 258 576 297 quo
610 245 714 298 equi
744 242 945 298 perfundi
982 243 1138 284 solent.

769 145 1138 175 SIGNIFICATION
1152 146 1173 174 1⁴:
1210 146 1303 174 [ΑΒ.
1336 145 1429 174 Xll.

1527 136 1610 176 457

1199 243 1387 284 Plautus
1420 243 1464 282 in
1496 242 1610 282 Bac-

227 313 449 353 chidibus:
483 312 646 365 Ecquis
680 315 837 352 evocat
867 323 965 351 cum
997 310 1258 360 nassiterna,
1289 315 1332 351 et
1363 323 1463 351 cum
1496 322 1610 363 aqua

228 379 359 418 istum
392 378 765 431 impurissimum?
796 378 901 417 etin
924 376 1242 417 Nervolariaz¹
1275 376 1440 430 Ecquis
1460 376 1611 417 effertz

226 445 507 485 nassiternam
523 457 622 485 cum
636 457 753 497 aqua
766 445 861 484 sine
878 443 1111 496 suffragio?
1142 448 1186 484 et
1207 442 1319 484 Cato
1341 444 1383 483 in
1403 457 1456 484 ea
1478 444 1612 483 orati-

228 524 308 552 one
322 524 452 565 quam
470 511 722 564 composuit
739 511 782 550 in
799 510 855 560 Q.
871 509 1132 564 Sulpicium.
1165 510 1383 560 Quotiens
1398 510 1489 551 vidi
1507 511 1612 552 trul-

227 581 314 629 los,
335 579 612 628 nassiternas,
632 583 865 631 pertusos³
892 578 1081 631 aqualis,
1102 569 1303 619 matellas
1327 578 1422 618 sine
1444 578 1576 618 ansis.

172 647 440 688 Nassiterna
459 659 591 699 genus
615 647 733 687 vasis
755 646 924 699 aquarii
946 646 1102 694 ansati,
1126 651 1169 686 et
1189 645 1395 700 patentis-

172 713 400 755 Natinatio
422 713 654 754 dicebatur
674 713 943 766 negotiati03
973 717 1015 754 et
1045 713 1311 754 natinatores
1340 726 1396 753 ex
1434 712 1614 765 [PAUL.

228 793 281 821 eo
304 780 522 820 seditiosi.

174 845 415 887 Natinacioy
435 846 642 888 dicebatur
662 846 904 901 negotiatio,
927 850 968 887 et
990 846 1033 887 N
1037 847 1275 888 atinatores
1297 859 1343 886 er
1359 859 1416 894 eo,
1446 844 1611 900 [Fsssrr.

226 913 418 964 seditiosi,
441 914 600 969 negotia
623 918 820 967 gerentes
845 914 910 954 M.
932 913 1047 955 Cato
1068 915 1114 955 in

229 981 409 1021 tumultu
432 981 724 1030 Macedoniae,
746 980 959 1022 Etruriam
995 981 1222 1032 Samnites,
1260 980 1465 1021 Lucanos
1504 979 1616 1020 inter

229 1061 276 1088 se
297 1048 498 1098 natinari,
520 1053 647 1102 atque
667 1048 888 1089 factiones
910 1061 1024 1088 esse.

172 1114 337 1155 Natio²
358 1128 492 1168 genus
513 1116 750 1164 hominum,
770 1116 846 1168 qui
871 1128 956 1155 non
984 1115 1160 1156 aliunde
1186 1117 1404 1163 venerunt,
1434 1112 1612 1166 [PAUL.

231 1182 306 1222 sed
328 1183 388 1223 ibi
409 1183 502 1223 nati
524 1186 633 1224 sunt.

229 1249 395 1299 feturae,
417 1251 535 1291 bona
557 1250 678 1291 natio
699 1250 870 1290 dicitur.

777 1366 895 1378 ιιιιιι

694 1182 746 1222 In
768 1182 1002 1234 pecoribus
1025 1195 1200 1236 quoque
1220 1184 1361 1223 bonus
1378 1183 1614 1234 proventus

900 1367 1016 1379 §oeteo

215 1446 235 1474 2
260 1443 323 1476 Ed.
338 1443 429 1475 Seal.
447 1445 561 1485 Ecquis
576 1445 633 1476 huc
646 1444 811 1486 effert.—-3
837 1445 921 1477 Ead.
940 1445 994 1477 ed.
1011 1445 1155 1485 perfusos.

820 1559 965 1591 NOTAE

174 1640 255 1671 quos
272 1636 348 1671 post
365 1631 521 1663 confecta
543 1633 653 1673 spatia
669 1634 776 1664 solere
793 1643 866 1674 per·

174 1681 304 1712 fusione
320 1691 415 1723 aqua:
435 1683 582 1713 recreari
601 1683 633 1713 in
650 1683 868 1714 Circensibus

174 1732 338 1771 intellige,
365 1742 440 1763 cum
467 1733 525 1769 ait,
559 1733 569 1750 ‘
587 1735 685 1774 quale
709 1739 773 1774 est,
801 1745 868 1775 quo

176 1782 252 1822 eqni
273 1780 430 1821 perfundi
453 1782 587 1814 solent.'
632 1784 794 1824 Ulpianus
810 1786 867 1817 lib.

174 1839 226 1860 ιν.
256 1830 299 1861 de
336 1831 386 1862 his
424 1832 481 1873 qui
512 1838 674 1865 notantur
706 1833 867 1866 infamia:

175 1886 182 1896 ¹
204 1881 324 1922 Neque
342 1882 525 1922 thumelici,
539 1892 647 1924 neque
662 1884 797 1924 xustici,
812 1894 870 1915 ne·

175 1941 239 1972 que
276 1932 474 1972 agitatores,
507 1943 616 1974 neque
654 1935 710 1975 qni
747 1945 868 1975 aquam

176 1982 271 2023 equis
284 1982 471 2023 spargunt.'
494 1984 636 2015 Versum
648 1990 760 2016 autem
773 1986 872 2016 Plau-

175 2032 200 2062 ti
218 2032 334 2063 iisdem
352 2031 423 2063 fere
438 2033 550 2064 verbis
567 2043 608 2064 ex
625 2035 743 2066 eadem
756 2035 874 2066 fabula

176 2082 332 2121 producit
351 2083 546 2123 Fulgentius
570 2084 763 2116 placiades.
808 2085 871 2116 Ca-

176 2132 261 2162 tonis
278 2132 379 2163 verba
395 2133 611 2164 emendamus
625 2145 632 2165 :
663 2134 812 2169 Quotiens
826 2134 872 2164 vi-

176 2181 208 2211 di
223 2183 358 2221 trulleos,
374 2182 560 2221 nasiternas,
577 2186 718 2223 pertusos
738 2185 872 2224 aquales,

175 2232 314 2261 matellas
328 2231 395 2261 sine
409 2231 502 2261 ansz'S.
522 2232 543 2264 J
547 2241 595 2264 OS.
613 2233 702 2263 Scal-

220 2285 236 2299 Χ
271 2280 311 2310 In
339 2281 540 2320 Neruolaria]
580 2283 706 2313 Versus
744 2283 872 2323 Plauti,

177 2339 276 2370 quem
293 2340 335 2360 ex
353 2331 555 2361 Nervolaria
568 2332 683 2363 laudat
700 2333 833 2373 Festus,
845 2334 872 2364 is

177 2379 277 2410 hodie
302 2380 430 2419 legitur
455 2379 489 2410 iu
514 2380 629 2411 Sticho
655 2390 695 2412 11.
723 2385 753 2413 2.
778 2385 787 2400 ‘
807 2383 870 2414 Dr.

177 2430 303 2471 Ecquis
338 2430 404 2460 liuc
434 2428 532 2461 affert
560 2431 764 2462 nasiternam
795 2442 870 2463 cum

178 2480 285 2520 aqua?
332 2480 399 2510 GE.
435 2479 516 2511 Sine
552 2480 715 2520 suffragio
750 2483 871 2522 Populi

178 2535 290 2560 tamen
316 2529 512 2560 aedilitatem
529 2529 580 2560 hic
606 2531 741 2571 quidem
761 2532 872 2571 gerit.’

177 2579 293 2610 Verba
308 2579 448 2610 Catonis
475 2579 523 2610 sic
546 2580 630 2619 legit
645 2581 769 2622 Scalig.
789 2584 871 2617 Quo-

178 2630 257 2660 tiene
279 2630 345 2660 vidi
368 2629 503 2668 trulleos,
525 2631 710 2672 nasiternas,
733 2636 873 2672 pertusos

180 2682 314 2721 aquales,
330 2682 469 2714 matella-5
484 2682 549 2712 sine
563 2682 654 2715 unsis.
680 2684 766 2714 Dae„

964 1639 977 1660 y
1005 1632 1186 1673 Natinatio]
1211 1633 1333 1663 Festus
1372 1630 1478 1662 refert
1517 1630 1618 1661 verba

923 1683 1060 1714 Catonis
1087 1693 1129 1713 ex
1160 1682 1373 1722 Originibus,
1398 1687 1435 1712 ut
1460 1680 1621 1720 arbitror,

922 1733 978 1773 qui
995 1735 1193 1773 scripserat,
1217 1734 1226 1750 ‘
1241 1732 1357 1763 audito
1382 1731 1529 1762 tumultu
1546 1731 1622 1761 Ma·

922 1782 1084 1817 cedemus,
1112 1782 1293 1817 Etruriam,
1311 1785 1347 1812 et
1371 1787 1506 1811 ceteros
1533 1780 1620 1811 nati-

923 1832 1020 1871 nai·i,’
1037 1832 1068 1863 id
1084 1838 1149 1871 est,
1167 1830 1375 1863 tumultuari.
1393 1832 1469 1861 Ant.
1487 1830 1571 1870 Aug.

969 1883 1153 1923 Natinatio]
1179 1881 1564 1920 Natinatiomegotiatio:
1591 1885 1622 1912 et

925 1934 1127 1972 natinatores,
1147 1933 1273 1972 negotia
1285 1936 1442 1971 gerentes.
1475 1932 1524 1962 M.
1545 1933 1623 1962 Cato

925 1984 969 2014 in.
1011 2007 1041 2015 ..
1060 2006 1068 2015 .
1097 1984 1203 2015 audito
1248 1983 1382 2013 tumultu
1418 1981 1621 2015 Macedonioe,

925 2033 1103 2072 Etruriam,
1129 2032 1295 2067 Samnites,
1319 2031 1459 2061 Lucanos
1484 2031 1568 2060 inter
1590 2040 1622 2060 se

925 2085 1074 2119 natinari,
1103 2087 1195 2123 atque
1211 2083 1369 2120 sactiones
1393 2091 1466 2113 esse.
1512 2081 1621 2112 Isido-

927 2145 1006 2166 rus:
1028 2136 1037 2150 ‘
1057 2134 1235 2168 Natinare,
1251 2130 1439 2172 negotiari)
1484 2131 1548 2161 Est
1563 2140 1620 2161 au-

927 2192 994 2216 tem
1011 2193 1077 2215 non
1095 2189 1163 2214 tam
1181 2184 1331 2223 priscum
1354 2181 1505 2215 verbum,
1521 2189 1621 2220 quam

926 2235 1039 2275 prisca
1061 2233 1153 2264 verbi
1178 2231 1306 2263 forma:
1332 2233 1340 2247 ‘
1359 2230 1501 2268 natare‚'
1518 2235 1524 2246 ¹
1539 2231 1624 2260 nati-

925 2283 1029 2323 nare‚'
1059 2289 1108 2321 ut,
1136 2284 1144 2300 ‘
1164 2281 1252 2319 iter,’
1276 2282 1286 2298 ‘
1303 2279 1438 2311 itiner:'
1470 2281 1478 2296 ‘
1497 2279 1622 2319 jecur,’

926 2331 1116 2374 ⁸jecinurz’
1148 2332 1157 2349 ‘
1176 2329 1369 2371 prodeunt‚’
1394 2331 1401 2345 ‘
1419 2329 1624 2370 prodinunt,’

925 2389 960 2415 et
982 2383 1113 2415 similia.
1160 2382 1222 2412 Est
1247 2391 1325 2421 ergo
1349 2380 1503 2419 meinai-e,
1528 2389 1621 2411 more

924 2434 1127 2472 natantium,
1143 2441 1276 2472 semper
1291 2431 1324 2462 in
1339 2431 1483 2470 negotiis
1500 2429 1621 2461 fluctu-

926 2495 993 2516 are.
1017 2485 1084 2514 Jos.
1107 2483 1192 2514 scal.
1237 2482 1358 2512 Isidor.
1381 2482 1391 2497 ⁴
1412 2490 1548 2520 nagare,
1566 2490 1622 2511 va-

926 2535 1056 2573 cillare,
1073 2533 1137 2563 huc
1153 2537 1189 2563 et
1204 2532 1281 2562 illuc
1297 2530 1485 2562 fluctuare!
1518 2531 1620 2570 Lege,

926 2587 1044 2614 natm-e.
1071 2584 1157 2613 Dae.

969 2641 979 2654 ι
1006 2633 1119 2672 Natio]
1146 2633 1281 2663 l’raeter
1308 2641 1360 2672 ea,
1388 2641 1462 2672 qnae
1495 2631 1619 2661 Paulus

927 2683 1055 2721 scribit,
1074 2692 1116 2714 ex
1132 2682 1242 2713 verbis
1262 2682 1354 2713 Festi
1379 2687 1508 2712 tantum
1526 2681 1620 2712 elici-
