1835 2906
250 141 307 184 82

689 155 836 187 SEX'rr
870 157 1070 189 ΡΟΜΡΕΙΙ
1107 159 1241 191 FESTI

250 249 423 304 Apicac
443 249 600 292 dicitur
619 250 730 301 oviS,
752 264 851 306 quae
868 256 1057 294 ventrem
1075 254 1273 307 glabrum
1294 255 1440 299 habet.

249 318 491 372 Apiculum
505 316 523 341 ‘¹
544 319 683 369 filum,
705 332 794 373 quo
813 320 1008 361 flamines
1029 322 1220 363 velatum
1239 325 1408 376 apicem
1426 329 1590 378 gerunt.

249 385 432 440 Apluda
447 390 507 416 ¹4⁶
527 390 595 428 est
615 400 750 440 genus
773 387 1070 430 minutissimae
1091 390 1231 443 paleae
1251 390 1470 442 frumenti,
1493 394 1586 434 sive
1609 407 1685 447 pa-

307 453 417 495 nici:
449 453 505 494 de
527 467 614 508 qua
636 453 820 496 Naevius
837 468 846 494 ε
870 454 972 496 Non
991 455 1132 497 hercle
1148 458 1309 511 apluda
1324 465 1391 500 est
1408 460 1537 500 hodie
1554 473 1685 513 quam

305 525 354 562 tu
373 523 580 576 nequior:
612 527 713 565 sunt
733 524 809 577 qui
829 523 1032 577 apludam
1060 526 1317 566 sorbitionis
1344 528 1684 580 liquidissimum

306 593 461 642 putent
479 603 638 642 genus3
659 591 778 644 quod
800 591 907 632 flatu
921 591 1162 645 dejiciatur,
1177 597 1218 634 et
1234 594 1360 646 quasi
1377 595 1685 647 adplaudatur.

250 655 481 710 Aplustria
499 662 530 687 ¹5
546 655 559 679 f
574 659 754 699 navium
776 663 1056 710 ornamenta3
1088 673 1188 714 quae
1211 662 1315 714 quia
1338 667 1459 703 erant
1484 662 1686 715 amplius,

306 738 438 778 quam
456 730 606 767 essent
623 726 870 767 necessaria
885 740 980 777 usu,
994 727 1126 768 etiam
1139 729 1399 782 amplustria
1416 729 1686 771 dicebantur.

850 844 986 858 eeeeee

989 846 1087 858 ml!

294 921 331 949 14
358 919 424 950 Alii
442 920 674 961 Applida.--l5
699 921 863 956 Quaedam
880 921 958 954 edd.
975 923 1138 964 Amastra,
1155 928 1189 955 et
1205 934 1281 956 mox
1298 926 1478 966 amplastra·

907 1031 1046 1063 NOTAE

248 1100 454 1141 fulgentibus
471 1103 613 1143 aptum,'
639 1103 812 1144 ‘Aptnm,'
828 1103 861 1135 id
879 1110 944 1145 est,

249 1153 437 1190 astrictum,
486 1154 696 1196 colligatum,
743 1165 944 1188 connexum.

251 1202 349 1234 Idem.

292 1258 305 1273 0
333 1253 445 1294 Apica]
471 1254 554 1284 Ovis
582 1265 656 1296 quae
689 1260 840 1287 ventrem
869 1257 944 1287 lana

250 1302 375 1333 nudum
392 1303 505 1336 habet.
534 1305 633 1336 Varr.
649 1306 706 1337 lib.
723 1316 762 1337 n.
785 1307 827 1337 de
846 1308 884 1338 R.
902 1308 942 1339 R.

249 1355 379 1387 ‘Ovem
407 1357 527 1388 collum
557 1362 591 1389 et
619 1364 769 1389 ventrem
802 1359 942 1399 pilosum

249 1405 374 1437 habere
401 1411 548 1447 oportet.
593 1409 678 1441 Quae
696 1408 727 1438 id
751 1419 816 1439 non
842 1409 943 1440 habe-

250 1461 325 1487 rent
356 1457 499 1498 majores
526 1459 631 1489 nostri
654 1459 767 1500 apicas
794 1461 943 1500 appella·

247 1506 344 1545 bant,
356 1518 394 1538 ac
408 1508 630 1548 rejiciebant!
649 1509 776 1549 Apicus
789 1519 805 1539 a
819 1509 944 1541 Graeco

249 1556 386 1596 ἅπεικος,
404 1558 531 1598 glaber,
545 1559 586 1589 ab
603 1571 622 1590 α
644 1560 811 1600 privativo
832 1566 865 1592 et
880 1573 944 1591 πει-

249 1607 314 1645 κὸς,
329 1610 445 1646 venus,
463 1609 548 1640 lana.
574 1610 670 1642 Idem.

291 1659 305 1680 ἅ
333 1659 514 1700 Apiculum]
547 1661 692 1692 Veteres
723 1661 943 1693 Grammatici

249 1709 355 1748 aiunt,
371 1710 538 1745 Flamines,
552 1711 810 1751 quasifilamz'nes
822 1712 943 1753 dictos,

250 1760 336 1799 quod
358 1770 433 1791 curn
451 1761 530 1800 ipsis
547 1762 660 1801 capite
677 1763 765 1792 nutlo
782 1762 814 1792 in
834 1763 944 1802 publi-

250 1819 324 1840 cum
351 1810 486 1849 prodire
511 1809 561 1841 fas
586 1820 651 1841 non
676 1816 779 1846 esset,
810 1813 940 1852 apicem

251 1867 338 1898 pone
352 1859 564 1897 regerebant,
576 1859 676 1900 etfilo
690 1861 791 1891 velati
809 1861 945 1892 incede-

249 1907 342 1937 bant.
365 1907 454 1940 Quid
472 1909 516 1938 sit
530 1909 740 1950 autemfllum
760 1911 870 1941 Livius
887 1921 945 1941 ex·

250 1952 367 1998 plicat,
384 1968 458 1989 cum
476 1958 560 1990 dicit
577 1963 585 1976 ‘
601 1960 823 1991 velamentum
841 1960 945 1992 lanae’

249 2017 335 2039 esse.
382 2010 472 2048 Ergo
492 2010 523 2040 hi
540 2009 762 2041 Grammatici
780 2011 858 2041 milii
874 2012 942 2052 qui-

251 2057 326 2089 dem
343 2068 408 2089 non
427 2059 572 2099 probant
585 2065 721 2098 etymon
738 2069 854 2098 sumn3
878 2071 944 2091 non

251 2108 337 2138 enim
370 2107 505 2148 flamen,
541 2111 636 2150 quasi
672 2109 805 2140 filamen
835 2110 945 2141 dictus

252 2164 303 2189 est
319 2169 327 2189 :
353 2159 409 2189 sed
427 2164 637 2199 tamen,cum
649 2159 721 2191 haec
735 2160 865 2199 dicunt,
878 2170 946 2191 mo-

250 2219 318 2240 rem
337 2210 485 2250 priscum
503 2210 594 2242 circa
610 2211 822 2242 caerimonias
839 2210 945 2242 flami-

250 2259 300 2288 nis
325 2269 384 2289 nos
408 2259 546 2291 docent.
585 2260 669 2294 Quae
693 2271 768 2291 cum
793 2261 840 2292 ita
864 2262 944 2301 sint,

248 2318 316 2339 non
341 2309 458 2340 dubito
492 2311 619 2350 legere,
642 2311 818 2351 Apiculum,
839 2312 946 2353 filum,

253 2370 310 2399 quo
331 2359 477 2397 flamines
512 2363 606 2393 velati
640 2363 758 2403 apicem
787 2367 944 2402 regerunt.

251 2410 348 2441 Pone
379 2411 467 2441 enim
498 2412 700 2452 regerebant
730 2413 871 2453 apicem,
903 2423 943 2444 ne

251 2460 364 2500 gravis
387 2465 479 2492 esset
503 2463 639 2493 summis
670 2464 797 2494 aestatis
827 2464 945 2494 calori·

251 2509 333 2539 bus:
358 2511 502 2540 amentis
525 2511 626 2549 enim,
656 2522 731 2552 quae
760 2511 942 2544 offendices

250 2559 463 2598 dicebantur,
479 2559 540 2590 sub
558 2567 706 2593 mentum
723 2562 878 2593 adductis
896 2573 946 2594 re·

250 2608 413 2649 ligabant,
425 2612 472 2647 ut,
488 2619 562 2639 cum
581 2611 718 2649 vellent,
737 2617 945 2651 regererent,

252 2663 285 2688 et
300 2668 387 2698 pone
405 2659 553 2698 pendere
568 2661 819 2699 permitterent.
857 2663 945 2693 Nam

229 2748 231 2751 Ι
252 2708 393 2739 duarum
406 2718 518 2739 rerum
531 2710 730 2742 necessitate
744 2721 876 2752 semper
887 2713 945 2743 ob-

998 1105 1137 1137 strictus
1159 1110 1235 1137 erat
1256 1105 1389 1145 flamen,
1409 1115 1575 1146 nunqnam
1601 1108 1690 1138 nudo

997 1155 1111 1195 eapite
1140 1157 1173 1187 in
1203 1157 1373 1197 publicum
1413 1156 1614 1197 prodeundi,
1651 1168 1689 1189 ac

997 1215 1166 1248 nunquam
1199 1207 1329 1247 apicem
1361 1206 1566 1237 dimittendi.
1614 1207 1690 1238 Hoc

998 1257 1085 1288 enim
1110 1263 1162 1288 est
1184 1263 1287 1298 capnt
1309 1266 1350 1288 ex
1378 1258 1453 1297 lege
1484 1257 1687 1288 Flaminica:

998 1317 1088 1338 smE.
1111 1316 1231 1339 Apron.
1255 1317 1330 1339 svn.
1352 1317 1474 1338 Dmvo.
1499 1316 1587 1340 rtssE.
1622 1316 1690 1338 NEC

998 1366 1072 1389 FAs.
1106 1367 1200 1390 ESTo.
1224 1366 1273 1389 ιΝ.
1297 1366 1424 1389 TEcTo.
1452 1366 1546 1388 wrm.
1576 1366 1692 1388 nvem*

998 1418 1135 1440 memo.
1158 1410 1248 1448 Ergo
1264 1419 1339 1440 cum
1357 1408 1412 1439 filo
1430 1414 1570 1448 propter
1590 1413 1692 1439 aestus

999 1459 1067 1489 diei
1085 1460 1188 1490 velati
1206 1464 1316 1497 erant,
1338 1459 1466 1498 apicem
1492 1464 1601 1490 tamen
1620 1468 1693 1497 ges-

1001 1509 1134 1547 tabant3
1160 1510 1217 1539 sed
1242 1519 1306 1539 non
1333 1509 1363 1539 in
1388 1509 1512 1548 capite,
1536 1507 1585 1538 uti
1608 1507 1692 1538 dixi-

999 1567 1082 1588 muS.
1107 1558 1288 1589 Possumus
1309 1563 1421 1589 tamen
1439 1559 1610 1596 vulgatam
1627 1558 1693 1588 lec-

1000 1609 1125 1639 tionem
1144 1610 1243 1640 tueri.
1290 1610 1376 1640 Nam
1404 1614 1533 1639 certum
1558 1613 1610 1638 est
1634 1617 1692 1638 eos

998 1660 1190 1691 velamenta
1213 1665 1345 1699 gestare
1368 1659 1496 1697 solitos,
1517 1668 1592 1699 quae
1621 1659 1695 1688 Fla-

999 1719 1074 1741 mea
1112 1710 1331 1741 vocabantur.
1389 1710 1572 1749 Dionysius
1597 1719 1605 1739 ε
1644 1708 1694 1739 οὓς

997 1760 1202 1801 (Flamines)
1219 1760 1278 1791 ἀπὸ
1293 1762 1348 1797 τῆς
1368 1759 1525 1800 φορήσεως
1538 1758 1636 1790 πίλων
1658 1771 1693 1790 τε

996 1810 1047 1841 καὶ
1063 1810 1255 1850 στεμμάτων,
1265 1811 1283 1842 ἃ
1298 1812 1351 1841 νῦν
1362 1810 1407 1841 ἔτι
1422 1811 1558 1850 φοροῦσι,
1569 1809 1696 1849 ψλάμεα

1000 1863 1177 1897 καλοῦντες,
1194 1862 1272 1892 οὕτω
1293 1860 1565 1902 προσαγορεύουσι.
1610 1861 1695 1891 Mihi

1001 1911 1092 1950 prior
1115 1911 1311 1950 conjectura
1336 1912 1441 1951 magis
1466 1912 1590 1950 placet.
1625 1910 1694 1940 Jos.

1001 1960 1152 1999 Scaliger.
1197 1960 1263 1990 Sed
1286 1961 1365 1990 nihil
1387 1960 1457 1999 agit
1475 1960 1524 1990 vir
1539 1959 1695 1989 doctissi-

1000 2020 1091 2048 mus3
1115 2020 1190 2041 nam
1221 2016 1350 2041 certum
1377 2015 1429 2040 est
1454 2011 1586 2039 laneum
1611 2008 1693 2039 illud

1000 2060 1277 2100 filum‚quototus
1295 2069 1381 2098 apex
1396 2059 1466 2089 sive
1482 2059 1573 2097 virga
1590 2059 1695 2099 apicis

1001 2110 1188 2151 velabatur,
1208 2110 1362 2149 apiculum
1387 2120 1405 2139 a
1423 2109 1605 2140 Veteribus
1626 2109 1694 2140 dic-

1000 2165 1069 2192 tum
1087 2159 1202 2190 fuisse.
1229 2161 1306 2191 Duc.

1041 2209 1209 2250 θΑρὶιιάιι]
1241 2209 1310 2240 Alii
1340 2209 1474 2249 applida.
1513 2209 1603 2240 Plin.
1636 2210 1694 2240 lib.

1000 2269 1106 2291 xvur.
1129 2270 1204 2300 cap.
1236 2262 1288 2290 10.
1327 2259 1438 2289 ‘Milii
1463 2264 1499 2290 et
1524 2259 1635 2298 panici
1660 2266 1694 2291 ct

999 2320 1137 2342 sesamae
1170 2314 1395 2350 purgamenta
1425 2309 1607 2349 appludam
1640 2319 1695 2340 vo-

999 2361 1102 2393 cant.’
1149 2361 1216 2392 Alii
1248 2360 1410 2390 frumenti
1443 2358 1604 2390 furfurem
1645 2360 1695 2390 in-

999 2416 1245 2451 terpretantur.
1293 2412 1344 2441 De
1362 2410 1553 2441 sorbitionis
1569 2419 1694 2449 genere

999 2461 1078 2491 mihi
1095 2461 1205 2491 adhuc
1223 2461 1469 2501 incompertum
1485 2464 1549 2490 est.
1574 2459 1672 2490 Idem.

1055 2509 1068 2529 f
1090 2510 1268 2550 Aplustria]
1297 2509 1325 2540 Α
1361 2510 1485 2540 Graeco
1532 2507 1691 2547 ἅφλαστα.

1000 2560 1211 2601 Apollonius.
1253 2559 1472 2596 Glossarium,
1498 2558 1694 2599 ‘Aplnstra,

998 2611 1111 2652 πτερὸν
1126 2611 1248 2647 πλοίου,
1263 2611 1300 2641 ὡς
1308 2608 1447 2640 Ἔννιος.’
1468 2610 1536 2639 Jos.
1554 2609 1637 2640 Scal.

1041 2662 1220 2702 Aplustria]
1238 2663 1369 2692 Summa
1395 2669 1471 2699 pars
1497 2660 1618 2699 puppis
1641 2665 1692 2690 at-

998 2722 1063 2753 que
1081 2713 1182 2743 etiam
1199 2715 1394 2743 ornamenta
1409 2719 1483 2751 quae
1509 2719 1641 2751 semper
1656 2711 1690 2741 iu
