1835 2906
368 187 429 215 DE
464 186 732 216 VERBORUM
767 184 1169 215 SlGNlFlc-A'rroNE
1206 186 1298 214 12113.
1334 188 1360 216 l.

1526 178 1580 218 85

145 281 391 336 Aquagium
409 289 427 305 ¹²
457 285 584 337 quasi
606 297 732 338 aquae
753 260 919 335 agium,
943 281 988 322 id
1010 286 1090 332 est,
1108 294 1236 336 aquae
1253 281 1410 323 ductus
1431 283 1579 336 appel·

200 351 324 392 latur.

142 417 403 472 Aquariolix
426 418 683 460 dicebantur
703 416 935 458 mulierum
957 415 1278 470 impudicarum
1308 415 1475 457 sordidi
1503 415 1581 456 ad-

198 487 343 527 seclae.

142 551 329 606 Aquilus
343 560 360 582 y
382 555 504 595 color
534 557 604 595 est
622 553 787 601 fuscus,
810 556 854 593 et
874 551 1079 604 subniger
1097 564 1105 589 :
1137 563 1164 591 a
1185 564 1273 604 quo
1292 551 1443 604 aquila
1459 551 1579 592 dicta

198 634 294 661 esse
325 621 518 663 videtur:
550 621 748 675 quamvis
764 632 861 660 eam
879 620 934 660 ab
956 624 1083 660 acute
1104 618 1296 660 volando
1316 619 1478 660 dictam
1499 631 1580 659 vo-

200 688 310 729 lunt.

370 687 561 742 Aquilus
601 691 745 729 autem
784 687 906 728 color
945 687 1000 728 ab
1036 699 1153 740 aqna
1188 692 1258 728 est
1294 687 1578 727 nominatus:

196 769 297 797 narn
324 769 422 797 cum
445 756 615 810 antiqui
637 756 751 797 duos
774 755 952 796 omnino
975 755 1194 796 naturales
1214 758 1408 805 nossent,
1430 753 1473 795 id
1495 757 1578 803 est,

781 864 923 896 NOTAE

141 952 372 983 denunciatis.’
425 953 583 985 Fortasse
614 953 720 984 Varro
752 953 828 984 Tus-

138 1012 205 1033 cum
233 1003 409 1044 aquiligem,
442 1005 493 1034 vel
523 1003 696 1044 Aquilia-em
732 1003 829 1039 dixit,

139 1053 227 1094 quod
246 1052 498 1092 sacrificiorum,
509 1057 543 1084 et
554 1053 602 1084 rei
614 1054 738 1084 divinae
752 1062 828 1093 pro·

137 1104 325 1144 curatione,
342 1114 482 1145 quarum
501 1114 613 1135 rerum
630 1105 730 1144 periti
745 1105 827 1135 Tus-

135 1155 167 1187 ci
184 1161 293 1195 erant,
307 1165 409 1197 aquas
426 1156 592 1187 eliciebat.
616 1155 729 1186 Verba
742 1156 826 1186 Var-

136 1207 225 1238 ronis
249 1212 327 1238 sunt
351 1208 423 1239 lraec
451 1217 492 1238 ex
520 1209 638 1248 Satyra
657 1208 827 1248 Quinqua-

135 1256 260 1288 tribus:
284 1258 293 1274 ‘
311 1257 363 1288 An
381 1258 443 1289 hoc
463 1262 602 1298 praestat
619 1257 826 1298 Herophilus

136 1307 294 1347 Diogeni,
317 1308 403 1349 quod
433 1308 489 1339 ille
516 1318 534 1339 e
561 1312 679 1339 ventre
706 1318 826 1349 aquam

132 1358 260 1389 mittit?
297 1368 338 1389 an
369 1359 432 1390 hoc
464 1363 497 1390 te
526 1359 659 1400 jactas?
697 1364 733 1391 at
762 1360 825 1390 hoc

133 1412 235 1447 pacto
253 1409 369 1439 utilior
386 1409 551 1439 teTuscus
569 1408 726 1450 aquilex.'
758 1410 825 1440 Ta-

132 1467 209 1488 men
236 1457 317 1488 nihil
342 1459 494 1500 impedit,
522 1464 556 1490 et
580 1469 640 1500 pro
666 1459 824 1491 libratore

132 1517 294 1548 aquarum
309 1518 451 1541 sumere.
496 1509 725 1540 Glossarium:
750 1511 759 1528 ‘
776 1509 822 1540 A-

132 1559 284 1599 quiliceS‚
299 1560 328 1590 οἷ
341 1560 380 1591 τὰ
392 1560 564 1601 ὑδραγώγια
577 1560 785 1601 ἐργαζόμενοι,
796 1561 824 1592 οἳ

130 1607 333 1649 ἆνοχετάριοι,
346 1612 524 1650 ποταμῖται,
537 1610 735 1651 ὑδροσκόποι.’
767 1612 823 1643 Ita

131 1658 219 1690 enim
250 1661 411 1701 legendus
444 1668 494 1692 est
525 1662 616 1692 locus
650 1662 705 1692 ille
731 1661 822 1702 apud

131 1714 300 1741 auctorem
318 1711 489 1742 Glossarii.
513 1713 580 1742 Jos.
597 1711 678 1742 scal.

171 1760 391 1801 Aquoelicz'um]
418 1763 500 1793 Cum
527 1768 669 1802 propter
685 1761 820 1792 nimiam

132 1810 319 1842 siccitatem
344 1813 507 1843 manalem
531 1812 678 1852 lapidem
706 1812 738 1842 in
768 1822 820 1843 ur·

128 1860 203 1891 bem
215 1862 466 1901 protrahebant,
480 1868 516 1894 ut
530 1872 632 1903 aquas
645 1863 820 1894 elicerent.

130 1911 220 1942 Vide
237 1912 245 1928 ‘
260 1912 403 1943 Manalis
419 1912 522 1953 lapis-³
556 1912 732 1943 Sacrificia
749 1917 819 1944 tum

127 1966 266 2001 peracta
282 1962 390 1993 innuit
404 1962 603 1993 Tertullian.
626 1962 634 1979 ‘
652 1962 819 2004 Aquilicia

126 2012 205 2043 Jovi
232 2013 422 2051 immolatis,
447 2013 663 2054 nudipedalia
692 2014 818 2055 populo

126 2061 352 2094 denuntiatis!
389 2063 536 2104 Aquilex
548 2065 602 2105 qui
617 2065 755 2105 hujusce
769 2066 817 2096 rei

125 2113 363 2151 procuratione
374 2123 476 2154 aquas
488 2113 657 2154 eliciebat,
671 2115 680 2131 ‘
691 2115 817 2146 Tuscus

125 2162 277 2202 aquilex'
306 2163 415 2195 dictus
443 2165 532 2205 quod
564 2165 678 2196 harum
705 2176 816 2197 rerum

125 2213 226 2251 periti
249 2213 348 2245 Tusci
366 2219 474 2247 erant.
518 2215 626 2247 Varro
644 2216 677 2247 in
693 2217 816 2258 Satyra

124 2262 404 2303 Quinquatribus:
424 2268 432 2282 ‘
446 2264 499 2296 An
516 2265 579 2296 hoc
596 2271 734 2306 praestat
744 2267 815 2298 He-

123 2312 271 2351 rophilus
296 2313 456 2353 Diogeni,
476 2316 563 2355 qnod
590 2316 645 2346 ille
661 2327 679 2348 e
696 2321 814 2348 ventre

124 2372 244 2401 aquarn
267 2364 395 2394 mittit?
419 2375 460 2395 an
483 2365 546 2396 hoc
570 2370 603 2396 te
622 2366 756 2407 jactas?
779 2372 814 2399 at

124 2412 187 2443 boc
213 2417 313 2452 pacto
338 2413 452 2444 utilior
469 2419 502 2445 te
519 2417 645 2448 Tuscus
660 2418 816 2459 aquilex.'

123 2462 349 2498 Quamvisibi,
362 2467 400 2493 ut
411 2464 538 2504 optime
550 2466 714 2507 Scaliger,
724 2469 817 2509 aqui-

122 2513 176 2542 lex
192 2512 390 2553 simpliciter
408 2515 492 2544 sumi
517 2517 621 2555 possit
639 2527 699 2557 pro
716 2528 816 2560 aqua-

123 2572 195 2593 rum
206 2563 375 2595 libratore.
388 2564 610 2597 Glossarium:
622 2569 812 2609 ‘aquilices,

122 2612 151 2641 οἱ
164 2611 205 2642 τὰ
220 2612 392 2652 ὑδραγώγια
404 2613 610 2656 ἐργαζόμενοι,
620 2617 648 2647 οἱ
662 2617 812 2657 ἆνοχετοί·

123 2674 191 2701 ριοι,
202 2665 378 2701 ποταμῖται,
393 2664 581 2704 ὑδροσκόποι.
616 2667 723 2699 Prout
739 2669 812 2709 ipse

121 2713 209 2745 lrunc
233 2714 339 2746 locum
363 2714 504 2755 digessit
525 2716 580 2758 qui
597 2719 809 2759 corruptissi=

882 962 935 983 me
964 952 1100 993 legitur.
1146 950 1240 982 Infra
1269 951 1345 991 ista,
1373 952 1400 981 si
1428 951 1577 990 creditur,

881 1007 960 1034 sunt
973 1002 1107 1033 barbari
1132 1001 1347 1040 mutilatoris‚
1368 1001 1423 1042 qui
1441 1000 1574 1032 dubita·

880 1053 931 1084 vit
946 1053 1024 1084 olim
1041 1054 1157 1084 Romae
1174 1053 1321 1083 manales
1346 1061 1482 1083 verrere
1499 1052 1576 1083 soli-

882 1107 933 1134 tos
948 1102 1064 1134 fuisse.
1090 1104 1172 1134 Duc.

926 1158 940 1173 ¹¹
955 1154 1145 1194 Aquugium]
1164 1152 1258 1184 Idem
1274 1151 1362 1194 qnod
1378 1151 1575 1193 Aquarium.

882 1203 1108 1236 Glossarium:
1126 1202 1136 1219 ‘
1150 1202 1350 1244 Aquarium,
1367 1201 1577 1242 ὑδραγώγιον.’

879 1255 948 1285 Jos.
966 1253 1048 1285 Scal.

922 1304 1114 1345 Aquagz'um]
1137 1303 1234 1335 Idem
1263 1303 1352 1345 quod
1376 1303 1574 1344 Aquarium.

879 1354 1109 1386 Glossarium:
1141 1357 1149 1372 ‘
1161 1355 1358 1396 Aquarium,
1376 1355 1574 1396 ὑδραγώγιον,

878 1404 1120 1446 aquaeductus!
1143 1405 1224 1435 Duc.

920 1462 936 1477 Χ
958 1457 1138 1497 Aquarioli]
1161 1457 1218 1488 Sic
1246 1455 1382 1497 proprie
1411 1455 1571 1487 diceban-

878 1511 932 1538 tur
949 1509 1005 1549 qui
1023 1518 1142 1549 aquarn
1156 1506 1390 1539 meretricibus
1407 1507 1574 1538 ministra-

876 1557 969 1593 bant,
994 1568 1061 1599 qua
1091 1568 1126 1589 se
1158 1562 1233 1598 post
1263 1558 1430 1588 Venerem
1456 1557 1570 1588 ablue-

877 1613 963 1640 rent.
1017 1609 1238 1645 Glossarium,
1261 1608 1271 1625 ⁴
1289 1608 1465 1648 aquarioli,
1490 1609 1573 1642 βαλ-

875 1658 992 1699 λσίδες,’
1009 1669 1083 1690 nam
1100 1659 1225 1694 βαλλὰς
1241 1669 1259 1689 a
1280 1656 1409 1692 βάλλων
1430 1657 1506 1697 ὕδωρ
1529 1658 1571 1689 ab

876 1718 962 1749 aqua
988 1708 1163 1748 jaciunda.
1212 1707 1298 1738 Inde
1331 1713 1451 1747 postea
1481 1708 1572 1737 leno-

875 1771 935 1792 nes
965 1766 1000 1792 et
1029 1761 1137 1802 stupri
1161 1760 1398 1792 conciliatores
1420 1759 1572 1800 aquarioli

875 1812 971 1843 dicti.
995 1813 1093 1843 Idem.

916 1869 929 1890 Υ
952 1862 1100 1903 Aquilus]
1122 1861 1343 1897 Glossarium,
1370 1861 1379 1878 ‘
1397 1860 1570 1902 Aquilnm,

871 1913 981 1954 μέλαν,
995 1914 1033 1944 ὡς
1047 1911 1252 1944 Λουκίλλιος.’
1285 1912 1406 1948 Varro,
1423 1922 1572 1950 κοσμοτο-

872 1964 957 2006 ρύνῃ,
971 1964 1039 2005 περὶ
1055 1965 1169 2005 φθορᾶς
1193 1962 1310 2002 κόσμου
1327 1974 1334 1994 :
1359 1963 1368 1981 ‘
1384 1961 1498 2004 Atque
1515 1963 1569 1993 AE-

874 2025 957 2056 geus
981 2015 1086 2047 fluctu
1109 2025 1210 2056 quam
1234 2015 1318 2046 lavit
1340 2018 1417 2045 ante
1435 2013 1570 2055 Aquilo,

871 2065 987 2097 Saevus
1018 2065 1073 2096 ubi
1099 2064 1214 2105 posuit
1237 2065 1392 2105 Neptuni
1410 2063 1496 2094 filius
1514 2074 1568 2094 ur·

872 2116 971 2147 bem.’
994 2117 1003 2134 ⁴
1018 2116 1178 2158 Aquilum
1194 2114 1357 2156 fluctum‚'
1368 2114 1466 2153 μέλαν
1479 2115 1567 2155 ὕδωρ,

872 2166 994 2207 po'e'tae.
1015 2168 1083 2197 Jos.
1100 2167 1183 2197 Scal.

912 2217 1046 2257 Aquilus
1065 2216 1161 2257 color]
1183 2215 1320 2247 Medius
1343 2216 1432 2245 inter
1453 2214 1565 2245 album

870 2271 906 2299 et
921 2268 1065 2308 nigrum.
1109 2267 1176 2298 Sed
1193 2266 1278 2297 male
1292 2266 1412 2296 Festus
1429 2265 1471 2296 ab
1486 2275 1565 2304 aqua

868 2319 994 2350 dictum
1012 2321 1120 2358 putat,
1136 2327 1210 2348 curn
1233 2317 1276 2347 sit
1293 2316 1334 2347 ab
1345 2316 1461 2356 aquila,
1477 2315 1566 2356 quod

871 2374 907 2401 et
933 2369 1041 2400 innuit
1068 2369 1183 2399 Plaut.
1199 2367 1346 2398 Rudent.
1363 2375 1402 2398 11.
1417 2368 1447 2398 4.
1472 2365 1481 2381 ‘
1499 2366 1565 2405 Eja

871 2429 993 2460 corpus,
1024 2417 1255 2460 quojusmodi?
1308 2417 1564 2448 Subvolturium

870 2469 954 2500 illud
984 2468 1130 2510 quidem,
1161 2468 1373 2510 subaquilum
1403 2468 1492 2498 volui
1515 2467 1564 2497 di-

872 2518 973 2551 cere.'
1016 2518 1132 2558 Aquila
1147 2523 1259 2549 autem
1276 2523 1313 2549 ut
1330 2518 1454 2559 optime
1465 2518 1563 2550 Cani-

871 2571 946 2600 nius
973 2579 992 2599 a
1017 2568 1143 2608 Cyprio
1165 2578 1253 2608 agor.
1299 2569 1451 2609 Hesych.
1475 2569 1562 2608 ἆγὸρ,

865 2619 968 2658 ἀετὸς,
987 2619 1134 2659 Κύπριοι;
1163 2629 1256 2660 agor,
1284 2620 1408 2660 aquila,
1434 2620 1560 2660 Cyprii.

866 2671 965 2709 Agor,
988 2679 1005 2699 r
1035 2673 1161 2699 mutato
1190 2669 1222 2700 in
1247 2670 1269 2709 l,
1287 2670 1295 2685 ‘
1313 2669 1412 2710 agol,'
1434 2670 1443 2687 ‘
1462 2670 1561 2709 agul‚'

868 2722 876 2738 ‘
893 2718 994 2761 aqnl,’
1016 2719 1025 2736 ‘
1042 2718 1175 2761 aquila.’
1200 2720 1279 2751 Dae.
