1835 2906
391 168 452 199 DE
488 162 756 196 VERBORUM
791 157 1204 192 SlGNlFlCATlONE
1239 157 1332 188 [ΑΒ.
1367 156 1417 185 Χ.

1539 144 1625 184 347

179 262 352 306 Lacus¹
385 262 602 303 Lucrinus
641 260 684 300 in
716 256 1007 311 vectigalibus
1043 252 1233 308 publicis
1264 253 1430 306 primus
1456 250 1628 290 locatur

235 328 485 379 eruenduS‚⁶
515 328 674 369 ominis
713 325 820 367 boni
855 324 1009 377 gratia,
1043 326 1092 363 ut
1125 322 1168 362 in
1205 320 1405 360 dilectu⁷
1437 331 1626 360 censuve

234 399 359 452 primi
379 397 657 438 nominantur
680 393 895 441 Valerius,
924 391 1118 439 Salvius,
1140 388 1373 430 Statorius.

180 466 318 508 Laena
331 471 356 487 ¹¹¹
390 463 634 506 vestimenti
670 473 802 516 genus
840 458 1050 500 habitus⁸
1083 456 1306 511 duplicis3
1339 454 1519 508 quidam
1555 466 1631 505 ap-

236 534 441 587 pellatam
461 532 718 573 existimant
735 528 894 576 Tusce,
919 526 1098 580 quidam
1119 524 1295 573 Graece,
1318 534 1449 576 quam
1469 519 1631 575 χλαίνην

237 602 398 643 dicunt.

183 671 354 719 Laeva,¹¹
375 668 563 712 sinistra,
585 679 713 720 quam
735 662 885 706 Graeci
903 661 1057 704 σκαιάν.
1103 660 1232 701 Unde
1253 663 1442 701 tractum
1464 667 1633 708 cogno·

238 734 347 778 men‘
368 736 584 785 Scaevola,
614 747 640 774 a
666 734 798 782 laeva,
827 732 1003 780 laevum,
1036 729 1278 777 sinistrum,
1308 730 1351 768 et
1381 727 1634 771 laevorsum,

241 805 533 845 sinistrosum.

786 885 925 899 eeeeee

927 885 1026 897 emto

227 972 247 999 6
271 968 338 999 Pro
354 967 503 998 eruendus
516 963 731 996 scribendum
750 969 888 995 monent
905 963 1019 995 Ursin.
1032 963 1124 993 Dac.
1137 960 1367 997 fruendus.——7
1393 957 1447 988 Al.
1461 958 1637 987 delectu.—

186 1016 205 1043 8
230 1017 238 1030 ‘
253 1012 291 1043 L.
309 1021 352 1042 in.
371 1019 430 1051 pro
452 1009 577 1040 habitus
600 1008 703 1039 habet
721 1008 839 1047 habitu,
855 1010 889 1038 et
905 1004 1041 1046 χλανίδα
1057 1014 1118 1046 pro
1134 1002 1292 1043 χλαίνην.’
1318 1001 1408 1033 Fulv.
1431 999 1538 1030 Ursin.

835 1105 865 1137 N
872 1104 974 1137 O'rAE

188 1178 346 1206 auctores
363 1170 614 1212 corrumpendi.
637 1170 706 1202 Cur
722 1169 802 1210 ipsis
820 1168 885 1199 dis-

191 1225 312 1266 plicuit
327 1226 427 1255 lama?
451 1233 491 1253 au
515 1223 673 1263 ignorant
696 1221 784 1252 idem
801 1229 889 1259 esse,

189 1274 275 1314 quod
293 1271 451 1305 lustrum?
487 1272 532 1303 Et
554 1281 634 1301 sane
658 1271 705 1301 ira
721 1271 888 1301 Veterum

190 1325 319 1356 Gtossae
332 1333 341 1354 :
356 1325 364 1340 ‘
376 1324 503 1362 Lamae,
515 1321 666 1359 πηλώδεις
676 1313 793 1352 ‘rii-troil
814 1321 888 1352 Me-

189 1377 251 1407 lius
264 1380 377 1408 tamen
390 1376 479 1405 lamae
494 1374 716 1405 collectiones
727 1382 887 1415 aquarum

189 1429 456 1468 exponerentur.
480 1425 548 1456 Jos.
562 1424 647 1455 Seal.

230 1477 372 1517 Lacuna]
410 1476 521 1507 Varro
552 1475 610 1506 lib.
639 1483 691 1506 xv.
718 1474 760 1505 de
786 1474 826 1506 L.
851 1475 889 1507 L.

190 1528 198 1545 ‘
216 1529 321 1559 Lacus
344 1528 466 1558 lacuna
489 1535 612 1567 magna
635 1525 692 1556 ubi
708 1535 795 1567 aqua
811 1535 889 1556 con-

188 1579 289 1610 tineri
307 1576 443 1619 potest!
466 1577 561 1616 Virg.
577 1585 600 1607 1.
617 1576 744 1616 Georg.
766 1576 775 1592 ‘
789 1576 888 1606 Unde

189 1639 279 1660 cavae
299 1628 415 1668 tepido
431 1627 556 1659 sudant
580 1627 718 1657 humore
734 1624 889 1657 lacunae.'

192 1679 257 1710 Ubi
286 1679 443 1709 Servius:
478 1677 649 1708 ‘Lacunae
674 1681 752 1707 sunt
777 1675 889 1715 fossae,

191 1730 224 1760 in
239 1729 360 1770 quibus
377 1729 524 1759 collecta
540 1737 628 1768 aqua
644 1732 736 1758 stare
751 1736 891 1758 consue-

193 1781 241 1811 vit
258 1784 361 1811 otest
379 1778 474 1820 quasi
492 1779 584 1809 lacus
598 1777 768 1809 minores.'
803 1777 893 1808 Vide

190 1829 377 1861 ‘lustrum'
398 1829 480 1860 Dac-

194 1920 199 1924 .
237 1881 243 1901 ¹
267 1881 382 1920 Lacus]
405 1881 474 1911 Pro
494 1880 644 1911 eruendus
664 1877 893 1913 scribendum,

182 1935 362 1971 fruendus;
385 1931 474 1973 quod
499 1930 640 1961 verbum
667 1934 720 1960 est
745 1930 777 1959 in
806 1929 893 1960 Cen-

194 1984 289 2015 soriis
316 1981 511 2014 locationib.
542 1980 715 2022 frequens.
742 1980 814 2011 Ful.
834 1981 895 2011 Ur-

194 2035 254 2066 sin.

236 2084 338 2115 Lacus
353 2082 523 2123 Lucrinus]
546 2083 690 2113 Veteres
711 2082 808 2112 Rom.
830 2090 897 2111 non

194 2136 299 2167 solum
323 2136 403 2165 laeta
430 2139 465 2166 et
491 2133 604 2164 felicia
632 2132 735 2163 verba
758 2135 899 2172 captare

196 2186 362 2221 solebant,
377 2185 436 2217 sed
457 2185 560 2216 etiam
577 2183 602 2213 si
619 2192 694 2224 quae
711 2182 798 2212 male
813 2181 894 2212 omi·

197 2241 277 2266 nata
293 2239 514 2266 occurrerent
538 2240 573 2264 et
597 2233 771 2272 obscoena,
794 2240 835 2262 ea
860 2231 895 2262 in

199 2286 368 2317 contraria
381 2283 625 2315 deflectebant.
670 2282 753 2314 Inde
766 2287 819 2313 est
835 2292 896 2314 cur

197 2338 401 2367 maleventum
425 2335 458 2365 in
480 2335 678 2365 beneventum
703 2338 893 2371 niutarent3

199 2396 259 2417 cur
272 2385 453 2416 Lucrinum
473 2384 582 2414 lacum
600 2383 743 2422 primum
768 2383 802 2413 in
820 2392 897 2413 vec-

200 2435 359 2476 tigalibus
390 2433 535 2475 publicis
574 2433 726 2463 locarent
756 2436 898 2472 propter

201 2496 299 2518 omen
318 2485 412 2517 lucri.
456 2485 525 2516 Cur
552 2483 586 2513 in
613 2482 741 2522 nuptiis
770 2481 897 2522 profer·

200 2543 276 2570 rent
289 2539 298 2556 ‘
309 2538 424 2569 Caiam
440 2534 622 2566 Caeciliaur’
637 2538 671 2564 et
690 2534 897 2564 ‘Thalassio-

201 2588 302 2629 nem‚'
316 2593 351 2619 et
376 2587 408 2618 in
437 2585 566 2617 Vestali
591 2583 757 2624 capienda
773 2583 783 2600 ‘
799 2583 898 2614 Ama·

204 2640 293 2671 tam.’
340 2640 385 2670 Et
415 2647 475 2669 cur
502 2636 586 2667 adeo
618 2636 650 2666 iu
680 2636 799 2666 delectu
830 2636 900 2666 sive

203 2691 317 2721 dilectu
331 2690 424 2730 (uam
451 2692 629 2727 utrumque
656 2695 750 2726 aeque
778 2686 901 2716 bonum

206 2740 287 2780 est‚)
317 2744 350 2770 et
373 2739 406 2769 in
433 2748 522 2769 censa
548 2736 671 2778 primos·
697 2745 765 2775 effi,
790 2736 840 2766 vcl
859 2736 902 2767 le·

942 1170 1075 1208 gerent,
1107 1166 1160 1197 vel
1192 1166 1381 1196 censerent,
1407 1160 1463 1202 qui
1501 1160 1643 1199 Valerii,

941 1217 1057 1257 Salvii,
1073 1215 1215 1247 Statorii
1234 1213 1507 1248 nominabantur,
1533 1219 1576 1241 ex
1603 1219 1643 1240 eo

942 1267 1072 1299 scilicet
1103 1265 1319 1306 auspicantes
1360 1263 1542 1299 valentem,
1579 1260 1643 1290 sal-

943 1327 1032 1357 vam,
1054 1320 1089 1348 et
1115 1321 1262 1347 stantem
1288 1313 1362 1345 fore
1390 1311 1647 1352 rempublicam.

943 1368 1086 1399 Cicero:
1122 1363 1324 1407 ‘Iten1q11e‚'
1352 1363 1476 1404 inquit,
1504 1361 1563 1392 ‘in
1580 1362 1646 1392 lus-

944 1417 1067 1450 tranda
1081 1417 1213 1449 colonia
1229 1416 1272 1447 ab
1296 1424 1348 1450 eo,
1366 1413 1423 1454 qui
1450 1421 1523 1443 eam
1540 1410 1646 1442 dedu-2

943 1472 1051 1508 ceret‚
1067 1472 1103 1499 et
1119 1477 1193 1498 cum
1222 1466 1416 1506 Imperator
1446 1461 1647 1499 exercitum,

943 1519 1072 1550 Censor
1086 1518 1247 1558 populum
1275 1516 1445 1552 lustraret,
1471 1512 1569 1543 bonis
1589 1520 1649 1541 no-

943 1570 1100 1609 minibus,
1123 1570 1180 1610 qui
1203 1568 1330 1599 hostias
1348 1567 1525 1603 ducerent,
1546 1563 1650 1602 elige-

944 1621 1083 1658 bantur,
1099 1619 1190 1661 quod
1217 1618 1306 1649 idem
1330 1617 1365 1647 in
1389 1615 1527 1646 delectu
1557 1613 1650 1644 Coss.

945 1672 1142 1710 observant,
1161 1673 1198 1700 ut
1214 1669 1340 1710 primus
1363 1666 1460 1698 miles
1485 1664 1545 1695 fiat
1560 1663 1649 1694 bono

945 1721 1103 1754 nomine.'
1151 1721 1313 1752 Ceterum
1342 1718 1376 1749 in
1403 1716 1517 1748 verbis
1554 1713 1650 1745 Festi

947 1783 1009 1816 pro
1032 1772 1184 1804 eruendus
1211 1768 1391 1810 legendum
1414 1766 1583 1805 fruendus,
1611 1768 1651 1794 ut

943 1825 1015 1866 jam
1036 1823 1114 1854 olim
1133 1822 1247 1852 videre
1266 1820 1328 1851 viri
1342 1816 1536 1849 doctissimi.
1577 1813 1652 1845 Etsi

949 1875 1102 1906 eruendus
1119 1871 1262 1913 quodam
1279 1868 1378 1900 modo
1395 1866 1534 1898 defendi
1551 1874 1652 1905 posse

952 1925 1119 1956 videatur.
1164 1921 1272 1952 Immo
1289 1924 1324 1951 et
1341 1918 1420 1949 nihil
1442 1915 1652 1948 mutandum.

951 1976 1086 2007 ‘Lacus
1117 1972 1282 2004 Lucrinus
1321 1968 1499 2001 locabatur
1534 1975 1652 1996 eruen-

952 2024 1039 2065 dus‚’
1064 2023 1098 2055 id
1123 2028 1189 2058 est,
1205 2026 1242 2053 ut
1265 2030 1330 2061 ego
1357 2020 1578 2059 interpretor,
1602 2025 1654 2046 re-

952 2076 1086 2114 tandus,
1103 2072 1312 2115 purgandus.
1337 2071 1421 2101 Duc.

995 2132 1017 2146 ¹¹¹
1041 2125 1153 2165 Laena]
1174 2123 1274 2163 Toga
1298 2120 1445 2152 crassior
1471 2126 1574 2158 supra
1600 2124 1654 2146 ce-

949 2182 1024 2209 tera
1040 2175 1256 2207 vestimenta,
1282 2171 1371 2202 unde
1396 2170 1506 2200 Varro
1534 2176 1554 2197 a
1580 2166 1656 2196 lana

950 2228 1056 2259 multa
1080 2226 1207 2257 dictam
1237 2227 1336 2264 putat
1358 2221 1416 2252 lib.
1435 2229 1487 2250 1v.
1519 2220 1529 2235 ⁴
1553 2219 1656 2248 Laena

952 2278 1040 2320 quod
1071 2276 1113 2307 de
1136 2276 1214 2306 lana
1250 2274 1370 2310 multa,
1397 2270 1539 2300 duarum
1566 2267 1656 2298 enim

953 2335 1107 2370 togarum
1124 2323 1253 2357 instar.’
1278 2322 1344 2354 Alii
1367 2322 1513 2352 Etrusce
1529 2318 1655 2349 dictam

954 2381 1092 2412 volunt:
1120 2377 1178 2408 sed
1206 2376 1286 2406 loena
1313 2372 1447 2404 omuino
1478 2380 1498 2401 a
1527 2369 1655 2409 χλαίνη,

954 2429 1047 2471 quasi
1064 2426 1193 2468 χλιαίνη
1211 2435 1229 2456 a
1244 2424 1348 2454 verbo
1366 2421 1508 2462 χλιαίνω,
1526 2419 1656 2451 calefio.

954 2482 1043 2512 Nam
1072 2483 1108 2509 et
1135 2487 1177 2508 ex
1208 2473 1394 2506 Plutarcho
1431 2476 1562 2503 certum
1603 2476 1657 2501 est

953 2532 1048 2561 laenas
1065 2528 1145 2559 nihil
1160 2535 1234 2557 esse
1257 2523 1356 2560 aliud,
1385 2532 1482 2564 quam
1511 2522 1654 2553 Graeco-

955 2593 1028 2614 rum
1047 2579 1191 2621 χλαίνας.
1213 2578 1311 2608 Idem.

996 2637 1011 2653 ¹¹
1036 2630 1147 2670 Laeva]
1173 2630 1202 2660 A
1237 2626 1324 2658 λαιὸς
1350 2626 1479 2657 inserto
1511 2636 1540 2663 ιι,
1571 2628 1608 2655 ut
1639 2633 1658 2654 a

956 2681 1060 2713 σκαιὸς
1089 2679 1247 2714 scaevola,
1284 2676 1341 2718 qui
1366 2676 1502 2708 sinistra
1526 2680 1657 2707 tantum

959 2743 1058 2766 mauu
1077 2732 1194 2764 utitur.
1219 2730 1315 2761 Idem.
