1835 2906
188 127 270 169 128

632 137 779 168 SEXTI
815 136 1018 167 ΡΟΜΡΕΙΙ
1054 136 1193 169 FES'I'I

189 230 452 273 Caenaculas
483 230 702 282 dicuntur,
723 231 780 273 ad
803 245 901 285 quae
922 231 1055 272 scalis
1074 229 1341 271 ascenditur.

188 299 548 341 Caerimoniarum
563 304 574 327 ³
591 298 602 319 ²
621 312 803 340 causam
826 299 902 340 alii
929 299 985 340 ab
1008 297 1176 352 oppido
1198 296 1323 339 Caere
1337 297 1502 338 dictam
1516 296 1635 336 exis-

241 367 422 417 timant3
453 365 529 407 alii
550 379 577 407 a
598 367 777 408 caritate
795 366 959 407 dictam
969 366 1195 420 Judicant.

187 433 374 484 Caesar‚¹¹
396 434 519 488 quod
541 439 606 476 est
627 446 874 487 cognomen
894 433 924 475 J
927 433 1134 483 uliorum,
1151 446 1178 475 a
1194 433 1372 475 caesarie
1388 432 1533 473 dictus
1552 433 1636 480 est,

243 502 346 555 quia
366 501 543 543 scilicet
559 515 660 542 cum
677 502 857 543 caesarie
873 504 1001 543 natus
1023 506 1106 543 est.

793 642 927 655 eeeeeee

230 720 248 749 3
275 716 336 750 Ed.
353 718 445 749 Scal.
464 718 695 750 Coerimom‘am.

932 643 1029 655 eeeee

845 815 986 848 NOTAE

187 898 240 919 sas
267 887 384 918 Sabini
409 897 522 919 coenas
545 887 719 929 dicebant,
739 899 814 931 quae
831 899 887 920 au-

188 944 256 969 tem
274 948 361 969 nunc
384 939 527 978 prandia
549 944 628 970 sunt
652 949 766 972 coenas
787 939 888 970 habe·

186 990 280 1028 baut,
294 994 328 1019 et
341 998 401 1029 pro
419 989 523 1019 coenis
539 999 722 1030 vespernas
740 990 889 1030 appella-

188 1038 292 1070 bant.'
316 1039 371 1070 Sic
390 1039 479 1079 apud
498 1039 656 1070 Plautum
672 1044 680 1057 ⁸
697 1039 889 1080 vesperna.’

187 1090 318 1121 Eodem
344 1090 442 1120 modo
470 1091 558 1130 apud
586 1096 720 1122 veteres
747 1092 889 1123 Graeeos

188 1141 321 1180 δεῖπνον,
348 1140 437 1181 quod
463 1150 557 1172 coena
576 1151 664 1172 nunc
681 1147 746 1180 est,
764 1141 890 1183 signifi-

187 1190 288 1220 cabat
313 1189 502 1229 prandium,
531 1190 640 1230 δόρπον
671 1197 784 1223 autem
817 1201 889 1222 ves-

188 1240 338 1280 pertinas
383 1241 513 1279 epulas.
570 1241 671 1273 Quod
709 1241 890 1282 splendido

186 1289 360 1320 Theocriti
395 1290 469 1320 loco
501 1291 665 1330 probatur
691 1291 747 1331 qui
775 1296 828 1322 est
857 1292 889 1321 in

187 1339 256 1371 fine
271 1340 452 1379 Ἡρακλισκ.
497 1342 631 1371 Δεῖπνον
645 1341 677 1372 δὲ
696 1340 771 1380 κρέα
785 1341 813 1371 τ’
835 1340 890 1372 ὀπ-

187 1390 240 1428 τὰ,
267 1389 318 1421 καὶ
345 1390 378 1420 ἐν
399 1388 496 1430 κανέῳ
511 1391 612 1429 μέγας
633 1390 725 1431 ἄρτος
745 1390 891 1431 Δωρικός.

188 1440 356 1480 ἀσφαλέως
370 1452 404 1471 κε
417 1441 622 1481 φυτοσκάφον
630 1442 722 1482 ἄνδρα
735 1442 891 1482 κορέσσαι.

188 1492 291 1533 Αὐτὰρ
307 1492 353 1522 ἐπ’
370 1492 464 1530 ἄματι
486 1493 595 1524 τυννὸν
613 1493 685 1524 ἄνευ
702 1494 794 1534 πυρὸς
809 1494 891 1524 αἴνυ-

188 1553 226 1572 το
252 1541 375 1581 δόρπον.
420 1543 462 1574 Id
490 1549 565 1575 est:
592 1545 765 1576 Prandium
789 1548 892 1575 autem

187 1603 296 1624 carnes
317 1596 430 1624 assatae
454 1598 485 1624 et
506 1595 640 1633 grandis
655 1604 670 1625 e
686 1595 822 1625 canistro
837 1605 891 1634 ρα-

188 1643 238 1673 nis
262 1644 412 1679 Doricus,
438 1645 490 1684 qui
506 1645 606 1682 facile
630 1645 724 1676 etium
739 1645 894 1683 fossorem

188 1693 305 1724 satiare
319 1697 434 1734 posset.
485 1695 599 1726 Verum
604 1695 702 1737 finito
717 1696 768 1727 die
783 1696 895 1726 exilem

189 1742 303 1782 ubsque
325 1744 399 1782 igne
424 1745 562 1775 sumebat
585 1756 711 1776 coenam.
759 1746 824 1776 Sed
852 1746 895 1776 de

190 1793 253 1823 hoc
270 1794 360 1833 apud
377 1794 486 1833 ipsum
502 1795 736 1834 Theocritum,
752 1796 779 1826 si
795 1806 895 1826 cona-

191 1848 245 1873 tus
274 1847 406 1874 nostros
434 1854 535 1884 porro
571 1851 771 1885 promoveat
800 1847 894 1877 Deus

191 1897 265 1933 opt.
282 1902 371 1924 max.
396 1893 496 1925 Idem.

235 1946 246 1961 Β
271 1942 449 1984 Coenacula]
464 1944 664 1983 Superiores
682 1945 804 1976 aedium
820 1956 895 1986 par-

193 1997 258 2033 teS,
275 1993 364 2034 quod
382 1994 428 2024 ibi
444 2000 629 2026 caenarent.
663 1995 777 2028 Gloss.
799 1997 808 2014 ‘
822 1998 896 2028 Cae-

192 2043 381 2081 naculum,v
402 2044 563 2084 ὑπερῷον]
622 2045 708 2077 Inde
744 2047 892 2077 Ennius:

192 2093 202 2109 ‘
216 2093 399 2124 Caenacula
414 2095 562 2125 maxima
577 2095 680 2127 coeli.'
732 2097 894 2127 Coenacu-

192 2143 262 2173 lum
293 2152 390 2174 suum
427 2144 474 2175 sic
512 2145 677 2176 describit
714 2146 896 2177 Martialis,

193 2194 263 2224 “Et
293 2193 393 2224 scalis
424 2194 539 2226 habito
565 2195 686 2236 tribus,
713 2195 771 2226 sed
797 2195 897 2226 altis!

193 2243 290 2274 Infra
305 2244 483 2284 legendum
508 2247 588 2285 quod
603 2246 696 2277 scalis
715 2246 899 2277 scanditur.-

196 2294 330 2333 putavit
353 2296 508 2326 coenaculn
531 2295 627 2327 dicta
651 2297 744 2337 quasi
769 2297 899 2327 scanda-

195 2345 278 2383 cn!a‚
310 2345 390 2384 quia
419 2347 583 2386 scriptum
618 2352 692 2377 erat
718 2348 900 2378 scoenucula.

197 2393 363 2432 Ignorans
393 2395 525 2426 scilicet
555 2396 698 2427 Sabinos
727 2397 900 2427 scoenacula

198 2443 315 2474 dicere
347 2454 409 2483 pro
432 2447 597 2485 caenacula,
623 2452 659 2477 ut
687 2448 810 2478 scoelum
838 2458 899 2487 pro

196 2495 316 2530 coelum,
353 2504 443 2525 scena
482 2505 542 2534 pro
576 2507 674 2538 coenu,
706 2503 742 2528 et
766 2498 898 2528 similia.

199 2543 291 2574 Vide
308 2545 317 2561 ‘
333 2545 493 2576 scensas.'
517 2546 614 2577 Idem.

244 2597 254 2615 ῑ
277 2596 551 2637 Caerimoniurum]
589 2600 685 2629 Cer-us
708 2600 814 2630 veteri
840 2600 901 2629 lin-

203 2655 268 2685 gua
291 2652 439 2682 sanctus,
456 2657 475 2677 a
494 2657 560 2688 quo
585 2649 773 2681 Cerimonz'a.
818 2650 865 2680 Ut
883 2659 902 2679 a

200 2697 210 2712 ‘²
226 2698 388 2733 sanctus?
419 2699 427 2715 ‘
444 2699 684 2730 sanctimonia:
700 2700 707 2712 ’
733 2705 768 2731 et
785 2701 901 2741 mysti-

943 898 1020 920 cum
1037 893 1111 920 erat
1128 898 1249 920 nomen
1261 889 1341 922 Jani
1357 890 1366 907 ‘
1381 890 1487 921 Cetus
1504 898 1621 920 manus
1636 887 1641 899 '

945 940 978 970 in
995 939 1140 971 carmine
1156 939 1290 971 Saliari.
1335 939 1498 973 Quamvis
1511 944 1546 970 et
1561 939 1642 970 Cre-

945 994 1021 1021 ator
1043 990 1152 1021 bonus
1182 994 1375 1031 exponatur
1398 1000 1417 1021 a
1440 989 1641 1030 quibusdam

944 1041 1130 1072 veteribus.
1174 1041 1337 1072 Nonnulli
1368 1051 1387 1071 a
1412 1041 1539 1072 Cerere
1566 1039 1644 1070 ceri-

943 1091 1073 1122 monins.
1099 1091 1289 1131 Propterea
1306 1090 1515 1123 Glossarium
1533 1101 1539 1118 :
1560 1094 1568 1106 ‘
1582 1090 1644 1121 Ce-

945 1141 1098 1179 rimonia,
1116 1139 1287 1181 δημήτρια.’
1309 1141 1379 1171 Jos.
1396 1140 1479 1171 Scal.

990 1191 1263 1231 Caerimoniarum]
1291 1191 1442 1231 Scaliger
1464 1189 1605 1221 deducit
1626 1198 1645 1219 a

945 1251 1043 1277 cerus,
1058 1241 1090 1272 id
1107 1247 1171 1279 est,
1187 1245 1336 1275 sanctus,
1353 1246 1389 1272 ut
1402 1241 1475 1280 ipse
1492 1239 1644 1280 exponit,

945 1292 1004 1323 sed
1021 1295 1138 1323 contra
1155 1291 1293 1322 Festum
1316 1291 1373 1333 qui
1396 1300 1484 1322 cerus
1509 1294 1646 1321 creator

945 1342 1208 1382 interpretatur,
1234 1341 1324 1382 quod
1346 1341 1373 1371 si
1400 1341 1448 1372 ita
1469 1341 1524 1376 sit,
1549 1344 1586 1370 ut
1611 1344 1647 1370 et

946 1401 983 1423 re
1013 1401 1094 1423 vera
1124 1396 1187 1430 est,
1217 1391 1294 1422 iude
1322 1390 1500 1422 coerimom'a
1525 1398 1646 1420 nornen

946 1441 1118 1482 accepisse
1135 1451 1201 1472 non
1219 1445 1345 1482 potest.
1393 1441 1467 1471 Erit
1484 1439 1588 1480 igitur
1603 1438 1646 1468 ab

946 1492 1073 1533 oppido
1094 1493 1184 1524 Coere
1209 1492 1240 1523 in
1264 1491 1389 1523 Tuscia
1413 1500 1479 1521 non
1504 1490 1603 1529 longe
1628 1498 1647 1518 a

945 1543 1147 1584 Tarquiniis,
1185 1542 1274 1584 quod
1312 1541 1498 1573 sacrarium
1531 1538 1647 1580 populi

948 1595 1044 1626 Rom.
1081 1593 1302 1625 diversorium
1335 1591 1570 1629 sacerdotum,
1609 1598 1647 1620 ac

949 1646 1174 1676 Romanorum
1197 1652 1368 1675 sacrorum
1393 1640 1648 1681 receptaculum

948 1700 1049 1725 vocat
1081 1694 1207 1725 Livius.
1264 1693 1352 1723 Vide
1379 1691 1493 1723 Strab.
1525 1690 1582 1721 lib.
1613 1698 1648 1720 v.

948 1744 1015 1776 Alii
1027 1755 1046 1775 a
1059 1746 1172 1775 Cerere
1187 1743 1397 1775 caerimoniam
1413 1742 1545 1780 dicunt,
1559 1740 1650 1772 unde

948 1800 984 1827 et
1013 1796 1045 1826 in
1075 1795 1189 1826 Gloss.
1219 1794 1447 1832 ‘caerimonia‚
1476 1791 1652 1832 δημήτρια.’

950 1845 1097 1877 Quidam
1120 1855 1138 1875 a
1150 1845 1295 1884 caritate,
1310 1849 1348 1875 ut
1364 1845 1486 1875 Festus
1503 1843 1653 1883 subjicit,

949 1895 982 1926 id
998 1900 1062 1934 est,
1080 1905 1098 1925 a
1112 1895 1272 1929 carendo,
1294 1894 1382 1925 sicut
1399 1895 1431 1925 in
1449 1893 1651 1924 caerimoniis

949 1957 1022 1978 esse
1039 1946 1197 1977 dicuntur
1219 1946 1276 1987 qui
1300 1946 1403 1977 certis
1428 1945 1527 1976 rebns
1550 1944 1652 1975 absti-

952 2001 1046 2036 nent,
1075 2001 1112 2027 ut
1136 1994 1224 2026 infra
1250 1996 1283 2025 in
1308 1996 1318 2012 ‘
1334 1993 1596 2035 purimenstrio‚'
1613 1997 1649 2023 et

950 2046 1033 2077 illud
1065 2051 1201 2085 etymon
1242 2045 1431 2085 probavere
1466 2043 1653 2074 Massurius

949 2096 1093 2128 Sabinus
1110 2095 1199 2137 apud
1216 2095 1363 2126 Gellium
1380 2094 1440 2125 lib.
1461 2103 1509 2124 1v.
1527 2104 1602 2132 cap.
1619 2097 1650 2124 9.

951 2145 1109 2177 Macrob.
1139 2145 1195 2175 lib.
1222 2154 1280 2176 ιιι.
1307 2154 1383 2184 cap.
1408 2147 1438 2174 3.
1469 2143 1650 2183 Augustini.

952 2194 1010 2226 lib.
1026 2204 1066 2225 11.
1084 2197 1222 2225 retract.
1238 2203 1313 2234 cap.
1330 2195 1382 2225 37.
1399 2198 1434 2224 et
1451 2193 1575 2224 Isidor.
1593 2192 1651 2222 lib.

952 2254 1003 2277 v1.
1019 2255 1094 2286 cap.
1113 2245 1172 2275 ult.
1196 2244 1276 2275 Duc.

996 2301 1010 2316 ¹¹
1036 2295 1158 2335 Coesar]
1192 2295 1202 2311 ‘
1220 2295 1283 2326 Vel
1310 2295 1352 2325 ab
1383 2294 1565 2334 elephanto
1596 2293 1653 2334 qui

953 2345 1082 2377 Mauris
1114 2345 1229 2376 Caesar
1266 2344 1405 2383 dicitnr,
1434 2345 1488 2375 vel
1517 2354 1535 2374 a
1565 2353 1653 2374 caeso

953 2396 1069 2427 matris
1086 2400 1199 2434 utero,
1216 2395 1269 2426 vel
1286 2405 1305 2426 a
1318 2394 1481 2434 Caesarie,
1498 2395 1550 2424 vel
1563 2393 1653 2435 (μιοά

953 2447 1061 2478 oculis
1075 2439 1214 2477 caesiis.’'
1247 2446 1420 2486 Spartian.
1436 2445 1468 2476 in
1487 2444 1573 2475 AElio
1589 2444 1653 2474 Ve-

955 2507 1004 2528 ro.
1049 2497 1265 2528 Postremum
1289 2501 1428 2536 etymon
1454 2504 1588 2535 prorsus
1605 2493 1654 2523 in-

955 2553 1092 2588 eptum:
1117 2546 1302 2578 secundum
1325 2546 1422 2576 multi
1446 2545 1654 2584 amplectun-

957 2603 1024 2636 tur,
1041 2597 1128 2639 quod
1147 2597 1174 2627 si
1192 2606 1319 2636 verum,
1337 2594 1523 2635 putandum
1539 2600 1602 2631 est,
1620 2593 1654 2623 id

957 2657 1078 2679 nomen
1094 2647 1269 2686 accepisse
1285 2645 1451 2687 quendam
1466 2654 1506 2673 cx
1523 2644 1654 2683 majori-

958 2699 1019 2730 bus
1033 2697 1338 2738 i111peratoris‚non
1352 2696 1460 2737 ipsum
1474 2696 1653 2736 imperato-
