1835 2906
170 111 255 154 574

612 115 761 148 SEXTt
795 114 997 146 POMPEH
1033 113 1172 144 FESTI

226 218 416 271 quarta:
448 216 688 267 postquam
717 214 925 252 nautas¹2
955 222 1013 250 ex
1041 208 1231 251 navibus
1261 207 1421 249 eduxi:
1452 220 1540 249 non
1560 221 1618 249 ex

225 282 452 330 militibus,
493 283 625 334 atque
665 279 810 321 nautis
849 277 1097 330 piscatores
1137 279 1375 328 penatores
1416 274 1618 315 ficiseda-

230 363 327 391 rum
341 355 371 379 ¹³
402 348 515 389 dedi.

176 417 374 459 Pendere
387 414 403 439 b
421 429 592 470 poenas,
609 415 776 456 solvere
796 410 1029 465 significat,
1043 411 1099 452 ab
1115 424 1168 452 eo
1190 409 1311 464 quod
1332 422 1420 451 aere
1440 410 1620 463 [PAUL.

232 484 353 538 gravi
388 497 484 525 cum
519 487 742 524 uterentur
776 480 984 530 Romani,
1020 492 1157 534 penso
1179 491 1250 528 eo,
1269 491 1358 519 non
1378 482 1621 528 numerato,

233 553 429 593 debitum
445 552 688 592 solvebant.
725 548 853 589 Unde
869 548 1001 588 etiam
1019 547 1247 601 pensiones
1265 545 1414 587 dictae.
1452 545 1621 586 Poenas

232 620 420 674 pendere
457 619 631 673 proprie
667 617 843 668 dicitur,
876 616 949 670 qui
972 615 1030 656 ob
1051 615 1258 656 delictum
1279 612 1511 667 pecuniam
1534 612 1623 654 sol-

233 688 311 738 vit,
333 688 438 742 quia
458 699 596 740 penso
618 697 703 727 aere
722 681 966 727 utebantur.

635 758 722 795 oe.c
784 785 796 797 .

785 850 795 860 .
854 783 927 861 obl

1457 749 1624 803 [FEST.

506 920 516 929 .
787 917 796 926 .
853 891 965 928 ntur.

178 954 370 1000 Penemd
402 955 574 1010 antiqui
602 955 759 997 codam
781 955 1015 1004 vocabant,
1037 967 1065 995 a
1085 966 1170 1008 qua
1191 952 1455 1008 antiquitate
1476 951 1627 993 etiam·

783 1072 920 1085 ccccccc

924 1071 1019 1084 ccccc

224 1168 264 1198 12
288 1165 368 1197 Vet.
385 1164 460 1196 cod.
475 1164 638 1196 nativitas.
681 1163 743 1194 Vir
766 1162 861 1194 doct.
885 1163 919 1193 in
942 1171 1052 1202 marg.
1069 1160 1337 1201 ed.Scal.eonj.
1360 1159 1495 1191 navitas.
1539 1157 1629 1190 Vide

183 1209 388 1242 Notas.-13
413 1208 475 1239 Vir
492 1208 584 1239 doct.
603 1208 637 1238 in
654 1216 760 1248 marg.
778 1206 833 1238 ed.
848 1205 1038 1246 Scahconj.
1054 1204 1204 1246 ficedula.

831 1313 978 1346 NOTAE

184 1403 273 1435 male
297 1407 461 1444 penatores
477 1412 538 1444 pro
561 1406 722 1434 venatores
748 1401 883 1442 legeba-

183 1460 252 1486 tur.
295 1455 336 1485 Id
362 1454 472 1485 innuit
499 1463 563 1485 vox
589 1454 785 1493 piscatores.-
807 1452 884 1492 lege

185 1505 299 1537 modo.
349 1505 418 1536 Pro
434 1504 654 1546 ficisedarum,
679 1503 769 1544 quod
793 1511 886 1533 mon-

183 1560 291 1587 strum
308 1560 373 1595 est,
389 1555 525 1596 legebat
543 1556 616 1586 Ful.
632 1556 712 1586 Urs.
737 1554 812 1586 Feci
832 1555 886 1584 sed

182 1607 283 1639 cibum
296 1607 379 1638 dedi.
422 1607 496 1647 Ego
513 1606 652 1647 propius
680 1604 720 1636 ad
737 1605 885 1645 scriptu-

184 1668 269 1698 ram,
286 1659 339 1689 sed
353 1667 463 1689 aurum
477 1657 562 1689 aedi.
604 1655 665 1689 Ait
688 1656 787 1691 Cato,
801 1657 886 1696 post-

185 1718 275 1749 quam
302 1711 414 1739 nautas
437 1718 476 1739 ex
496 1707 627 1738 nai-ibus
650 1707 758 1747 eduxi,
774 1716 833 1737 non
847 1715 886 1736 ex

185 1758 338 1790 militibus
360 1763 450 1799 atque
464 1758 571 1790 nautis
587 1758 655 1796 seci
668 1758 840 1798 piscatores
855 1760 886 1788 et

184 1812 360 1848 venatores,
379 1809 443 1840 hoc
459 1813 523 1848 est,
547 1818 613 1840 non
631 1808 679 1840 eis
696 1808 780 1848 dixi,
807 1813 844 1839 ut
859 1808 886 1839 si

187 1858 291 1890 edere
323 1860 461 1896 vellent,
492 1860 544 1891 vel
572 1859 802 1900 piscarentur,
833 1859 886 1890 vel

188 1914 406 1949 venarentur,
432 1909 492 1941 sed
517 1910 564 1941 eis
580 1910 693 1941 cibum
716 1910 810 1949 dedi,
835 1910 888 1941 vel

189 1969 307 1991 aurum
333 1970 402 2001 quo
426 1960 537 1991 cibum
568 1965 749 2001 pararent:
784 1970 888 2002 quare

190 2014 287 2042 certa
302 2015 354 2041 est
370 2011 571 2051 conjectura
586 2021 672 2043 mea.
695 2011 776 2042 Dae.

229 2061 244 2082 b
268 2062 426 2104 Pendere]
461 2061 552 2094 Vide
577 2067 586 2080 ⁸
603 2062 890 2104 Dispensatores.’

190 2110 267 2142 Ant.
281 2110 367 2152 Aug.

233 2167 247 2183 ὓ
269 2183 380 2194 ......
389 2163 440 2204 oe]
484 2163 628 2194 Pendere
655 2174 763 2204 poenas
792 2164 829 2193 de
857 2174 891 2194 eo

188 2213 315 2253 proprie
338 2214 482 2245 dicebant
496 2216 550 2254 qui
570 2214 607 2245 ob
631 2215 777 2245 delictum
798 2223 889 2254 pecu-

194 2262 281 2293 niam
307 2263 412 2303 solvit,
435 2263 508 2303 quia
533 2273 627 2304 penso
647 2274 709 2294 aere
736 2264 809 2295 olim
824 2266 891 2294 ute-

191 2311 315 2345 bantur.
361 2314 407 2345 Et
433 2314 481 2345 ita
504 2318 622 2355 postea
645 2314 770 2345 Sched.
792 2314 892 2345 Glos-

192 2372 257 2393 sar.
302 2363 440 2405 ‘pendo
479 2374 612 2406 poenas,
641 2363 727 2396 δίκας
757 2363 891 2395 τιννύω.’

196 2413 279 2446 Dae.

237 2466 251 2486 ‘¹
276 2467 406 2507 Penem]
432 2469 549 2500 Codam
584 2479 646 2510 pro
679 2469 788 2500 Gauda
814 2477 891 2499 usos

198 2516 340 2548 Veteres
370 2523 466 2550 notat
512 2520 699 2551 Marcellus
747 2518 892 2550 Nouius.

194 2566 283 2597 Vide
309 2566 509 2600 ‘Octoben’
552 2571 597 2601 Et
625 2569 667 2601 de
695 2570 759 2600 hoc
788 2567 893 2600 verbo

198 2617 321 2648 Cicero
338 2618 436 2658 epist.
460 2622 514 2650 22.
529 2619 590 2651 lib.
605 2629 658 2651 ix.
689 2619 779 2650 Vide
804 2620 812 2636 ‘
829 2619 893 2650 Pe-

198 2667 314 2699 niculi'
329 2671 365 2700 et
387 2668 397 2686 ‘
410 2668 595 2701 Penitam.’
616 2670 694 2702 Ant.
709 2671 793 2709 Aug.

980 1399 1112 1440 Penem]
1135 1400 1263 1430 Versus
1285 1397 1410 1435 Naevii,
1444 1395 1631 1427 leviuscule

936 1450 1171 1486 contaminati,
1198 1449 1247 1480 ita
1271 1449 1338 1489 legi
1364 1447 1514 1479 debent:
1537 1447 1632 1477 Theo·

937 1502 1043 1532 dotum
1071 1501 1230 1541 compella,
1254 1500 1307 1540 qui
1330 1499 1397 1530 aris
1419 1496 1634 1537 compitalibus

936 1551 1054 1583 Sedens
1082 1552 1116 1582 in
1143 1551 1231 1582 coella
1261 1550 1460 1581 circumtecta
1482 1546 1635 1587 tegetibus

936 1603 1035 1635 Lares
1050 1603 1188 1634 ludentes
1200 1601 1272 1642 peni
1284 1601 1392 1642 pinxit
1407 1599 1519 1631 bibulo.
1542 1596 1634 1630 Quid

937 1654 982 1685 sit
998 1653 1094 1694 penis
1121 1652 1277 1689 bubulus,
1294 1651 1371 1682 vide
1396 1650 1429 1681 in
1454 1649 1634 1690 Conjecta-

936 1704 1031 1743 neis3
1057 1713 1135 1735 nam
1169 1704 1259 1734 male
1283 1703 1529 1742 interpretatur
1554 1699 1634 1729 Fes-

937 1760 1003 1787 tus.
1050 1755 1174 1786 ‘Caena
1191 1752 1299 1795 pura,'
1323 1761 1422 1794 quam
1437 1755 1549 1790 vocat,
1571 1753 1639 1789 est,

938 1814 1003 1847 qua
1032 1804 1275 1845 fungebantur,
1302 1813 1378 1835 cum
1409 1802 1442 1833 in
1463 1806 1556 1833 casto
1584 1809 1636 1830 es-

938 1861 1026 1888 sent.
1078 1856 1311 1888 Glossarium:
1371 1854 1381 1871 ‘
1396 1853 1501 1885 Caena
1541 1860 1637 1892 pura,

941 1906 1188 1948 προσάββατον,’
1223 1904 1411 1936 imitatione
1435 1902 1638 1939 Gentilium,

940 1957 1138 1998 παρασκευὴν
1148 1956 1347 1990 Judaeorum
1364 1955 1411 1986 ita
1426 1957 1538 1984 vocat.
1567 1952 1637 1983 Jos.

940 2009 1026 2040 Scal.

984 2061 1101 2091 Penem
1115 2057 1252 2099 antiqui]
1277 2056 1386 2096 Penis,
1402 2053 1520 2088 canda,
1546 2051 1637 2093 quod

942 2111 984 2142 ab
1011 2107 1367 2149 animali‘dependet3
1394 2104 1471 2136 iude
1497 2108 1639 2145 propter

943 2161 1198 2192 similitudinem
1226 2159 1396 2201 peniculus,
1420 2165 1496 2187 nam
1521 2153 1638 2186 caudis

941 2211 983 2242 ad
999 2210 1228 2251 extergendas
1252 2218 1398 2247 mensas,
1415 2212 1451 2238 et
1466 2205 1641 2237 excutien-

942 2263 1021 2293 dum
1039 2263 1213 2303 pulverem
1230 2262 1377 2292 Veteres
1389 2257 1588 2291 utebantur,
1602 2258 1641 2286 ut

942 2323 1002 2344 nos
1029 2313 1197 2354 hodieque
1235 2311 1371 2342 utimur.
1432 2308 1473 2339 Iu
1503 2307 1640 2339 Moreto

942 2365 1097 2405 virgilii:
1134 2361 1337 2395 ‘Perverrit
1372 2358 1481 2391 cauda
1517 2357 1643 2394 silices,

942 2415 1174 2456 gremiumque
1189 2410 1376 2444 molarum!
1420 2408 1516 2440 Infra
1537 2411 1641 2438 ‘cena

943 2464 1052 2507 pura‚’
1068 2475 1167 2506 quam
1191 2464 1313 2495 Festus
1340 2466 1452 2497 vocat,
1476 2462 1541 2497 est,
1564 2466 1639 2488 cum

944 2518 977 2548 in
993 2521 1089 2548 casto
1108 2521 1235 2553 essent,
1259 2518 1295 2544 et
1311 2512 1443 2553 puriter
1459 2507 1641 2540 faciebant.

946 2569 1072 2599 Versus
1091 2565 1203 2599 Naevii
1223 2565 1347 2595 leviter
1363 2559 1541 2593 deformati
1557 2569 1565 2594 ;
1593 2556 1641 2586 sic

946 2618 1072 2658 optime
1086 2616 1175 2647 Scal.
1223 2614 1409 2645 Theodotum
1421 2608 1575 2648 compella,
1592 2607 1643 2645 qui

946 2669 1011 2700 aris
1026 2666 1239 2708 compitalibus
1262 2664 1378 2697 Sedens
1403 2661 1435 2691 in
1464 2659 1551 2691 coella
1580 2657 1642 2689 cir·
