1835 2906
341 145 403 174 DE
441 145 462 172 V
475 142 708 174 ERBORUM

745 140 1147 173 SlGNlFICATlONE
1184 141 1276 169 [ΑΒ.
1314 139 1415 169 vul.

1530 128 1616 170 303

227 239 343 292 quod
367 242 432 279 est
454 238 664 292 antiquae,
686 243 732 278 et
750 236 986 290 pastoralis
1007 235 1110 276 vitae
1132 235 1342 276 indicium
1360 247 1371 276 ε
1402 247 1518 284 nam,
1539 235 1616 287 qui

225 308 269 347 in
298 313 423 360 prato
454 319 580 347 cursu
613 309 687 347 aut
715 305 879 345 viribus
912 303 1251 351 contendebant,
1293 316 1392 343 cum
1422 302 1617 355 superati

229 378 365 424 erant,
397 387 454 414 ex
475 387 527 414 eo
549 374 661 422 solo,
681 373 727 413 in
756 384 843 425 quo
870 375 1089 411 certamen
1111 373 1217 420 erat,
1251 369 1502 422 decerptam
1522 369 1617 409 her-

230 442 331 482 bam
353 441 602 482 adversario
624 439 867 481 tradebant.

175 508 375 549 Herbilis
389 513 406 536 y
427 522 567 558 anser,
590 509 723 549 herba
744 510 912 560 pastus,
935 505 1011 559 qui
1034 504 1237 557 gracilior
1252 502 1269 526 ⁶
1296 506 1361 544 est
1382 516 1513 556 quam
1532 502 1619 544 sru-

230 584 382 617 mento
406 577 538 617 altus.

176 644 379 684 Herceus
393 650 408 674 7
429 644 628 697 Jupiter²
662 644 776 683 intra
797 643 1057 694 conseptum
1079 639 1237 680 domus
1273 638 1486 692 cujusque
1506 637 1620 678 cole-

231 712 375 757 batur,
397 723 528 764 quem
548 711 678 750 etiam
703 710 848 750 Deum
873 707 1143 761 penetralem
1164 706 1464 761 appellabant.

176 778 391 819 Hercules
404 783 419 798 ³
439 778 690 830 astrologus
712 777 872 826 dictus,
888 775 1004 829 quod
1021 789 1075 817 eo
1098 776 1167 826 die
1190 789 1236 816 se
1251 773 1436 816 fiammis
1456 772 1620 828 injecit,

231 858 317 899 quo
337 845 483 886 futura
504 849 597 887 erat
616 845 867 886 obscuratio
890 843 1012 885 solis.
1144 832 1151 839 '

779 962 897 975 ‘‘‘‘‘‘

902 964 996 975 eeeee
1001 963 1020 974 o

218 1044 239 1071 6
262 1041 331 1072 Pro
347 1041 497 1080 gracilior
512 1042 646 1082 quidam
661 1043 834 1080 grandior:
860 1042 956 1077 male,
974 1045 1136 1073 censente
1153 1042 1306 1074 Dac.—-7
1332 1040 1387 1071 Al.
1404 1038 1550 1071 Herc-ius„

833 1148 972 1180 NO'rAE

178 1233 240 1264 ego
267 1233 341 1255 eum
367 1224 468 1255 etiam
494 1234 582 1256 nunc
599 1225 722 1257 durare
740 1226 772 1256 in
789 1227 873 1257 Vas-

177 1274 275 1305 conia
302 1279 395 1305 certo
419 1276 499 1306 scio.
545 1277 588 1307 Et
612 1276 690 1307 inde
707 1277 873 1316 originem

178 1325 321 1355 traxisse
338 1324 497 1363 arbitror,
525 1325 613 1366 quod
638 1336 713 1357 cum
730 1326 874 1367 primum

178 1385 299 1416 pugnae
329 1384 435 1416 genus
463 1376 552 1416 apud
572 1377 738 1418 antiquos,
754 1382 874 1417 utpote

178 1430 342 1464 pastores,
373 1426 465 1456 lucta
492 1425 606 1462 fuerit,
631 1427 752 1461 victus,
778 1433 814 1458 ut
840 1436 876 1457 se

180 1481 304 1506 terram
322 1476 476 1516 tetigisse
493 1477 704 1516 ostenderet,
727 1482 762 1508 et
777 1477 824 1508 ita
840 1487 876 1509 se

179 1526 278 1566 plane
295 1527 457 1557 minorem
471 1526 650 1567 fateretur,
664 1528 785 1558 victori
801 1529 875 1558 her-

177 1577 254 1607 bam
271 1586 313 1607 ex
326 1577 444 1608 eodem
462 1578 537 1608 loco
553 1577 749 1617 decerptam
768 1578 875 1618 porri-

180 1627 299 1667 gebat3
313 1637 422 1667 neque
437 1628 526 1659 enim
538 1628 645 1658 victor
658 1628 685 1657 is
699 1627 766 1657 dici
781 1632 875 1667 pote-

181 1683 246 1716 rat,
262 1677 324 1708 nisi
341 1678 451 1709 victus
469 1677 650 1717 fateretur,
663 1682 697 1708 et
713 1679 875 1708 victorem

181 1733 393 1766 agnosceret.
438 1728 586 1758 Ennius:
603 1728 611 1743 ‘
628 1728 694 1760 Qui
713 1728 793 1759 vicit
810 1737 877 1758 non

180 1783 232 1808 est
250 1778 370 1815 victor,
395 1778 458 1808 nisi
487 1777 589 1808 victu’
615 1777 766 1810 fatetur?
810 1778 877 1810 Sed

181 1832 301 1867 postea
330 1827 412 1857 illud
438 1827 480 1858 ad
511 1828 577 1858 alia
608 1828 813 1864 traductum,
842 1834 877 1860 et

179 1880 188 1893 ⁶
202 1878 340 1909 herbam
365 1878 470 1914 dare,'
487 1889 547 1919 pro
566 1889 601 1910 se
625 1880 749 1911 victum
765 1880 878 1916 fateri,

181 1928 307 1959 dictum
324 1934 387 1960 est.
432 1929 518 1960 Inde
536 1930 686 1961 Nonius:
702 1932 711 1948 ⁴
728 1931 876 1962 Herbam

182 1978 326 2009 Veteres
354 1979 500 2019 palmam
529 1981 581 2011 vel
606 1980 782 2011 victoriam
808 1980 877 2011 dici

182 2027 322 2059 volunt.'
365 2029 431 2059 Sed
454 2029 528 2060 baec
552 2031 650 2069 paulo
676 2031 774 2061 aliter
800 2031 878 2062 Ser-

182 2077 253 2108 vius
279 2077 320 2108 ad
348 2078 430 2109 illud
456 2079 687 2112 V111.AEneid.
709 2083 717 2098 ‘
732 2082 776 2112 Et
795 2082 880 2112 vitta

183 2134 311 2159 comtos
344 2129 449 2160 voluit
491 2130 707 2169 praetendere
751 2129 880 2162 ramos?

182 2178 250 2208 ‘Ut
275 2178 307 2208 in
333 2181 426 2219 pacis
444 2179 637 2220 petitione‚’
659 2181 780 2221 iuquit,
803 2183 811 2198 ‘
827 2191 878 2212 ra-

183 2237 255 2258 mus
267 2229 364 2259 olivae
376 2239 451 2260 cum
465 2230 556 2261 vittis
570 2229 789 2270 offerebatur,
804 2241 879 2272 par-

185 2277 243 2307 tim
260 2276 398 2318 fabulae,
416 2279 539 2318 partim
556 2284 688 2310 naturae
706 2279 813 2312 efficit
830 2290 880 2311 ra-

186 2328 244 2358 tio.
292 2327 391 2366 Nam,
415 2339 489 2358 cum
514 2330 556 2360 de
577 2331 711 2361 nomine
728 2330 879 2362 Athena-

186 2387 257 2407 rum
276 2377 456 2417 Neptunus
471 2383 504 2408 et
522 2379 679 2411 Minerva
695 2381 880 2412 contende-

187 2432 278 2466 rent,
309 2432 344 2457 et
366 2427 524 2467 jussisset
548 2429 698 2468 Jupiter,
726 2435 763 2461 ut
790 2431 879 2461 illius

186 2478 321 2508 nomine
339 2478 508 2508 diceretur
524 2478 655 2518 civitas,
680 2480 732 2520 qui
762 2489 880 2511 munus

187 2527 305 2558 melius
321 2527 502 2558 obtulisset
517 2528 722 2568 hominibus,
749 2529 880 2568 Equum

188 2576 384 2617 Neptunus,
399 2577 558 2608 Minerva
576 2577 708 2608 Olivam
726 2580 881 2618 protulit,

188 2631 223 2657 et
239 2627 353 2657 statim
370 2627 463 2659 vicit.
508 2627 620 2667 Unde,
641 2637 716 2659 cum
741 2628 814 2668 ejus
833 2638 881 2659 ra-

189 2685 261 2707 mus
279 2677 377 2709 alicui
396 2676 549 2718 offertur,
573 2678 700 2709 indicat
717 2687 792 2709 eum
809 2688 882 2711 esse

929 1224 1116 1256 meliorem.
1139 1221 1384 1254 Hincestillud
1398 1219 1627 1262 proverbium,

929 1275 1068 1306 herbam
1097 1274 1151 1314 do,
1176 1273 1209 1304 id
1236 1278 1299 1310 est,
1326 1272 1410 1303 cedo
1437 1271 1627 1309 victoriam,

930 1325 1019 1366 quod
1043 1325 1153 1355 Varro
1179 1324 1211 1354 in
1228 1323 1441 1364 antiquarum
1457 1321 1551 1352 libris
1569 1330 1627 1361 po-

931 1375 1002 1406 uit:
1027 1375 1111 1406 Cum
1128 1374 1160 1404 in
1179 1373 1341 1413 agonibus
1356 1371 1491 1402 herbam
1509 1371 1541 1401 in
1558 1380 1626 1401 mo-

931 1426 1009 1456 dum
1038 1425 1156 1464 palmae
1184 1423 1243 1454 dat
1266 1423 1384 1464 aliquis
1400 1422 1445 1460 ei,
1469 1431 1543 1452 cum
1561 1430 1628 1462 quo

931 1475 1140 1506 contendere
1156 1483 1220 1505 non
1238 1474 1345 1513 cupit,
1366 1478 1400 1504 et
1412 1471 1542 1503 fatetur
1555 1480 1627 1502 esse

930 1525 1128 1557 meliorem.’
1157 1526 1244 1556 Haec
1260 1525 1409 1555 Servius.
1438 1523 1505 1554 Sed
1523 1523 1629 1553 multo

931 1577 1048 1608 melius
1066 1577 1196 1607 Festus.
1223 1575 1262 1606 In
1279 1574 1414 1605 Graecia
1429 1578 1542 1604 autem
1560 1582 1630 1603 ma-

931 1637 1003 1667 nus,
1021 1627 1090 1658 sive
1113 1635 1262 1664 manum,
1279 1625 1358 1655 victi
1375 1623 1505 1664 pugiles
1522 1622 1629 1663 porri-

932 1678 1068 1717 gebant.
1126 1676 1297 1707 Theocrit.
1325 1675 1377 1705 Id.
1400 1682 1494 1705 xxu.
1519 1674 1579 1703 πᾶς
1603 1672 1629 1702 δ’

932 1729 981 1759 ἐπὶ
1006 1729 1099 1767 γαῖαν
1128 1727 1213 1757 Κεῖτ’
1247 1724 1478 1766 ἀλλοφρονέων,
1502 1724 1552 1754 καὶ
1577 1723 1629 1754 ἆν-

934 1779 1059 1818 έσχετο,
1077 1779 1175 1808 νεῖκος
1189 1778 1341 1812 ἀπαυδῶνὶ
1361 1774 1551 1815 Ἀμφοτέρας
1568 1774 1630 1813 ἅμα

932 1832 1048 1870 χεῖρας.
1094 1829 1133 1859 Id
1152 1833 1215 1863 est,
1239 1833 1246 1845 ‘
1263 1833 1353 1859 totus
1370 1837 1449 1858 vero
1465 1827 1556 1857 humi
1570 1826 1630 1857 Ja-

934 1881 1034 1913 cebat
1059 1878 1237 1916 exanimis,
1260 1883 1294 1908 et
1321 1877 1528 1918 porrigebat,
1546 1886 1630 1917 pug-

934 1940 986 1961 nae
1004 1928 1213 1968 renuntians,
1232 1926 1359 1958 Ambas
1373 1927 1472 1958 simul
1488 1925 1631 1958 manuS.'

935 1979 1002 2011 Ubi
1019 1979 1097 2009 olim
1116 1979 1224 2018 plura.
1252 1977 1333 2007 Dae„

974 2036 987 2057 y
1029 2027 1185 2067 Herbilz's]
1231 2027 1391 2058 Lucillius
1411 2038 1418 2056 :
1457 2032 1465 2045 ⁴
1489 2026 1630 2058 Anseris

933 2080 1071 2111 herbilis
1086 2081 1198 2110 virus!
1236 2078 1370 2109 Citatur
1384 2077 1417 2108 in
1430 2076 1630 2118 fragmentis

933 2129 1055 2161 Servii.
1077 2130 1144 2159 Jos.
1161 2127 1245 2158 Scal.

978 2179 1121 2211 Herbilis
1149 2176 1256 2216 anser]
1296 2177 1449 2208 Lucilius
1482 2177 1516 2207 in
1540 2176 1630 2216 frag·

934 2231 1057 2261 mentis
1077 2230 1182 2260 Servii
1200 2240 1208 2260 :
1231 2230 1241 2245 ⁶
1255 2228 1394 2259 Anseris
1421 2228 1557 2259 herbilis
1583 2228 1630 2257 vi-

935 2280 1013 2312 rus!
1037 2281 1117 2310 Duc.

976 2337 988 2352 2
1013 2328 1304 2369 HerceusJupiter]
1326 2328 1382 2360 Sic
1399 2327 1523 2363 dietus,
1540 2327 1630 2368 quod

933 2382 1021 2412 intra
1037 2385 1236 2420 conseptum
1261 2379 1437 2419 parietem,
1463 2379 1517 2420 qui
1542 2377 1632 2417 ἕρκος

935 2431 1073 2469 dicitur,
1105 2430 1293 2461 colebatur.
1360 2428 1463 2459 Ovid.
1505 2428 1538 2458 in
1578 2428 1631 2458 Ib.

935 2482 943 2498 ‘
959 2481 1022 2511 Cui
1048 2480 1127 2510 nibil
1151 2478 1266 2509 hercei
1289 2476 1416 2518 profuit
1433 2487 1492 2508 ara
1510 2477 1633 2509 Jovis?

933 2529 1086 2568 Ideoque
1100 2525 1362 2562 ‘Domesticus,'
1384 2531 1392 2546 ‘
1405 2526 1579 2566 Cortalis‚'
1596 2529 1632 2557 et

933 2580 942 2596 ‘
955 2577 1138 2617 Septitius’
1162 2577 1280 2608 Latine
1296 2576 1433 2608 dicitur.
1456 2577 1536 2608 Dae.

978 2634 992 2649 ³
1016 2627 1180 2667 Hercules]
1204 2627 1310 2668 Atqui
1334 2627 1361 2657 is
1379 2637 1415 2657 se
1432 2625 1570 2658 flammis
1585 2625 1633 2656 in-

931 2679 1017 2721 jecit
1035 2688 1121 2710 anno
1137 2683 1215 2710 ante
1228 2676 1398 2709 Christum
1409 2681 1523 2709 natum
1537 2678 1630 2707 1196,
