1835 2906
340 168 402 198 DE
439 165 706 197 VERBORUM
742 159 1147 195 StchFicATioNE
1184 162 1276 191 LIB-
1308 161 1371 191 lv.

140 263 308 312 Dirus,²
330 262 416 304 Dei
437 263 500 303 ira
521 264 662 302 natus.

1499 150 1584 192 2⁶25

140 330 341 371 Dirutum
361 343 446 370 aere
461 334 476 351 ἃ
496 329 678 369 militem
700 325 908 366 dicebant
929 321 1112 375 antiqui,
1144 322 1215 362 cui
1238 321 1499 375 stipendium
1520 321 1582 374 ig-

192 397 396 437 nominiae
420 408 555 437 causa
576 407 660 435 non
686 396 780 433 erat
809 391 982 431 datum:
1014 389 1130 443 quod
1162 401 1226 430 aes
1259 389 1511 430 diruebatur
1540 389 1583 430 in

194 464 362 514 fiscum,
386 477 472 504 non
493 464 536 504 in
557 461 708 502 militis
729 459 971 500 sacculum.

141 532 349 572 Disertim
366 530 381 554 b
402 545 479 584 pro
501 530 661 571 diserte
682 528 888 568 dixerunt
909 525 1091 579 antiqui.

139 598 447 648 Disertiones‚7
461 604 475 620 ⁰
495 597 733 638 divisiones
753 593 1114 647 patrimoniorum
1135 591 1250 632 inter
1271 594 1510 632 consortes.

138 664 371 706 Disertus‘¹
398 679 426 706 a
447 663 702 705 disserendo
724 662 884 704 dictus.

139 733 513 786 Dispensatorese
548 731 670 781 dicti,
704 730 779 784 qui
811 743 873 771 aes
901 733 1133 783 pensantes
1158 726 1480 780 expendebant,
1501 739 1584 766 non

746 837 980 850 ouoeeeoeeeae

180 910 198 938 7
224 907 318 938 Fulv.
337 907 463 938 Ursino
489 906 624 938 videtur
640 905 820 946 legendum
839 904 1046 936 Disortioncs.

791 991 931 1024 NOTAE

181 1064 190 1078 ⁷
215 1059 331 1099 Diras]
354 1058 568 1098 Θεοχόλωτος.
590 1059 658 1089 Jos.
675 1058 757 1089 Scul.

182 1109 297 1149 Diras]
324 1110 475 1140 Nunnius
491 1121 498 1139 z
525 1111 533 1126 ‘
553 1109 673 1140 Dirum
691 1112 744 1138 est
761 1108 836 1139 tris-

138 1164 186 1199 te,
201 1159 373 1198 infestum,
384 1165 416 1190 et
430 1160 522 1200 quasi
536 1161 686 1191 Deorum
701 1158 749 1189 ira
760 1158 835 1189 mis·

138 1210 235 1241 sum.’
267 1211 361 1251 Virg.
391 1210 448 1241 lib.
468 1219 507 1241 11.
534 1208 668 1239 lEneid.
695 1209 704 1226 ‘
721 1207 836 1248 Appa-

137 1265 215 1291 rent
241 1260 322 1291 dirae
352 1259 456 1292 facies
471 1260 492 1289 :¹
516 1264 550 1291 et
577 1259 635 1290 lib.
653 1268 710 1290 111.
743 1259 835 1289 ‘Seu

136 1312 203 1342 sint
219 1311 300 1342 dirae
314 1311 550 1351 obscoenaeque
566 1309 743 1341 volucres!
757 1308 835 1340 Ser-

137 1361 209 1392 vius
233 1370 312 1392 vero
335 1361 382 1391 ait
409 1371 485 1392 esse
510 1371 625 1392 vocem
650 1360 836 1392 Sabinam:

136 1416 145 1429 ⁶
161 1411 300 1449 Sabini‚'
318 1411 437 1452 inquit,
455 1412 463 1428 ‘
479 1416 514 1442 et
532 1411 664 1449 Umbri,
681 1421 755 1451 quae
778 1420 836 1440 nos

136 1462 237 1501 mala,
263 1462 336 1492 dira
360 1461 556 1503 appellant!
601 1461 702 1494 Quod
727 1461 754 1491 si
781 1470 835 1490 ve-

136 1522 209 1543 rum
234 1517 300 1551 est,
324 1512 437 1543 Sabini
464 1513 623 1544 aGraecis
645 1521 833 1552 accepere:

136 1563 223 1593 dirus
245 1563 332 1593 enim
357 1573 375 1594 a
399 1563 506 1603 δεινὸς,
531 1563 653 1603 gravis,
668 1572 688 1594 η
704 1567 834 1593 mutato

136 1612 169 1642 in
186 1623 213 1651 r,
232 1618 382 1653 utsaepe.
400 1613 483 1644 Dac-

181 1667 194 1682 ³
218 1663 371 1694 Dirutum
397 1662 474 1702 ατη-ε]
499 1663 670 1694 Quantum
700 1662 835 1701 conjec-

138 1716 214 1743 tura
248 1713 378 1754 assequi
411 1723 545 1753 possum
576 1712 655 1743 inde
685 1712 834 1743 dirutum

139 1773 206 1793 aere
222 1763 364 1794 militem
387 1763 514 1794 dictum
538 1768 632 1803 puto,
650 1763 728 1803 quia
744 1763 753 1780 ‘
769 1773 836 1793 aere

138 1812 337 1849 exciderat‚’
354 1813 416 1843 lioc
434 1818 497 1852 est,
514 1813 522 1828 ‘
536 1814 687 1853 privatus
702 1811 840 1852 fuerat,’

139 1866 177 1893 ut
202 1863 325 1893 diruere
352 1863 395 1893 sit
418 1873 479 1903 pro
504 1862 648 1902 simplici
674 1873 773 1901 ruere,
801 1862 834 1893 id

138 1918 202 1953 est,
213 1915 332 1944 cadere.
376 1914 486 1944 Varro
502 1913 543 1944 de
556 1913 625 1944 vita
642 1922 721 1953 pop.
739 1914 836 1944 Rom.

138 1965 196 1995 lib.
222 1974 262 1995 ιι.
306 1963 548 2005 ‘Stipendium
588 1963 836 2004 appellabatur,

138 2014 227 2054 quod
245 2024 290 2045 aes
307 2014 404 2045 militi
427 2018 591 2044 semestre
614 2017 673 2044 aut
689 2023 835 2044 annuum

138 2065 308 2102 dabatur;
333 2065 386 2096 cui
405 2064 520 2095 datum
536 2073 601 2095 non
625 2064 679 2102 sit,
697 2068 836 2104 propter

138 2114 354 2155 ignominiam
381 2124 448 2156 aere
472 2114 604 2144 dirutus
627 2113 736 2144 esset!
761 2114 834 2145 Cic.

137 2166 236 2196 Verr.
254 2174 318 2196 vn.
345 2169 353 2182 ‘
369 2164 539 2195 Aleatoris
554 2163 746 2194 Placentini
763 2172 836 2194 cas-

140 2219 195 2246 tra
231 2214 599 2253 commemorabuntur,
641 2213 674 2244 in
714 2213 836 2254 quibus

140 2274 215 2295 cum
230 2264 388 2305 frequens
412 2264 543 2303 fuisset,
559 2268 670 2294 tamen
695 2272 762 2294 aere
786 2263 836 2294 di-

141 2319 236 2345 rutus
253 2314 326 2346 est:
370 2314 410 2345 Id
428 2320 493 2353 est,
509 2324 577 2345 aere
594 2313 734 2346 decidit.
779 2313 836 2345 AEs

139 2370 253 2397 autem
271 2364 425 2396 absolute
449 2375 509 2405 pro
527 2365 641 2396 militis
657 2365 838 2406 stipendio.

140 2416 257 2447 Plaut.
280 2414 395 2447 Aulul.
413 2418 513 2445 111.5.
536 2417 546 2433 ‘
563 2415 617 2445 Ibi
639 2415 682 2445 ad
706 2420 836 2455 postre-

141 2475 230 2498 mum
247 2465 340 2497 cedit
355 2465 458 2500 miles,
476 2475 521 2496 aes
539 2465 638 2505 petit.
683 2466 836 2505 Impran-

142 2528 198 2549 sus
221 2517 317 2548 miles
332 2520 432 2552 astat,
450 2526 494 2547 ως
517 2520 635 2546 censet
657 2514 752 2546 dari.’
789 2517 836 2547 Et

146 2578 191 2600 aes
208 2567 303 2605 illud,
321 2576 385 2607 quo
397 2565 522 2596 milites
535 2565 670 2600 diruti,‘
687 2564 834 2605 resigna-

144 2625 214 2649 tum
228 2618 289 2649 aes'
304 2618 441 2659 proprie
453 2616 638 2647 dicebatur.
681 2615 770 2646 Vide
779 2624 838 2646 suo

144 2671 229 2699 loco.
256 2668 350 2698 Idem.

187 2719 200 2738 b
227 2717 392 2757 Disertirn]
418 2716 645 2747 Planustich.
661 2725 681 2747 Ι.
696 2719 726 2747 3.
740 2714 748 2731 ‘
762 2713 839 2745 Fuit

231 2771 344 2810 Dslph.
367 2774 396 2801 el
419 2772 494 2802 Ver.
522 2769 606 2800 Clas.

889 1056 1054 1093 disertim,
1070 1063 1185 1085 verum
1202 1052 1235 1084 id
1260 1062 1319 1083 usn
1342 1051 1496 1093 perdidi)
1541 1052 1586 1083 Et

890 1107 962 1138 Liv.
986 1108 995 1123 ‘
1011 1106 1128 1146 Tuque
1152 1104 1230 1135 mihi
1255 1108 1391 1134 narrato
1409 1103 1521 1134 omnia
1537 1102 1586 1133 di·

889 1156 1031 1188 sertim.'
1047 1157 1144 1187 Idem.

931 1213 945 1228 ί·
972 1206 1183 1246 Disertiones]
1222 1205 1368 1236 Videtur
1405 1204 1585 1244 legendum

892 1260 1100 1290 Disortiones.
1137 1257 1225 1288 Vide
1243 1255 1330 1287 infra
1346 1256 1378 1286 in
1392 1255 1402 1272 ‘
1420 1256 1587 1294 Erctum,'

891 1315 936 1341 et·
953 1309 1073 1340 Isidor.
1097 1308 1156 1338 lib.
1173 1317 1209 1338 x.
1253 1307 1406 1346 Servius,
1431 1306 1440 1322 ‘
1456 1304 1587 1344 Ercto‚'

890 1360 1011 1401 inquit,
1030 1361 1039 1377 ‘
1055 1368 1120 1390 non
1136 1357 1205 1389 cito
1219 1356 1239 1388 ι’
1266 1357 1287 1388 ἰ.
1300 1355 1516 1397 patrimonio,
1533 1356 1586 1386 vel

890 1412 1091 1442 haereditate
1109 1419 1173 1441 non
1191 1407 1311 1439 divisa.
1333 1407 1402 1438 Ful.
1423 1407 1528 1438 Ursin.

932 1460 1144 1500 Disertiones]
1168 1457 1368 1500 Ἀρχαϊσμὸς,
1388 1466 1449 1497 pro
1473 1456 1586 1487 dissor-

890 1513 998 1543 liones.
1030 1512 1038 1527 ‘
1058 1509 1206 1551 Apello,'
1233 1514 1240 1526 ‘
1260 1506 1407 1548 Apollo!
1453 1506 1586 1538 Glossa-

889 1562 972 1593 rium
988 1573 995 1592 :
1013 1561 1023 1579 ‘
1040 1561 1220 1595 Dissortes,
1232 1554 1510 1597 διακληρωθέντες.’
1527 1556 1589 1586 Est

890 1617 925 1643 et
950 1612 958 1628 ‘
976 1610 1193 1649 Dissortium,
1219 1606 1433 1648 διαχωρισμὸς,
1461 1604 1587 1636 διάστα-

890 1660 960 1692 σις.’
973 1662 1041 1691 Jos.
1058 1660 1141 1691 Scal.

930 1708 1140 1747 Disertiones]
1174 1706 1316 1749 Antiqui
1350 1716 1411 1746 pro
1445 1706 1587 1736 disserti-

886 1773 970 1801 ones,
997 1765 1035 1792 ut
1080 1758 1256 1800 'Apello,’
1300 1759 1308 1775 ‘
1329 1757 1451 1798 Apollo
1466 1756 1487 1787 :’
1521 1766 1588 1787 sors

888 1818 1001 1845 autem
1031 1816 1084 1843 est
1112 1810 1308 1847 haereditas,
1338 1807 1587 1848 patrimonium.

890 1865 1050 1896 Dissortio
1072 1862 1171 1894 sortis
1192 1852 1323 1899 divisio,
1338 1859 1429 1890 inter
1452 1867 1588 1889 consor-

888 1920 951 1955 tes,
969 1913 1003 1945 id
1025 1917 1089 1949 est,
1110 1910 1317 1944 cohaeredes.
1359 1908 1447 1939 Vide
1473 1907 1588 1939 ‘sors.’

888 1964 973 1996 lude
983 1962 1127 1995 dissertio
1140 1972 1202 2002 pro
1217 1959 1448 1992 controversia
1461 1963 1496 1988 et
1508 1967 1588 1989 con-

892 2014 1057 2046 tentione.
1087 2013 1237 2044 Glossar.
1265 2008 1588 2048 ‘dissertio,&p.q>1‹r-

890 2063 1044 2102 βήτησις.’
1069 2063 1150 2094 Dac.

931 2115 947 2136 ἃ
970 2113 1134 2153 Disertus]
1167 2112 1197 2143 A
1228 2108 1436 2142 disserendo.
1481 2106 1588 2139 Disse-

890 2175 958 2197 rere
975 2170 1088 2196 autem
1111 2162 1250 2193 verbum
1275 2164 1329 2191 est
1351 2158 1552 2190 tralatitiuni
1569 2166 1589 2187 a

891 2225 927 2247 re
944 2215 1088 2255 agraria.
1128 2213 1239 2243 Varro
1262 2211 1319 2241 lib.
1336 2219 1371 2240 v.
1397 2209 1406 2225 ‘
1423 2207 1521 2241 Quod
1538 2206 1589 2237 di-

891 2266 1008 2303 cimus,
1038 2263 1174 2295 disserit
1204 2266 1331 2302 partes,
1361 2259 1440 2289 item
1479 2266 1590 2294 areas,

891 2314 1096 2346 translatitio
1112 2320 1208 2352 aeque
1224 2320 1266 2341 ex
1290 2308 1379 2349 agris
1397 2307 1500 2338 verbo
1524 2306 1588 2337 uti-

890 2374 975 2395 mur.
1022 2364 1111 2395 Nam
1124 2366 1161 2392 ut
1174 2360 1275 2390 olitor
1290 2357 1426 2389 disserit
1443 2357 1476 2387 in
1492 2365 1588 2387 areas

891 2414 940 2445 sui
963 2413 1127 2453 cujusque
1153 2408 1285 2451 generis
1309 2417 1374 2448 res,
1390 2407 1438 2438 sic
1461 2407 1494 2437 in
1515 2415 1589 2437 ora-

892 2466 984 2496 tione
1000 2464 1055 2503 qui
1072 2462 1169 2501 facit,
1184 2458 1351 2491 disertus:
1368 2459 1465 2490 Idem.

933 2519 947 2535 θ
971 2511 1223 2553 Dispensatores]
1264 2509 1440 2541 Videndus
1477 2508 1587 2540 Varro

890 2564 950 2596 lib.
973 2573 1022 2595 1v.
1049 2562 1091 2593 de
1116 2562 1210 2601 Ling.
1243 2561 1319 2592 Lat.
1348 2564 1383 2590 et
1410 2558 1499 2590 Plin.
1528 2558 1586 2589 lib.

894 2623 1031 2645 xxxur.
1044 2621 1118 2652 cap.
1133 2614 1163 2642 3.
1189 2610 1274 2640 Vide
1291 2608 1299 2625 ‘
1318 2607 1496 2640 Pendere!
1510 2608 1588 2640 Ant.

894 2665 978 2702 Aug.

937 2710 1187 2753 Dispensatores]
1225 2710 1393 2741 Pecunias
1442 2708 1585 2738 Veteres

759 2768 867 2807 Pomp.
888 2766 969 2797 Fesl.
1472 2761 1501 2791 P
