1835 2906
369 152 432 181 DE
466 150 739 182 VERBORUM

774 149 1180 182 SIGNIFICATIONE
1215 152 1308 180 LlB.
1344 150 1413 180 Xl.

1545 141 1630 182 :395

178 246 412 301 Mapaliaa
433 260 550 289 casae
583 247 820 288 Poenice¹4
855 245 1148 299 appellantur,
1181 247 1223 287 in
1255 246 1416 300 quihus
1447 247 1629 300 [PAUL.

236 316 342 369 quia
360 315 466 355 nihil
489 319 560 355 est
583 315 756 359 secreti,
779 313 894 355 solet
917 312 962 353 id
996 313 1264 354 vocabulum
1301 315 1441 355 solute
1481 315 1630 356 viven-

234 383 350 422 tibus
382 382 531 436 objici‚
566 382 680 423 Cato
712 382 822 423 libro
853 386 1009 435 quarto
1043 381 1296 433 Originum:
1330 382 1533 436 Mapalia
1556 397 1631 424 vo-

236 453 391 490 cantur
417 450 493 490 ubi
530 450 746 499 habitant,
787 463 840 490 ea
877 451 1005 503 quasi
1042 450 1271 491 cohortesc
1292 451 1489 492 rotundae
1514 457 1631 492 sunt.

179 516 408 558 Marculus
430 517 750 559 deminutivum
774 531 801 558 a
822 517 1000 559 Marco.

179 584 473 639 Marspedis,d
503 587 594 627 sive
617 587 709 627 sine
732 585 776 626 R
795 586 922 627 litera
941 585 1176 640 Maspedis
1203 585 1418 640 impreca-
1469 586 1632 638 [Fsss'r.

838 735 978 767 NOTAE

226 837 240 852 ³
264 832 421 874 Mapalia]
449 833 507 864 Ait
524 832 683 864 hominib.
709 833 818 864 solute
837 834 883 864 vi-

184 883 339 914 ventibus
357 884 557 925 exprobrari
585 894 703 915 vocem
730 886 883 925 mapalia.-

182 939 217 964 et
228 944 341 965 verum
351 940 413 966 est.
430 935 885 976 Senecafivroecoaonvvrdmez,

183 986 192 1002 ‘
209 986 304 1026 Ego,'
318 987 442 1028 inquit,
457 988 466 1004 ‘
482 987 521 1019 P.
540 988 578 1018 C.
596 987 806 1027 interrogare
827 997 882 1017 vo-

182 1035 233 1067 bis
266 1039 506 1077 permiseram:
535 1048 592 1069 vos
617 1047 710 1069 mera
737 1038 883 1078 mapalia

182 1085 324 1120 fecistis.
349 1089 432 1119 Volo
445 1089 588 1120 servetis
600 1089 812 1130 disciplinam
827 1099 884 1120 cu-

184 1137 266 1168 riae.’
301 1138 310 1154 (
328 1140 427 1170 Mera
457 1140 603 1181 mapalia
627 1139 796 1171 fecistisz’
821 1140 884 1171 hoc

184 1192 249 1227 est,
266 1198 388 1230 susque
406 1190 516 1232 deque
532 1190 711 1231 habuistis,
727 1196 762 1221 et
780 1190 886 1221 disso-

186 1238 256 1270 lute
272 1240 383 1280 potius
404 1241 544 1281 egistis:
570 1242 621 1271 vel
649 1241 782 1282 potius:
806 1241 887 1280 Vos,

186 1300 204 1321 o
221 1291 328 1332 inepti
342 1298 376 1323 et
390 1293 555 1328 dissoluti,
568 1293 600 1323 id
612 1292 754 1324 fecistis.
783 1293 886 1333 Vide,

185 1342 384 1381 quambene
400 1343 493 1374 locus
505 1344 560 1374 ille
577 1354 616 1374 ex
629 1344 815 1384 Menippea
827 1345 886 1375 Se-

185 1401 279 1422 necae
297 1392 392 1433 hujus
407 1394 473 1425 loci
490 1394 671 1425 collatione
685 1394 887 1429 illustretur,

186 1447 222 1473 et
238 1447 351 1474 tamen
369 1445 499 1480 mirum,
516 1449 678 1486 quantum
696 1445 824 1485 negotii
839 1444 889 1475 fa-

187 1494 290 1525 cessit
316 1495 394 1526 viris
421 1495 635 1531 doctissimis,
666 1495 722 1537 qui
755 1496 787 1526 in
812 1496 888 1527 loco

187 1544 327 1575 Senecae
346 1546 546 1586 exponendo
565 1545 746 1586 plurimum
767 1551 889 1577 aestua-

188 1599 277 1625 runt.
300 1595 368 1626 Jos.
386 1596 469 1627 scal.

232 1646 391 1688 Mapalia]
419 1647 547 1679 Eadem
566 1652 601 1679 et
625 1648 773 1688 magalia.
814 1648 890 1679 Nisi

189 1695 278 1736 quod
298 1696 330 1727 in
353 1698 498 1737 mapalia,
512 1708 561 1728 ma
585 1702 636 1729 est
663 1698 779 1737 breve,
800 1698 889 1739 quod

190 1747 223 1776 in
240 1747 376 1785 magalia
401 1748 610 1788 producitur.
644 1749 740 1789 Virg.
769 1758 816 1780 iv.
834 1749 890 1780 ΑΞ-

191 1797 283 1828 neid.
322 1798 331 1813 ‘
345 1798 393 1829 Ut
409 1799 551 1839 primum
570 1800 667 1830 alatis
692 1800 807 1840 tetigit
824 1810 892 1830 ma-

191 1848 277 1887 galia
309 1849 456 1888 plantis.'
494 1851 538 1881 Et
565 1850 623 1882 lib.
654 1860 677 1881 1.
716 1851 725 1867 ‘
743 1851 891 1882 Miratur

191 1899 313 1930 molem
349 1901 484 1941 AEneas,
516 1902 660 1941 magalia
697 1901 893 1943 quondam!

191 1950 258 1981 Ubi
275 1951 434 1983 Servius:
460 1958 467 1971 ⁸
485 1953 636 1994 Magalia
651 1953 891 1985 Autistoichon

192 2006 267 2032 est:
292 2012 367 2033 nam
382 2003 501 2035 debuit
516 2004 662 2044 magaria
675 2004 802 2045 dicere,
815 2005 892 2046 quia

191 2061 320 2092 magar,
339 2063 404 2084 non
429 2055 550 2095 magal,
573 2055 756 2086 Poenorum
777 2055 892 2096 lingua

193 2103 303 2134 villam
323 2105 501 2145 significat.
540 2106 625 2138 Cato
637 2107 804 2146 originum
825 2107 892 2147 pri·

193 2163 266 2184 mo:
296 2155 445 2196 Magalia
463 2156 607 2187 aedificia
625 2158 718 2198 quasi
735 2158 891 2189 cohortes

194 2205 352 2236 rotundas
377 2206 517 2245 dicunt3
540 2208 597 2239 alii
624 2209 766 2248 magalia
797 2218 891 2239 casas

194 2255 377 2287 Poenorum
396 2259 583 2297 pastorales
600 2259 740 2290 dicunt-¹
780 2260 827 2290 Ut
846 2259 892 2290 vi-

195 2305 268 2345 des,
292 2307 401 2338 locum
428 2309 579 2344 Catonis,
604 2320 703 2350 quem
722 2310 849 2342 Noster
874 2319 893 2340 e

196 2361 328 2397 quarto,
343 2367 361 2387 e
376 2359 484 2398 primo
494 2359 630 2390 Servius
643 2360 771 2399 attulit,
783 2365 817 2391 et
828 2369 893 2390 non

195 2407 318 2439 leviter
336 2408 561 2442 immutatum.
587 2410 704 2449 Magar
721 2416 832 2441 autem
851 2411 894 2441 ab

196 2457 348 2489 Hebraeo
367 2468 490 2498 magur,
516 2459 690 2491 habitatio.
726 2460 756 2491 A
773 2471 895 2501 magur,

198 2509 351 2540 variante
365 2508 523 2545 dialecto,
536 2510 633 2540 Poeni
647 2509 762 2542 fecere
776 2521 896 2551 magar,

198 2563 233 2591 et
250 2558 347 2589 Poeni
364 2559 499 2600 quidem
524 2570 643 2600 magar,
665 2561 735 2592 sive
756 2572 898 2601 magara,

202 2611 271 2640 sive
296 2620 434 2651 megara,
469 2611 635 2642 vocabant
665 2617 798 2652 partem
823 2623 896 2644 eam

202 2660 427 2701 Carthaginis,
450 2671 525 2702 quae
549 2663 692 2702 Byrsam
724 2663 896 2704 cingebat,

203 2714 238 2740 et
260 2709 462 2743 habitationi
486 2711 607 2743 civium
625 2712 895 2754 relinquebatur.

939 834 1020 866 Dae.

980 892 992 907 Β
1020 884 1181 925 (“υ1ιονέε.ς]
1217 885 1330 916 Vide‘
1350 883 1512 916 Cortina.'
1539 885 1635 915 Idem.

979 936 993 957 d
1017 937 1212 978 Marspedis]
1237 937 1359 968 Filium
1386 936 1508 967 Martis
1535 935 1637 975 signi-

938 987 1038 1019 ficare
1065 995 1238 1028 putarem:
1278 988 1340 1019 nisi
1373 997 1426 1018 me
1451 986 1637 1018 auctoritas

938 1039 1110 1070 Messallae
1129 1043 1293 1070 moveret.
1319 1039 1395 1070 Ant.
1411 1037 1496 1077 Aug.

982 1090 1173 1130 Marspedis]
1204 1090 1345 1129 Corrige
1372 1099 1413 1119 ex
1432 1087 1562 1129 judicio
1592 1087 1639 1118 A·

938 1141 1045 1172 driani
1061 1141 1224 1177 Turnebi,
1240 1150 1306 1181 quo
1326 1139 1509 1170 doctiorem
1526 1142 1641 1168 nostra

938 1201 1004 1223 non
1028 1193 1106 1224 tulit
1124 1197 1218 1232 aetas,
1235 1191 1456 1232 inprecatione
1474 1189 1640 1220 Solimari-

937 1243 1023 1275 lium.
1047 1243 1219 1284 Quicquid
1233 1242 1367 1273 dubitet
1380 1241 1642 1277 Messalla,con·

940 1299 1008 1325 stat
1025 1294 1057 1324 in
1074 1293 1218 1325 formula
1244 1293 1494 1331 solitaurilium,
1519 1290 1559 1321 ad
1579 1291 1642 1321 lus-

941 1345 1098 1376 trandum
1124 1354 1240 1386 agrum
1258 1344 1441 1375 ambarvali
1465 1341 1645 1380 sacrificio,

942 1396 1047 1426 solum
1062 1396 1209 1427 Martem
1225 1395 1411 1426 nominari:
1431 1401 1643 1424 MARSPITER

940 1456 984 1477 TE
1003 1455 1158 1486 PRECOR,
1172 1448 1236 1477 ἃς.
1249 1452 1286 1477 ut
1304 1450 1441 1476 constat
1454 1454 1495 1474 ex
1514 1445 1643 1474 Catone

941 1498 1053 1528 Titulo
1067 1507 1164 1529 CXLr.
1203 1497 1272 1528 Pro
1290 1506 1356 1538 quo
1383 1496 1536 1536 suspicor
1554 1495 1644 1524 Mar-

940 1549 1042 1589 spedis·
1059 1549 1185 1579 dictum
1207 1559 1225 1579 a
1248 1547 1442 1579 Veteribus.
1478 1546 1538 1586 At,
1555 1545 1644 1587 quod

943 1603 1066 1638 putant
1083 1599 1269 1630 doctissimi
1287 1598 1348 1628 viri
1366 1597 1544 1637 Marspedis
1559 1606 1644 1632 esse,

944 1650 1067 1680 Martis
1086 1649 1203 1688 filium,
1226 1650 1287 1680 hoc
1309 1654 1374 1689 est,
1398 1649 1521 1679 Martis
1538 1649 1644 1686 παῖδα,

945 1701 1044 1741 plane
1067 1705 1118 1731 est
1132 1701 1373 1738 Hor-arianum,
1391 1700 1398 1716 ‘
1418 1699 1577 1731 Humano
1595 1709 1648 1730 ca-

945 1752 1007 1792 piti
1025 1751 1192 1783 cervicem
1206 1750 1386 1792 cquinam.’
1422 1750 1535 1782 Quare
1547 1749 1645 1780 meri-

945 1808 981 1833 to
992 1802 1255 1843 explodendum.
1280 1799 1647 1839 Sedilludnotaudum,

945 1855 1095 1885 Martem
1132 1854 1165 1884 in
1192 1852 1457 1887 Solitaurilibus‚
1490 1856 1548 1882 aut
1575 1851 1648 1882 aliis

946 1904 1202 1945 precationibus
1234 1902 1450 1942 rusticorum,
1482 1911 1547 1932 uon
1573 1910 1646 1932 esse

946 1957 1061 1993 alium,
1099 1965 1198 1996 quam
1237 1954 1433 1985 Silvanum:
1465 1957 1648 1993 propterea

946 2007 1153 2047 conjunctim
1179 2004 1359 2046 aliquando
1389 2008 1530 2034 vocatur
1555 2003 1648 2033 Mars

945 2059 1112 2089 Silvanus.
1155 2056 1252 2087 Idem
1276 2056 1383 2086 Cato:
1410 2056 1418 2071 ‘
1438 2055 1565 2084 Votum
1587 2063 1648 2093 pro

947 2109 1067 2145 bubus,
1085 2113 1121 2139 ut
1146 2108 1295 2146 valeant,
1321 2106 1368 2136 sic
1391 2104 1517 2135 facito:
1547 2104 1649 2135 Marti

947 2161 1084 2190 Silvano
1112 2159 1144 2189 in
1173 2158 1259 2189 silva
1285 2154 1471 2193 interdius,'
1499 2157 1562 2185 ἃς.
1592 2155 1648 2185 De

948 2221 1012 2252 quo
1041 2210 1088 2241 sic
1121 2209 1153 2239 in
1176 2208 1271 2239 libris
1297 2207 1338 2237 de
1362 2205 1527 2237 limitibus
1553 2213 1649 2245 agro-

948 2271 1041 2292 rum:
1067 2262 1075 2277 ‘
1092 2259 1210 2290 Omnis
1229 2257 1393 2299 possessio
1410 2261 1478 2287 tres
1495 2255 1649 2286 Silvanos

948 2311 1072 2342 habet:
1098 2319 1183 2341 umis
1202 2309 1328 2339 dicitur
1341 2306 1558 2342 domesticus,
1575 2315 1650 2347 pos-

950 2361 1090 2393 sessioni
1129 2363 1369 2396 consecratus;
1406 2357 1491 2387 alter
1527 2356 1651 2387 dicitur

951 2413 1107 2454 agrestis,
1122 2409 1314 2451 pastoribus
1328 2410 1563 2446 consecratus;
1584 2411 1652 2438 ter·

952 2464 1018 2494 tius
1032 2461 1157 2493 dicitur
1170 2459 1360 2490 orientalis:
1387 2458 1440 2489 cui
1458 2463 1509 2489 est
1523 2458 1557 2489 in
1571 2468 1651 2489 con-

951 2514 1031 2545 finio
1058 2513 1152 2543 lucus
1170 2510 1318 2551 positus:
1345 2519 1365 2539 a
1384 2518 1449 2550 quo
1477 2509 1566 2539 inter
1583 2508 1650 2540 duo

954 2565 1111 2605 pluresve
1136 2561 1219 2591 fines
1245 2560 1408 2591 oriuntur.
1445 2559 1530 2590 Ideo
1561 2560 1651 2590 inter

952 2615 1018 2646 duo
1036 2614 1190 2655 pluresve
1206 2617 1258 2642 est
1275 2610 1394 2642 lucus.'
1419 2612 1469 2642 De
1486 2610 1587 2641 tertio
1600 2610 1650 2640 in-

951 2664 1058 2704 telligi
1089 2661 1176 2703 apud
1216 2661 1379 2692 Catonem
1414 2669 1554 2690 necesse
1586 2664 1649 2690 est.

952 2716 1084 2747 Primus
1116 2717 1258 2746 vocatur
1285 2712 1386 2744 etiam
1419 2711 1576 2743 Silvanus
1604 2711 1649 2741 la-
