1835 2906
211 137 297 178 110

669 146 817 176 SEXTI
852 145 1054 176 POMPEI!
1090 144 1226 175 FESTI

209 243 386 284 Barium
400 248 416 264 ¹¹
433 243 583 283 urbem
598 241 739 283 Italiae
754 242 1085 295 appellaverunt
1098 239 1348 281 conditores
1363 239 1461 293 ejus
1475 238 1654 292 expulsi

265 324 321 352 ex
341 310 482 351 insula
504 309 638 358 Rara,
660 322 758 363 quae
777 322 866 349 non
887 309 1014 361 longe
1036 311 1102 348 est
1121 320 1147 347 a
1171 306 1440 347 Brundisio.⁵

210 378 412 419 Barrire⁰
444 377 672 430 elephanti
702 377 932 417 dicuntur:

265 445 419 498 utique
443 457 471 485 a
493 457 599 485 sono
620 442 783 485 Vocis.6

975 377 1091 417 sicut
1122 388 1232 416 oves
1265 374 1456 415 dicimus
1490 373 1655 423 balare,

210 512 411 553 Basilica
426 517 441 542 Ρ
462 511 612 551 ἀπὸτοῦ
634 508 831 562 βασιλέος,
850 510 935 552 hoc
957 515 1040 562 est,
1061 522 1175 563 rege,
1196 508 1332 549 dicta.

212 579 472 629 Basilicum,
494 579 654 631 regale.

211 646 488 687 Basiliscusq
509 645 759 700 appellatur
775 658 913 699 genus
933 644 1146 699 serpentis
1165 658 1175 685 ε
1207 644 1274 684 vel
1295 640 1414 696 quod
1444 641 1490 681 in
1511 641 1657 694 capite

268 713 433 754 habeat
462 713 611 753 album
640 713 779 752 instar
805 712 1087 761 diadematis,
1118 712 1184 753 vel
1205 711 1322 764 quod
1343 708 1541 761 reliquar
1570 721 1657 749 ser—

269 786 453 834 pentum
473 793 634 833 genera
654 781 742 821 vim
762 780 860 834 ejus
878 780 1059 832 fugiant.

214 849 384 897 Batus,³
406 860 542 900 genus
563 847 725 888 herbae.

212 915 519 955 BELLARHJM
540 920 585 955 et
604 913 784 955 bellaria
799 914 810 935 t
832 926 900 954 res
923 915 1050 966 aptas
1071 912 1202 954 bellis
1225 914 1523 967 appellabant.

823 1033 941 1045 oooooo

943 1033 1060 1045 eeeeee

258 1117 275 1143 5
301 1112 364 1144 Ed.
381 1112 471 1144 Scal.
490 1112 749 1143 &andusia-6
772 1111 900 1143 Eadem
917 1111 971 1142 ed.
993 1122 1011 1141 a
1027 1120 1098 1142 sono
1113 1110 1178 1151 ipso
1194 1111 1287 1141 vocis.

863 1208 1004 1240 NOTAE

261 1278 275 1293 ¹³
297 1273 445 1313 Barium]
483 1273 523 1304 In
562 1274 688 1314 Apulia
725 1273 854 1305 distans
894 1283 913 1303 a

216 1323 410 1355 Brundusio
425 1327 499 1355 700.
517 1325 602 1355 stad.
622 1325 797 1356 Piscosum
815 1329 913 1354 vocat

218 1374 340 1405 Horat.
354 1374 427 1404 Sat.
451 1378 482 1405 5.
504 1374 562 1406 lib.
581 1384 603 1405 1.
641 1378 650 1392 ‘
669 1375 812 1406 Postera
828 1380 912 1405 tem-

218 1429 333 1464 pestas
349 1424 480 1465 melior,
495 1425 549 1455 via
563 1426 660 1466 pejor
675 1426 716 1456 ad
727 1435 831 1467 usque
848 1425 912 1455 Ba-

218 1475 246 1505 ri
259 1475 378 1505 moenia
389 1475 547 1506 Piscosi?
563 1475 712 1506 Insulam
724 1476 860 1512 Baram,
872 1474 914 1505 de

219 1533 283 1564 qua
298 1524 351 1554 hic
366 1524 498 1563 Festus,
515 1525 641 1555 Pharon
658 1534 733 1555 esse
746 1525 916 1555 existima-

220 1574 267 1604 vit
282 1573 444 1605 Ortelius.
470 1575 518 1605 Ea
534 1574 632 1605 hodie
649 1575 684 1606 S.
701 1573 839 1612 Andrea,
855 1575 916 1606 nisi

219 1622 343 1654 fallunt
360 1623 496 1655 tabulae.
520 1625 617 1655 Idem.

262 1679 277 1693 ⁰
302 1673 451 1713 Barrire]
505 1674 730 1712 Glossarium,
767 1674 776 1691 ‘
798 1673 918 1718 barrit,

219 1723 326 1764 τρίζει,
343 1723 478 1762 Ἐλέφας
493 1724 578 1765 βοᾷ)
605 1725 677 1756 Jos.
692 1724 775 1755 Scal.

262 1779 278 1799 Ρ
302 1774 459 1813 Basilica]
483 1775 613 1814 Regum
635 1775 776 1814 palatia,
792 1776 918 1816 templa

221 1824 336 1859 etiam,
353 1828 388 1854 et
400 1824 465 1854 alia
482 1824 641 1864 quaelibet
667 1825 736 1855 loca
753 1827 864 1865 ampla
883 1831 919 1857 et

221 1873 400 1913 magnifice
416 1878 604 1912 exstructa,
623 1879 660 1904 ut
678 1883 718 1904 ea
733 1875 854 1914 quibus
870 1874 918 1906 fo-

221 1932 295 1954 rum
312 1923 410 1954 Rom.
424 1927 578 1954 ornatum
595 1928 679 1958 erat,
697 1928 733 1953 ut
746 1924 918 1963 Basilicae‚

221 1971 327 2013 Julia,
355 1973 514 2013 Trajana,
549 1973 680 2013 Fortia,
709 1973 917 2013 Sempronia,

222 2024 287 2052 διο.
310 2022 393 2053 Dae.

267 2077 282 2097 ‘1
308 2070 495 2110 Basiliscus]
513 2072 604 2102 Plin.
620 2071 677 2102 lib.
689 2081 853 2113 v111.cap.
866 2075 918 2104 21.

223 2123 232 2139 ¹
252 2122 379 2153 Eadem
393 2127 429 2154 et
446 2122 592 2153 basilisci
608 2123 776 2162 sei-penus
791 2128 844 2154 est
860 2124 920 2154 vis.

226 2172 416 2213 Cyrenaica
443 2173 530 2203 hunc
561 2177 702 2213 generat
735 2172 922 2213 provincia,

225 2221 404 2252 duodecim
414 2231 479 2252 uon
490 2222 632 2262 amplius
642 2222 822 2261 digitorum
832 2232 923 2262 mag-

225 2272 393 2307 nitudine,
416 2272 562 2304 candida
585 2273 618 2303 in
644 2274 758 2313 capite
779 2274 920 2313 macula,

227 2326 265 2353 ut
278 2322 419 2363 quodam
440 2322 645 2363 diademate,
662 2322 836 2363 insignem.
872 2324 921 2354 Si-

228 2371 297 2402 bilo
328 2381 441 2403 omnes
471 2372 567 2413 fugat
597 2371 797 2413 serpentes.'
832 2372 921 2403 Vide

228 2421 332 2452 Solin.
348 2431 425 2462 cap.
443 2425 496 2453 20.
532 2425 542 2440 ⁴
560 2422 647 2454 Alba
666 2423 763 2464 qnasi
785 2423 922 2454 mitrula

228 2472 372 2503 lineatus
389 2471 513 2512 caput?
536 2472 633 2504 Idem.

272 2526 284 2541 r
311 2522 367 2553 Vel
392 2523 471 2562 quod
491 2522 624 2563 reliqua]
650 2523 787 2554 Festum
812 2523 922 2564 sequi·

229 2576 285 2603 tur
301 2572 424 2602 Isidor.
452 2572 485 2602 in
508 2573 626 2613 origin.
653 2574 710 2604 lib.
728 2583 767 2605 ιι.
800 2577 808 2591 ‘
827 2574 921 2604 Basi-

228 2622 332 2652 liscus
359 2621 494 2659 Graece,
523 2622 644 2653 Latine
677 2623 924 2664 interpretatur

232 2671 378 2712 regulus,
413 2681 454 2702 eo
483 2670 573 2714 quod
607 2681 665 2703 rex
702 2674 921 2714 serpentium,

965 1272 1051 1304 adeo
1074 1275 1111 1303 ut
1134 1282 1210 1303 eum
1238 1270 1394 1303 videntes
1418 1269 1563 1310 fugiant,
1585 1270 1664 1311 quia

966 1322 1094 1354 olfactu
1109 1332 1168 1353 suo
1186 1332 1243 1352 eos
1259 1319 1384 1352 necat!
1410 1320 1506 1351 Idem.

1010 1377 1020 1391 ³
1043 1372 1162 1411 Batus]
1186 1371 1417 1403 Glossarium:
1442 1370 1571 1409 ‘Baus‚
1587 1369 1665 1400 εῖδυς

968 1421 1099 1459 ἀκάνθης
1112 1421 1256 1459 βοτάνης.
1285 1422 1421 1459 natum,
1435 1419 1576 1459 πράσον.’
1603 1420 1666 1450 lsi·

969 1473 1043 1503 dori
1074 1473 1226 1503 Glossae:
1251 1473 1260 1488 ⁶
1277 1471 1384 1509 natis,
1415 1479 1520 1510 genus
1545 1469 1671 1500 oleris.’

969 1523 1040 1554 Jos.
1057 1522 1140 1553 Scal.

1013 1572 1132 1612 Batus]
1158 1571 1284 1609 Rubnw,
1295 1570 1426 1603 Graecis
1438 1569 1546 1605 βάτος.
1559 1569 1667 1600 Theo-

971 1623 1047 1654 crit.
1064 1623 1153 1663 ldyl.
1171 1631 1194 1653 Ι.
1218 1622 1282 1652 Νῦν
1296 1622 1328 1652 ἴα
1341 1620 1397 1660 μὲν
1412 1620 1552 1661 φορέοιτε
1563 1618 1667 1659 βάτοι,

971 1673 1111 1714 φορέοιτε
1127 1673 1150 1703 δ’
1167 1672 1303 1703 ἄκανθαι.
1332 1677 1340 1690 ‘
1360 1672 1459 1702 Nunc
1476 1671 1579 1701 violas
1595 1670 1668 1710 qui·

972 1724 1050 1755 dem
1076 1722 1194 1754 feratis
1219 1722 1303 1762 bati,
1330 1720 1450 1752 feratis
1475 1725 1511 1751 et
1539 1718 1667 1760 spinaess

973 1774 1055 1805 Duc.

1016 1825 1025 1844 ⁸
1047 1823 1206 1862 Bellarz'a]
1228 1823 1320 1854 Puto
1334 1820 1536 1861 legendum:
1561 1820 1668 1850 Bella-

972 1874 1064 1913 rium,
1084 1877 1114 1904 et
1138 1873 1281 1907 bellaria,
1297 1882 1346 1903 res
1361 1872 1453 1902 bellas
1465 1870 1669 1911 appellabant.

972 1923 1061 1954 Sane
1078 1923 1189 1953 Latini
1205 1922 1413 1953 Bellarz‘orum
1433 1920 1566 1951 nomine
1583 1919 1672 1949 acci-

973 1973 1082 2013 piunt,
1097 1982 1172 2012 quae
1188 1972 1304 2003 Graeci
1330 1971 1425 2010 ὡραῖα
1447 1975 1582 2004 vocant,
1607 1970 1669 1999 hoc

974 2028 1039 2063 est,
1054 2022 1228 2062 cupedias.
1263 2022 1351 2052 Nam
1367 2021 1473 2059 ὡραῖος
1496 2019 1616 2054 bellus,
1636 2024 1672 2049 et

974 2071 1128 2111 pulcher.
1165 2070 1265 2101 Unde
1289 2075 1322 2100 et
1346 2069 1532 2109 pulchralia
1551 2069 1669 2098 eadem

974 2121 1060 2152 dixit
1073 2121 1159 2152 Cato
1175 2120 1208 2150 in
1226 2130 1278 2159 ea,
1293 2129 1391 2161 quani
1409 2119 1525 2149 habuit
1538 2119 1578 2148 de
1596 2118 1670 2148 fun-

975 2171 1018 2202 do
1034 2171 1176 2202 oleario:
1201 2171 1209 2186 ‘
1224 2168 1473 2208 PulchraIibus,
1496 2174 1596 2209 atque
1613 2178 1671 2198 cu-

976 2220 1126 2262 pediis:’
1150 2225 1187 2251 et
1210 2229 1263 2250 res
1288 2220 1394 2251 bellas
1423 2229 1483 2259 pro
1507 2218 1672 2258 cupediis.

975 2271 1157 2302 Terentius
1175 2270 1207 2301 iu
1222 2269 1385 2310 Adelphis
1400 2280 1407 2300 :
1432 2271 1553 2309 ‘atque
1570 2278 1671 2299 unum

977 2321 1124 2362 quidque
1149 2320 1238 2361 quod
1264 2320 1328 2350 erit
1351 2318 1567 2350 bellissimum
1589 2318 1670 2349 Car-

978 2370 1078 2411 pam.'
1102 2370 1295 2404 Friandises,
1309 2369 1413 2400 Galli.
1436 2367 1551 2400 Graeci
1567 2369 1670 2398 etiam

974 2419 1168 2461 τραγήματα.
1215 2420 1337 2459 Neque
1354 2419 1459 2449 solum
1485 2418 1670 2453 esculenta,

975 2470 1034 2502 sed
1056 2477 1091 2501 et
1116 2469 1372 2510 poculentorum
1399 2468 1544 2499 delitias,
1582 2468 1668 2498 Nam

975 2526 1010 2552 et
1040 2521 1049 2537 ‘
1069 2519 1182 2551 Liberi
1205 2517 1368 2550 bellaria’
1398 2516 1567 2548 dicebant.
1598 2517 1669 2547 Jos.

975 2570 1060 2602 Scnl.

1020 2620 1194 2652 Belzarium
1214 2623 1243 2650 et
1257 2617 1384 2650 bellaria
1399 2627 1449 2648 res
1464 2621 1553 2657 aptas
1568 2616 1668 2656 bellis]

977 2672 1129 2714 Legebat
1143 2671 1307 2710 Scaliger,
1323 2669 1483 2700 hellarium
1498 2672 1527 2699 et
1544 2668 1669 2699 bellaria
