1835 2906
375 165 436 194 DE
470 165 740 196 VERRORUM
774 166 1181 198 SIGNlFlCATIONE
1217 170 1308 201 1113.
1341 173 1370 202 1.
1528 163 1583 203 49

146 258 259 299 ΑΕκ
284 258 497 312 syllabam
526 261 696 314 antiqui
718 260 876 304 Graeca
907 262 1225 304 consuetudine
1248 277 1325 317 per
1349 275 1397 305 A!
1424 266 1583 307 scribe-

201 327 319 373 bant,
341 330 391 366 ut
410 327 540 376 aulai,
566 328 721 381 pictai,
740 330 898 371 musai.

145 393 335 433 AEdilisy
366 393 487 435 initio
515 395 659 436 dictus
680 401 748 436 est
769 396 1082 449 magistratus,⁷
1103 397 1179 451 qui
1201 398 1361 439 aedium
1382 412 1466 439 non
1487 404 1582 439 tan-

201 464 291 501 tum
321 473 555 512 sacrarum,
596 462 676 502 sed
715 463 846 503 etiam
885 463 1155 516 privatarum
1187 477 1336 505 curam
1381 466 1581 518 gerebat:

199 531 358 580 postea
396 528 479 569 hoc
518 542 674 570 nomen
712 533 754 571 et
789 530 845 571 ad
882 530 1168 582 magistratus
1204 532 1464 573 translatum
1499 537 1583 574 est.

201 593 360 635 Dictus
390 602 457 636 est
488 600 661 636 autemz
692 596 870 646 AEdilis,
907 596 1025 649 quod
1061 597 1205 638 facilis
1241 599 1295 639 ad
1329 612 1428 640 eum
1462 599 1583 652 plebi

199 660 345 702 aditus
364 667 502 704 esset:
536 663 613 704 sed
631 668 677 704 et
696 663 917 705 AEdilatus
940 663 1167 706 dicebatur
1189 665 1342 706 eadem
1363 666 1554 720 dignitas
1572 679 1583 716 3

200 729 315 769 sicut
335 729 628 782 pontificatuS,
648 731 946 783 magistratus.

144 795 308 845 AEdis,³
338 795 608 837 domicilium
632 797 673 838 in
700 797 818 838 edito
834 797 849 821 3
879 798 1086 851 positum,
1107 799 1314 852 simpleX,
1336 803 1467 853 atque
1489 800 1586 840 uni-

739 905 875 918 oooooo

879 905 978 918 ΟΝΙΟ

184 981 202 1010 7
220 979 346 1011 Vocem
362 982 564 1021 magistratus
578 982 749 1015 abundare
766 989 908 1016 censent
925 982 1039 1015 Ursin.
1055 983 1144 1014 Scal.
1160 983 1248 1016 Dae.
1279 983 1357 1014 Vid.
1369 983 1494 1016 inst—8
1510 985 1585 1016 Ma-

142 1022 216 1053 lunt
232 1023 321 1054 Scal.
338 1025 424 1056 Dae.
440 1025 473 1056 in
488 1026 588 1057 aditu.

794 1090 824 1122 N
831 1090 935 1121 OTAE

140 1155 194 1186 liic
209 1155 347 1187 advorsis
364 1160 397 1187 et
414 1157 477 1188 hoc
492 1158 632 1198 advorse,
647 1159 700 1191 hic
713 1160 835 1191 advosis

141 1211 175 1236 et
192 1206 253 1237 hoc
265 1208 385 1237 advose.
412 1207 524 1239 Gloss.
541 1209 550 1225 ‘
563 1209 718 1249 advores,
729 1210 834 1241 θέναν-

139 1256 224 1292 τίοι,’
255 1262 263 1275 ‘
283 1258 499 1297 ἐπιβουλεύων,
529 1260 684 1300 advores‚
708 1262 833 1302 hostes,

140 1307 195 1347 qui
213 1307 352 1338 insidias
368 1308 492 1340 struit!
514 1310 594 1342 Dae.

182 1360 197 1376 ¹
213 1356 240 1387 A
255 1358 299 1398 E]
319 1358 444 1388 Notum
462 1364 513 1390 est
530 1360 562 1390 in
577 1359 745 1391 veteribus
764 1371 832 1392 mo-

139 1407 295 1439 nimentis
331 1416 497 1440 ammius
535 1410 699 1451 scriptum
734 1421 830 1444 esse:

138 1458 221 1488 item
240 1457 271 1487 iu
289 1456 393 1488 libris.
416 1459 486 1489 JoS.
502 1458 587 1490 Scal.

180 1506 208 1537 A
225 1507 252 1536 Ε
266 1507 430 1547 syllabam]
443 1509 499 1539 Sic
510 1509 543 1539 in
555 1514 637 1542 vett.
650 1510 834 1542 monimen-

138 1555 194 1594 tis,
211 1555 291 1586 item
309 1556 341 1586 in
358 1557 452 1588 libris
468 1558 631 1599 scriptum
654 1565 717 1600 est,
730 1560 832 1592 Aimi-

138 1605 197 1635 lius
213 1615 305 1635 more
322 1606 532 1640 Graecorum.
556 1609 638 1641 Dae.

180 1661 193 1682 5
208 1656 338 1696 AEdilis]
367 1659 377 1674 ⁴
392 1658 529 1699 AEdilis,’
554 1659 675 1700 inquit,
702 1660 711 1677 ‘
724 1661 832 1700 primo

137 1705 355 1745 magistratus
384 1707 495 1738 dictus
526 1714 578 1739 est
593 1719 601 1740 :
636 1709 759 1741 deinde
790 1711 831 1741 ad

138 1754 355 1794 magistratus
394 1758 595 1789 translatum
625 1759 698 1789 est!
741 1759 832 1791 Quid

138 1802 228 1833 istud
246 1804 355 1834 verbis
371 1806 446 1835 est?
468 1805 555 1836 Sane
572 1816 635 1846 ego
653 1817 718 1838 non
735 1808 832 1839 intel-

140 1852 218 1892 ligo.
253 1854 295 1884 Et
311 1863 425 1884 verum
442 1860 494 1885 est
511 1855 592 1887 illud
610 1857 745 1888 verbum
763 1867 833 1889 ΜΑ-

140 1910 329 1933 GisTRATus
353 1903 535 1943 abundare,
552 1910 588 1936 ut
611 1906 659 1937 ita
677 1908 831 1947 legatur:

140 1952 255 1983 AEdilis
271 1953 362 1983 initio
376 1955 479 1984 (lictus
493 1958 551 1992 est,
566 1956 619 1995 qui
639 1957 753 1987 aedium
770 1967 831 1989 non

139 2006 258 2032 tantum
271 2011 442 2041 sacrarum,
462 2004 516 2034 sed
530 2004 623 2035 etiam
638 2005 831 2045 privatarum

136 2064 240 2084 curam
249 2054 390 2093 gerebat.
428 2055 515 2086 Nam
531 2055 594 2086 hoc
610 2057 743 2089 nomine
761 2068 830 2089 om-

138 2113 212 2143 nes,
229 2109 264 2134 nt
279 2104 427 2144 loquitur
439 2105 631 2145 Lucretius,
647 2106 655 2122 ‘
668 2107 833 2139 aedituen-

138 2159 190 2185 tes
205 2154 416 2185 vocabantur
430 2154 448 2188 :'
472 2155 588 2186 AEdilis
603 2156 690 2187 enim
707 2157 832 2197 princi-

137 2204 193 2244 pio
211 2203 397 2234 aeditimum
413 2203 638 2244 significabat.
677 2206 763 2249 Haec
781 2211 834 2238 est

138 2263 231 2285 mens
262 2254 366 2285 Festi.
412 2255 639 2287 Glossarium:
675 2257 684 2274 ‘
699 2257 832 2297 AEdilis,

140 2305 249 2342 ὁμῆλιξ
261 2304 473 2346 ἆγορανόμος.’
495 2306 606 2337 Vocat
618 2306 764 2345 ὁμήλικα,
774 2309 830 2349 qui

140 2354 173 2384 in
189 2355 306 2385 iisdem
323 2355 452 2387 aedibus
466 2357 623 2389 adolevit.
649 2359 687 2389 In
701 2359 831 2396 eodem,

140 2405 148 2420 ²
163 2403 326 2442 AEdtfflis,
338 2406 506 2446 νεωκόρος.’
519 2409 589 2438 Jos.
607 2408 691 2441 Scal.

184 2454 299 2484 AEdilis
312 2454 402 2485 initio
417 2456 517 2486 dictus
529 2456 591 2496 est]
612 2458 833 2491 Verissimum

141 2508 194 2534 est
216 2503 306 2544 quod
330 2504 458 2535 monuit
480 2505 644 2546 Scaliger,
666 2508 761 2539 initio
777 2519 833 2540 vo·

140 2564 212 2585 cem
223 2554 427 2593 magistratus
436 2555 745 2598 abundare‚quippe
755 2569 831 2599 quae

141 2613 184 2634 ex
201 2603 288 2634 linea
305 2604 404 2634 tertia
431 2614 492 2644 per
512 2605 721 2637 librariorum
739 2607 832 2639 incu-

142 2653 223 2683 riam
239 2653 304 2684 huc
321 2653 471 2694 irrepsit.
506 2655 701 2696 Legendum
717 2657 834 2697 igitur,

144 2703 257 2734 AEdz‘lis
270 2703 360 2733 initio
375 2704 477 2735 dictus
501 2709 547 2736 est
567 2706 619 2745 qui
641 2706 753 2738 sedium
773 2717 834 2738 non

227 2755 341 2796 Delplc.
357 2760 386 2788 et
406 2757 482 2788 Var.
499 2758 584 2790 Clas.

887 1162 1009 1190 tantum
1023 1167 1195 1199 sacrarum,
1210 1159 1262 1190 sed
1277 1160 1370 1190 etiam
1392 1159 1587 1199 privatarum

887 1219 990 1240 curam
1009 1209 1149 1247 gerebat.
1192 1209 1252 1240 Ait
1273 1210 1361 1240 enim
1379 1210 1499 1241 Festus
1517 1219 1586 1240 om-

888 1268 948 1290 nes
973 1260 1128 1299 aedituos,
1153 1260 1218 1298 vel,
1237 1264 1274 1291 ut
1296 1260 1443 1301 loquitur
1459 1261 1586 1291 Lucre·

888 1309 965 1348 tius,
975 1310 1314 1349 AEdituenles‚AEdiles
1324 1316 1459 1342 vocatos
1471 1311 1589 1341 fuisse.

888 1359 1017 1391 Postea
1033 1360 1148 1391 AEdilz's
1169 1360 1210 1391 ad
1239 1361 1460 1401 Magistratus
1477 1367 1586 1392 trans-

887 1410 1004 1450 latum,
1026 1410 1068 1441 ad
1093 1419 1175 1451 quos
1200 1412 1301 1442 etiam
1324 1412 1519 1452 pertinebat
1543 1422 1587 1442 ae-

887 1459 977 1490 dium
991 1470 1080 1492 cura.
1105 1461 1188 1492 Dae.

929 1515 942 1529 2
967 1509 1082 1541 Dictus
1097 1514 1141 1541 est
1156 1510 1272 1550 autem]
1295 1510 1350 1541 Ab
1367 1511 1522 1542 adeundo
1540 1521 1586 1542 ae-

887 1559 977 1600 dilis,
999 1560 1087 1601 quod
1116 1561 1246 1601 placuit
1272 1561 1373 1592 etiam
1398 1562 1586 1601 Theophilo

885 1612 943 1643 lib.
960 1621 984 1642 1.
1021 1612 1176 1644 Institut.
1194 1614 1247 1643 tit.
1265 1622 1304 1643 ιι.
1319 1613 1426 1643 male:
1449 1622 1525 1643 nam
1543 1613 1586 1642 ab

887 1666 895 1678 ‘
911 1662 984 1692 aede
995 1661 1004 1675 ¹
1025 1663 1035 1679 ‘
1048 1662 1181 1697 aedilis‚'
1203 1668 1241 1693 ut
1256 1664 1265 1680 ‘
1279 1663 1376 1694 ovilis
1387 1662 1395 1675 ’
1418 1662 1461 1694 ab
1476 1664 1485 1679 ‘
1499 1662 1587 1693 ove.⁹

886 1712 984 1743 Idem.

928 1766 942 1781 ἃ
956 1761 1064 1802 AEdis]
1084 1761 1288 1801 Corruptum
1306 1761 1402 1799 illud,
1413 1763 1517 1800 AEdis,
1531 1762 1585 1793 do-

885 1811 1034 1842 micilium
1049 1811 1081 1841 in
1097 1811 1179 1842 edito
1192 1811 1335 1851 positum.
1380 1812 1487 1842 Immo
1504 1821 1584 1843 cou-

886 1866 939 1892 tra
964 1862 1086 1900 Varro,
1114 1871 1189 1901 quae
1216 1861 1317 1901 plano
1346 1862 1432 1901 pede
1459 1861 1584 1899 aditur,

886 1911 959 1941 vult
975 1910 1075 1941 aedim
1090 1910 1226 1941 dictam.
1273 1911 1364 1950 Lego
1378 1911 1501 1949 igitur:
1527 1912 1585 1942 AE-

885 1960 947 1997 dis,
963 1960 1149 1990 domicilium
1164 1961 1198 1990 in
1222 1960 1311 1991 aditu
1329 1961 1463 2000 positum
1475 1972 1485 1992 .·
1508 1961 1584 1992 sim·

887 2010 979 2050 plex,
1005 2014 1107 2050 atque
1134 2010 1231 2040 unius
1255 2010 1379 2041 aditus.
1432 2012 1477 2042 Et
1503 2021 1584 2042 sane

886 2058 975 2090 aedes
993 2059 1086 2099 prius
1103 2069 1122 2090 a
1135 2059 1306 2090 veteribus
1322 2060 1384 2091 Ro.
1395 2060 1496 2091 dictae
1510 2060 1584 2092 fue-

888 2114 978 2148 runt,
994 2119 1068 2150 quae
1085 2119 1104 2140 a
1119 2109 1252 2141 Graecis
1269 2108 1425 2149 οἰκόπεδα,
1438 2111 1500 2140 hoc
1517 2115 1583 2148 est,

888 2158 1045 2195 aedificia,
1063 2169 1136 2198 qnae
1150 2158 1192 2189 de
1209 2159 1308 2198 plano
1321 2159 1500 2198 adeuntur,
1516 2160 1584 2198 vel,

887 2214 925 2238 ut
941 2209 1168 2239 Tertullianus
1181 2208 1214 2239 in
1230 2209 1315 2239 libro
1327 2209 1368 2239 de
1381 2209 1495 2248 pallio,
1512 2210 1583 2250 pla-

887 2257 978 2289 nitus
998 2258 1176 2290 adeuntur.
1199 2259 1266 2288 Jos.
1283 2259 1367 2291 Scal.

927 2308 1030 2348 AEohs,
1045 2309 1232 2339 domicilium
1245 2309 1278 2339 in
1293 2308 1391 2347 edito]
1417 2310 1506 2349 Lege
1523 2319 1582 2350 po-

887 2358 954 2390 tius
980 2368 1056 2390 cum
1077 2359 1249 2398 Scaligero
1273 2358 1307 2389 in
1332 2359 1432 2390 aditu.
1477 2360 1580 2392 Varr.

886 2409 943 2440 lib.
954 2418 1006 2440 1v.
1019 2409 1060 2439 de
1078 2410 1115 2439 L.
1129 2409 1165 2440 L.
1180 2410 1190 2426 ‘
1203 2408 1303 2439 AEdes
1320 2409 1362 2439 ab
1375 2409 1477 2444 aditu,
1491 2409 1580 2450 quod

886 2460 985 2499 plano
1004 2459 1089 2499 pede
1108 2458 1258 2489 adibant.
1301 2458 1423 2500 Itaque
1440 2469 1481 2491 ex
1501 2459 1581 2490 aedi-

888 2509 949 2540 bus
980 2507 1093 2539 efferri
1125 2507 1287 2539 indictivo
1317 2508 1434 2540 funere
1466 2519 1581 2550 praeco

888 2559 990 2590 etiarn
1017 2568 1074 2589 eos
1098 2557 1183 2589 dicit
1202 2558 1259 2600 qni
1287 2568 1305 2589 e
1332 2560 1482 2590 tabernis
1499 2558 1579 2591 effe-

887 2613 1026 2646 runtur3
1047 2612 1081 2638 et
1094 2618 1208 2639 omnes
1224 2610 1256 2639 in
1270 2619 1371 2640 censu
1389 2610 1484 2641 villas
1501 2610 1580 2641 inde

887 2658 1027 2689 dicimus
1044 2658 1155 2689 aedes.’
1193 2660 1235 2689 Et
1251 2669 1331 2690 sane
1349 2660 1439 2690 aedes
1456 2660 1579 2690 veteri-

887 2708 948 2738 bus
965 2707 1124 2740 Romanis
1140 2718 1214 2750 quae
1228 2708 1355 2741 Graecis
1365 2708 1518 2748 οἰκόπεδα,
1533 2720 1578 2741 ae..

746 2759 859 2801 Pomp.
877 2761 963 2795 Fest.
1462 2764 1490 2794 D
