1835 2906
360 157 422 187 DE
455 155 727 186 VERBORUM
762 152 1169 183 SlGNlFlCATlONE
1205 152 1300 183 [AB.
1336 151 1442 181 xlv.

245 254 518 296 discedebat.

1551 139 1634 181 6:37

580 252 731 305 Scipio
763 251 875 292 enim
906 248 1140 290 Africanus
1162 248 1328 301 primus
1349 247 1634 289 fortissimum

246 335 464 376 quemque
487 320 662 372 delegit,
684 320 759 374 qui
782 320 838 359 ab
861 329 915 359 eo
947 317 989 357 in
1018 316 1138 357 bello
1168 329 1255 356 non
1279 315 1574 364 discederent,
1594 317 1637 354 et

245 394 389 430 cetero
412 401 586 429 munere
608 388 777 428 militiae
796 388 1016 434 vacarent,
1033 390 1077 424 et
1094 383 1355 437 sesquiplex
1370 382 1637 436 stipendium

246 456 511 509 acciperent.

189 524 406 565 Praetoria
427 526 555 577 porta
575 523 620 563 in
641 522 799 563 castris
820 520 1090 575 appellatur,
1112 532 1201 573 qua
1221 518 1439 558 exercitus
1459 519 1503 558 in
1525 529 1639 570 pree-

244 592 351 632 lium
373 591 600 632 educitur:
632 590 736 644 quia
756 589 881 629 initio
904 589 1121 629 Praetores
1144 589 1280 634 erant,
1299 586 1374 638 qui
1396 598 1507 625 nunc
1525 584 1641 625 Con-

247 659 383 709 sules,
407 664 452 700 et
472 660 502 699 ii
531 659 648 699 bella
674 658 1073 699 administrabant:
1105 666 1288 709 quorum
1313 653 1642 694 tabernaculum

248 739 423 780 quoque
445 726 675 766 dicebatur
696 723 977 765 Praetorium.

191 792 586 835 Praevaricatores¹
610 807 637 834 a
658 790 1054 847 praetergrediendo
1069 795 1084 820 ⁷
1106 792 1205 830 sunt
1227 788 1387 830 vocati.

192 862 504 911 Prandicula‚¹¹¹
518 860 763 915 jentacula.

1478 855 1644 907 [FEsr.

192 929 459 970 Prandicula
478 929 647 983 antiqui
670 928 890 977 dicebant,
913 940 1013 981 quae
1034 938 1148 966 nunc
1164 923 1408 979 jentacula.
1466 923 1644 976 [PAUL.

193 997 435 1038 Prandium
448 1002 465 1018 ¹¹
488 1009 545 1037 ex
565 997 727 1038 Graeco

1230 998 1299 1034 est
1321 992 1485 1033 dictum
1501 1005 1511 1032 :
1543 1003 1645 1031 nam

249 1065 539 1107 meridianum
562 1065 707 1106 cibum
729 1076 904 1106 coenam
926 1062 1161 1103 vocabant.

795 1183 932 1195 οοοοοοο

935 1182 1032 1195 eeeee

241 1242 259 1272 7
284 1241 367 1272 Vet.
384 1240 441 1272 lib.
455 1240 640 1280 gradiendo.
667 1239 733 1271 Ed.
745 1239 834 1271 Scal.
847 1237 1147 1279 proetergradiendo.

852 1344 996 1376 NOTAE

238 1411 246 1433 ¹
268 1411 549 1452 Praevmvicaeores]
573 1411 714 1452 Optime
739 1411 860 1442 Festus
877 1420 896 1441 a

193 1464 489 1502 proetergrediendm
541 1463 688 1494 Varie-are
719 1462 808 1493 enim
834 1466 898 1500 est,

194 1513 338 1553 ingredi,
373 1514 556 1545 ambulare.
610 1513 722 1544 Gloss.
762 1511 898 1550 Isidori,

194 1565 374 1605 ‘Varicat,
400 1565 552 1603 divertit,
580 1563 751 1595 ambulat.’
795 1563 897 1597 Item,

193 1616 395 1655 ‘varicavit‚
423 1615 632 1647 ambulavit?
686 1615 899 1646 Praeraricarz'

195 1673 247 1698 est
264 1666 500 1707 praetergredi,
513 1666 600 1707 quod
618 1665 756 1706 proprie
765 1665 807 1696 de
825 1675 897 1696 ara-

199 1717 329 1749 toribus
351 1717 489 1757 dicitur,
507 1717 564 1757 qui
585 1727 604 1747 a
621 1721 715 1747 recto
732 1716 826 1747 sulco
850 1716 899 1746 di·

199 1773 351 1807 vertunt,
367 1772 402 1799 et
418 1767 495 1798 iude
513 1767 711 1797 translatum
727 1766 760 1796 iu
777 1765 899 1796 forum.

199 1818 332 1849 Plinius
349 1818 407 1849 lib.
434 1826 541 1849 xvnt.
565 1827 639 1856 cap.
662 1819 714 1847 19.
739 1816 899 1855 ‘Arator‚

199 1868 264 1899 nisi
301 1868 473 1903 incurvus,
513 1867 768 1907 praevaricatur.
816 1867 900 1898 Inde

200 1920 401 1950 translatum
418 1918 480 1949 hoc
495 1918 622 1948 crimen
635 1918 668 1947 in
687 1916 808 1947 forum.
845 1917 900 1948 Ibi

201 1971 316 2011 itaque
341 1975 517 2007 caveatur,
544 1969 602 1999 ubi
626 1970 800 1998 inventum
825 1968 900 1999 est.’

200 2020 434 2051 Praevaricator
458 2020 562 2059 igitur
582 2018 613 2048 iu
630 2017 702 2049 foro
717 2018 901 2058 opponitur

201 2080 283 2101 vero
316 2069 521 2107 accusatori,
550 2074 585 2099 et
620 2068 646 2098 is
675 2068 817 2105 dicitur,
844 2069 901 2108 qui

201 2121 279 2151 dum
297 2120 394 2160 fingit
410 2130 445 2150 se
463 2128 637 2158 accusare,
651 2119 684 2149 id
703 2119 774 2157 agit
790 2121 901 2159 potius

202 2176 240 2202 ut
262 2180 337 2202 reus
361 2170 567 2201 absolvatur.
614 2169 727 2200 Gloss.
746 2170 755 2186 ⁴
770 2179 902 2209 praeva-

203 2221 304 2259 ricor,
317 2220 488 2259 καταφὶημι
503 2220 559 2249 τοῦ
575 2218 764 2258 ὑπευθύνου,’
781 2220 812 2250 id
837 2225 902 2259 est,

202 2275 210 2287 ‘
227 2271 400 2301 summitto
417 2280 468 2300 me
488 2269 568 2300 re0.’
608 2270 718 2300 Item:
743 2270 752 2286 ‘
765 2271 902 2301 Praeva-

205 2323 293 2352 ricor
307 2321 380 2360 tibi,
395 2319 578 2359 νοσφῖζομαί
593 2323 652 2351 σε.’
683 2322 691 2337 ‘
708 2320 845 2351 Adludo
863 2322 903 2351 ti-

203 2370 261 2402 bi!
306 2372 349 2402 Et
365 2371 429 2401 hoc
447 2371 550 2401 fiebat
565 2371 617 2400 vel
635 2371 841 2402 transeundo
854 2371 903 2402 di·

205 2421 330 2459 conda,
360 2422 413 2451 vel
450 2421 573 2451 leviter
598 2420 798 2460 attingendo
830 2431 902 2461 quae

206 2477 285 2503 sunt
316 2472 440 2511 saepius
472 2470 686 2508 inculcanda,
721 2470 903 2511 infigenda.

204 2523 336 2554 Plinius
352 2522 471 2554 Juuior
485 2522 592 2562 Epist.
609 2524 660 2552 20.
672 2521 728 2553 lib.
746 2531 770 2553 ῐ.
786 2524 795 2539 ‘
812 2521 904 2554 Atio-

207 2573 263 2614 qui
290 2571 531 2612 praevaricatio
548 2575 610 2609 est,
627 2571 771 2601 transire
789 2571 903 2603 dicen-

206 2624 261 2654 da.
307 2621 553 2653 Praevaricatio
580 2621 682 2651 etiam
713 2622 835 2652 cursim
868 2628 904 2654 et

208 2673 359 2704 breviter
376 2673 555 2712 attingere,
567 2681 641 2712 quae
655 2672 719 2702 siut
733 2672 904 2704 inculcan-

210 2723 263 2763 da,
281 2722 460 2765 infigenda,
478 2721 689 2762 repetenda)
715 2723 810 2753 Idem.

993 1415 1016 1430 m
1041 1408 1246 1450 Prandicula]
1273 1407 1448 1439 Prandium
1464 1409 1499 1436 et
1521 1404 1651 1446 prandi·

950 1462 1052 1492 culum
1076 1460 1341 1501 projeutac1110‚
1358 1464 1395 1490 ut
1410 1464 1445 1488 et
1463 1457 1539 1488 olim
1558 1456 1649 1494 apud

952 1510 1091 1541 Graecos
1102 1511 1232 1540 δεῖπνον.
1277 1509 1365 1539 Vide
1383 1513 1391 1524 ¹
1405 1506 1534 1538 Coena.’
1552 1506 1650 1536 Idem.

995 1565 1009 1580 ¹¹
1037 1561 1225 1600 Prumlimn]
1267 1559 1295 1590 A
1320 1559 1444 1590 Graeco
1472 1556 1585 1597 πρώην,
1607 1566 1651 1587 ex

953 1611 1149 1642 Plutarcho.
1171 1611 1239 1641 dos.
1251 1609 1335 1640 Scal.

999 1660 1186 1701 Prandium]
1219 1661 1346 1690 Vocem
1378 1659 1548 1697 Graecam,
1577 1666 1653 1697 quae

954 1710 1006 1741 hic
1037 1711 1267 1746 desideratur,
1293 1709 1391 1740 ἔνδιον
1419 1718 1492 1739 esse
1520 1707 1653 1748 putavit

956 1761 1124 1792 Canterus
1156 1760 1238 1791 Var.
1273 1762 1368 1791 Lect.
1403 1760 1462 1790 lib.
1497 1768 1544 1789 ιν.
1574 1767 1652 1797 cap.

954 1813 1007 1842 28.
1046 1821 1088 1841 ex
1106 1811 1290 1841 Plutarcho
1314 1810 1372 1841 tib.
1390 1818 1472 1840 vm.
1496 1808 1653 1849 Sympos.

956 1861 1119 1892 Probro.
1164 1860 1231 1892 Sed
1262 1859 1402 1891 frustra.
1449 1859 1537 1891 Nam
1557 1857 1655 1888 ἔνδιον

956 1912 1160 1943 Plutarchus
1185 1921 1250 1943 non
1274 1910 1416 1951 πρωΐνὸν,
1439 1909 1654 1949 matutinum,

955 1967 992 1993 ut
1003 1963 1055 1993 hic
1073 1963 1196 1993 Festus
1208 1962 1250 1992 de
1268 1962 1421 2002 prandio,
1434 1961 1492 1992 sed
1510 1959 1654 1999 δειλινὸν,

956 2013 988 2043 id
1020 2018 1084 2048 est,
1111 2013 1354 2052 vespertinum.
1400 2012 1524 2043 Melius
1552 2012 1656 2051 igitur

956 2063 1123 2102 Scaliger,
1149 2063 1205 2102 qui
1243 2072 1285 2093 ex
1318 2061 1436 2093 eodem
1468 2061 1654 2092 Plutarcho

956 2115 1092 2154 supplet
1107 2114 1194 2154 πρωῒ,
1213 2114 1244 2144 id
1257 2119 1321 2148 est,
1337 2123 1444 2144 mane.
1493 2113 1580 2143 Nam
1594 2122 1656 2153 pro

955 2165 1036 2205 πρωῒ
1061 2166 1174 2196 Dores
1202 2165 1363 2196 dicebaut
1391 2163 1480 2203 πρὰν,
1511 2169 1546 2194 et
1575 2163 1655 2193 inde

954 2216 1136 2256 pramlium:
1154 2216 1216 2246 uisi
1230 2216 1322 2246 dicas
1334 2224 1408 2245 cum
1425 2215 1522 2245 voss.
1551 2214 1658 2244 Pran-

955 2267 1041 2297 dium
1071 2277 1143 2297 esse
1171 2277 1190 2297 a
1220 2264 1299 2305 πρὰν
1322 2270 1358 2296 et
1379 2263 1447 2303 ἔδω,
1471 2265 1547 2303 edo,
1566 2262 1657 2304 quod

957 2327 1056 2348 mane
1076 2317 1207 2348 edatur.
1255 2318 1299 2347 Et
1315 2317 1377 2347 hoc
1401 2315 1507 2355 magis
1532 2315 1656 2354 placet,

957 2378 1056 2409 quam
1073 2367 1160 2409 quod
1177 2367 1255 2398 olim
1272 2367 1387 2398 Caesar
1408 2366 1572 2405 Scaliger,
1601 2364 1659 2405 qui

954 2419 1124 2458 prandium
1140 2418 1206 2449 dici
1224 2417 1357 2458 putavit
1372 2427 1390 2447 a
1405 2420 1559 2457 paratum,
1580 2417 1659 2456 quia

957 2471 1079 2500 iterum
1103 2469 1145 2500 ad
1173 2479 1257 2509 opus
1280 2468 1390 2509 parati
1416 2472 1530 2499 essent
1552 2468 1657 2499 illico.

958 2521 1022 2552 Vel
1046 2521 1135 2562 quod
1159 2522 1237 2551 olim
1266 2520 1536 2554 Kekermannus,
1560 2519 1617 2559 qui
1640 2528 1660 2548 a

955 2572 1134 2612 perendinz's
1154 2572 1296 2611 reliquiis
1316 2571 1480 2612 prandium
1504 2569 1659 2607 deduxit,

958 2633 1039 2663 quas
1061 2623 1206 2653 Veteres
1226 2633 1323 2654 mane
1345 2622 1573 2658 comederent,
1590 2620 1657 2649 lau-

959 2675 1026 2704 tius
1052 2675 1188 2714 vesperi
1213 2685 1344 2716 unaque
1366 2684 1440 2706 cum
1458 2674 1528 2704 aliis
1546 2680 1658 2703 coena-

961 2725 1037 2756 tuti.
1062 2725 1140 2756 Dae.
