1835 2906
369 158 431 188 DE
467 154 737 187 VERBORUM
772 151 1180 185 SlGNlFtcATmNL·
1219 151 1309 181 [ΑΒ.
1344 151 1413 181 XI.

1540 139 1623 182 381

227 253 437 308 gitudinis
472 253 637 306 lignum
669 250 921 299 rotundum,
949 247 1069 302 quod
1102 247 1408 300 circumagunt
1439 245 1552 287 fabri
1581 246 1625 286 in

226 323 431 376 operibus
453 319 698 362 tornandis.

170 390 377 431 Mamurii
410 388 607 430 Veturiix
643 399 800 428 nomen
833 384 1076 437 frequenter
1097 383 1140 423 in
1172 382 1404 422 cantibus4
1438 381 1628 423 Romani

223 456 561 512 frequentabant
579 455 661 496 hac
684 453 737 494 de
766 464 917 494 causa.

981 450 1132 492 Numa
1150 448 1377 502 Pompilio
1401 454 1627 502 regnante,

226 539 250 566 e
271 525 386 566 coelo
408 523 623 565 cecidisse
643 522 779 563 fertur
801 519 959 569 ancile,
978 518 1023 559 id
1044 523 1125 567 est,
1149 520 1320 558 scutum
1341 518 1486 566 breve,
1508 515 1629 570 quod

227 592 328 633 ideo
360 592 425 632 sic
447 594 514 631 est
544 589 833 644 appellatum,
860 587 966 641 quia
999 598 1057 627 ex
1080 590 1266 638 utroque
1288 585 1423 625 latere
1454 588 1545 625 erat
1564 597 1632 624 re-

230 660 384 709 cisum,
436 662 483 699 ut
535 669 751 698 summum
789 655 1078 708 infimumque
1126 653 1225 707 ejus
1277 653 1394 694 latus
1417 656 1431 681 ⁵
1486 651 1631 692 medio

229 731 424 781 pateret3
453 737 627 778 unaque
657 724 779 766 edita
805 736 909 772 vox,
942 722 1136 763 omnium
1163 720 1513 776 potentissimam
1535 719 1628 760 fore

234 795 475 843 civitatem,
513 792 725 846 quamdiu
756 792 803 833 id
833 792 878 832 in
913 804 968 832 ea
1000 790 1248 831 mansisset.

1315 789 1476 842 Itaque
1512 787 1633 828 facta

233 866 332 904 sunt
361 861 560 916 ejusdem
601 860 772 914 generis
813 860 959 914 plura,
990 858 1155 913 quibus
1198 856 1243 898 id
1280 856 1545 905 misceretur,
1580 867 1636 895 ne

235 929 471 971 internosci
506 928 692 970 coeleste
727 933 915 982 posset:

945 927 1180 981 probatum
1208 938 1322 979 opus
1355 929 1422 965 est
1442 923 1636 964 maxime

239 997 451 1039 Mamurii
491 995 700 1038 Veturii:
752 996 828 1050 qui
868 995 1039 1050 praemii
1087 994 1193 1035 loco
1235 993 1379 1047 petiit,
1421 996 1467 1034 ut
1508 1004 1636 1033 suum

237 1078 395 1106 nomen
417 1065 531 1105 inter
551 1064 745 1105 carmina
765 1063 877 1104 Salii
900 1065 1119 1104 canerent.

182 1133 410 1176 Manalem
435 1132 602 1174 sontem
632 1131 736 1182 dici,
767 1144 849 1185 pro
882 1143 949 1179 eo,
972 1128 1095 1183 quod
1117 1141 1235 1182 aqua
1267 1140 1326 1169 ex
1358 1140 1410 1168 co
1460 1126 1582 1180 [PAU
1598 1138 1638 1166 1..

238 1213 411 1254 semper
431 1203 595 1240 manet.

790 1313 1013 1327 OOONOOO‘O‘
1019 1313 1037 1326 O

227 1422 247 1451 4
272 1417 418 1452 Quidam
436 1421 506 1448 vet.
534 1415 595 1447 lib.
622 1414 712 1456 apud
741 1414 831 1446 Scal.
855 1415 1118 1446 carminibus.-—5
1145 1414 1207 1446 Ed.
1233 1414 1322 1446 Scal.
1350 1414 1456 1445 latius.

848 1555 987 1588 NOTAE

186 1644 342 1678 machina
382 1643 558 1682 tractoria,
593 1642 627 1673 id
658 1642 828 1682 Mamphur
857 1642 890 1673 in

188 1704 298 1729 torno.
332 1696 493 1728 Graecum
518 1698 572 1725 est
594 1692 796 1734 μαννοφόρον,
813 1693 893 1734 quia

188 1747 474 1780 circumvolutum
491 1745 615 1777 habeat
632 1745 754 1784 lorum,
770 1750 808 1775 ut
824 1745 891 1776 col-

187 1800 257 1830 lum
286 1797 423 1835 monile,
461 1796 549 1837 quod
578 1794 693 1833 μάνναν
716 1801 751 1827 et
782 1792 892 1825 νάννον

190 1853 314 1881 vocant
355 1846 481 1878 Graeci.
526 1846 595 1877 Jos.
626 1845 710 1877 Scal.
778 1846 890 1877 Schol.

189 1900 361 1932 Theocrit·
383 1898 469 1939 Idyl.
495 1906 534 1929 11.
554 1896 671 1936 μάνναν
692 1896 730 1928 τὸ
749 1908 892 1937 περιτρα-

191 1950 307 1990 χήλιον
329 1949 459 1989 κόσμον,
474 1948 512 1979 τὸ
528 1948 700 1988 λεγόμενον
713 1947 892 1987 μαννάκιον.

193 2005 202 2019 ⁴
221 2002 384 2033 Mannum
402 2000 525 2032 collare
552 2004 797 2034 ornamentum,
823 1999 894 2031 dic-

193 2058 262 2084 tum
279 2050 500 2083 mannacion.'
517 2051 599 2082 Dac-

235 2109 251 2125 x
287 2102 443 2133 Mamurii
477 2101 617 2142 Velm-ii]
656 2101 729 2132 Viri
771 2110 894 2132 nomeu

193 2153 367 2194 proprium
394 2152 491 2183 multi
516 2150 662 2191 faciunt,
680 2161 760 2192 quos
782 2150 895 2191 sequi-

195 2209 249 2234 tur
267 2203 399 2234 Festus.
445 2200 591 2234 Quidam
608 2200 815 2232 Mamurium
827 2201 895 2231 Ve-

196 2254 323 2284 turium
355 2253 447 2284 aiunt
477 2262 553 2283 esse
584 2257 736 2284 veterem
772 2261 897 2283 memo-

197 2304 293 2335 riam.
337 2303 436 2333 Varr.
466 2303 524 2333 lib.
550 2312 584 2334 v.
619 2303 628 2320 ‘
654 2302 775 2344 Itaque
805 2302 897 2338 Salii,

197 2355 255 2397 qui
265 2358 405 2386 cantant
415 2353 619 2384 Mamurium
632 2354 820 2392 Veturium,
835 2353 899 2394 sig·

198 2405 340 2436 nificant
369 2408 520 2435 veterem
554 2403 774 2434 memoriam.’
831 2403 899 2434 Sed

198 2455 300 2485 Festo
317 2453 428 2494 potius
445 2452 623 2484 assentiar.
669 2451 900 2483 Nominabant

199 2510 313 2536 autem
332 2504 472 2535 Romani
496 2503 699 2534 Mamurium
716 2503 896 2534 Veturium

199 2558 234 2588 in
252 2557 403 2589 carmine
420 2555 538 2587 Saliari
556 2554 632 2586 boni
648 2554 765 2586 ominis
782 2565 898 2595 causa,

201 2612 240 2639 ut
271 2613 307 2639 et
337 2607 474 2638 Luciam
498 2605 724 2636 Volumniam.
769 2604 900 2636 Ancilis

202 2658 376 2689 historiam
390 2657 541 2698 plerique
554 2656 737 2696 scriptores
751 2654 901 2686 tradunt.

206 2708 304 2740 Quod
333 2709 374 2739 de
402 2708 475 2747 ejus
506 2712 617 2747 etymo
646 2705 740 2737 addit
766 2706 898 2742 Festus,

946 1642 1066 1674 Ancile
1091 1642 1231 1682 dictum,
1258 1641 1336 1682 quia
1359 1651 1399 1672 cx
1426 1645 1569 1682 utroque
1596 1641 1644 1672 la=

946 1698 1019 1723 tere
1049 1698 1124 1723 erat
1147 1692 1362 1731 recisum‚ut
1386 1701 1548 1722 summum
1572 1690 1645 1722 infi-

947 1751 1104 1783 mumque
1122 1742 1190 1783 ejus
1204 1742 1294 1773 latus
1311 1741 1422 1773 medio
1440 1747 1585 1783 pateret,
1611 1741 1646 1772 id

946 1793 1112 1834 probatur
1144 1803 1186 1824 ex
1220 1793 1418 1832 Plutarcho,
1444 1792 1502 1833 qui
1529 1792 1648 1823 scribit

946 1845 978 1875 in
992 1845 1126 1875 Numa:
1151 1843 1289 1882 ἆγκύλια
1302 1843 1434 1874 καλοῦσι
1449 1842 1497 1873 διὰ
1512 1842 1549 1873 τὸ
1565 1842 1647 1881 σχῆ-

945 1904 998 1933 μα·
1017 1893 1132 1925 κύκλος
1146 1893 1207 1933 ’γὰρ
1222 1894 1278 1924 οὐκ
1294 1892 1393 1933 ἔστιν,
1417 1893 1484 1924 οὔδε
1500 1893 1647 1924 ἀποδίδω-

948 1956 1009 1986 σιν,
1022 1945 1061 1976 ὡς
1075 1943 1189 1982 πέλτη,
1212 1943 1271 1981 τὴν
1285 1944 1492 1986 περιφερείαν,
1505 1944 1579 1975 ἀλλ’
1599 1945 1649 1975 ἐκ·

948 1997 1048 2035 τομὴν
1060 1995 1128 2037 ἔχει
1140 1996 1283 2036 ’γραμμῆς
1299 1996 1493 2034 ἑλικοειδυῦς,
1503 1993 1538 2031 ἧς
1552 1994 1584 2026 αἴ
1599 2007 1650 2025 κε-

947 2048 1029 2087 ραῖαι
1046 2045 1167 2085 καμπὰς
1184 2044 1312 2084 ἔχουσαι
1328 2045 1377 2076 καὶ
1391 2045 1649 2085 συνεπιστρέφου-

950 2111 1002 2130 σαι
1017 2099 1061 2139 τῇ
1074 2096 1243 2133 πυκνότητι
1258 2096 1332 2137 πρὸς
1352 2096 1496 2133 ἀλλήλας
1512 2095 1650 2134 ἄγκυλον

949 2150 986 2181 τὸ
1008 2151 1119 2187 σχῆμα
1140 2148 1289 2178 ποιοῦσιν.
1336 2147 1377 2178 Id
1402 2153 1465 2182 est,
1490 2148 1499 2164 ⁶
1516 2146 1651 2177 Ancilia

952 2205 1117 2232 vocantur
1142 2204 1286 2240 propter
1309 2197 1450 2238 figuram
1470 2208 1478 2235 3
1506 2197 1651 2228 circulus

953 2252 1041 2283 enim
1068 2260 1132 2281 non
1157 2254 1221 2288 est,
1246 2258 1353 2290 neque
1382 2248 1588 2288 exprimunt,
1613 2251 1652 2276 ut

953 2302 1058 2343 pelta,
1083 2299 1306 2331 orbicularem
1332 2297 1484 2338 figuram,
1508 2296 1568 2327 sed
1593 2305 1651 2327 ex-

953 2352 1025 2383 cisa
1049 2351 1081 2381 in
1100 2349 1230 2380 modum
1248 2349 1410 2380 revolutae
1426 2349 1537 2388 lineae‚
1554 2347 1651 2388 cujus

955 2407 1117 2434 extremae
1146 2406 1262 2441 partes
1289 2398 1434 2440 inflexae,
1461 2404 1496 2430 et
1523 2399 1653 2440 pariter

956 2453 1123 2484 densitate
1149 2452 1258 2482 altera
1284 2450 1325 2480 ad
1351 2450 1491 2481 alteram
1510 2458 1651 2480 conver-

951 2514 1013 2541 sae,
1027 2511 1164 2533 curvam
1182 2500 1326 2541 figurnm
1342 2498 1517 2531 efficiunt.'
1550 2498 1652 2532 Quod

954 2559 989 2584 ut
1005 2552 1138 2583 facilius
1155 2551 1378 2591 intelligatur,
1393 2561 1433 2581 en
1450 2550 1511 2582 tibi
1524 2550 1654 2581 Ancilis

955 2603 1109 2643 formam,
1122 2602 1253 2643 qualem
1268 2601 1369 2633 fuisse
1385 2602 1541 2643 conjicio.
1552 2598 1652 2673 (Α)

1590 2661 1611 2681 0

955 2655 1054 2687 Idem.
1554 2676 1572 2728 ζ
1636 2675 1654 2728 )

1580 2728 1630 2744 v
