1835 2906
193 128 277 171 298

482 138 618 169 FESTI
652 138 715 170 DE
749 138 893 168 VERB.
925 137 1105 168 SIGNIF.
1138 138 1231 167 LlB.
1264 137 1349 169 VH.

195 232 533 285 GULLIOCAE,8''
561 247 721 275 nucum
747 233 1022 288 ,iuglandium
1052 245 1236 283 summa,
1260 239 1304 274 et
1324 233 1481 275 viridia
1507 239 1632 289 puta-

250 302 382 342 mina.

195 364 513 421 Gurgustium,0
541 382 675 422 genus
715 368 1004 410 habitationis
1038 372 1284 421 angustum,
1317 382 1344 411 a
1378 367 1632 422 gurgulione

254 435 437 476 dictum.

195 501 513 552 Gutturnium,‘¹
552 516 632 544 vas
670 516 727 544 ex
760 516 846 556 quo
891 516 1008 557 aqua
1042 502 1082 542 in
1116 515 1273 542 manus
1301 501 1458 544 datur:
1494 504 1550 544 ab
1580 515 1635 544 eo

252 570 369 624 quod
387 574 565 624 propter
580 570 668 611 oris
691 570 936 622 angustiam
957 569 1159 622 guttatim
1182 569 1303 610 fluat.

802 687 937 701 eeeeee

939 687 1033 698 ‘owe

239 769 259 797 8
283 765 481 807 Legendum
498 771 613 797 monet
627 765 713 797 Dac.
729 765 862 796 Gullicoe
875 764 929 795 vel
947 764 1108 795 Gulliolae.

846 858 988 892 NOTAE

195 926 324 965 τύμβος.
359 925 474 958 Gloss.
489 926 498 942 ‘
512 925 766 966 Οτιιῃιί,τύμβοι
779 925 798 956 :'
816 924 893 956 iude

197 982 339 1018 propter
368 976 635 1017 similitudinem,
665 977 780 1007 acervi
811 976 893 1016 lapi-

197 1028 291 1067 dum,
312 1027 368 1069 qui
392 1028 432 1058 ad
460 1028 679 1058 terminorum
704 1026 896 1058 distinctio-

197 1087 274 1109 nem
292 1078 516 1119 ponebantm,
529 1078 635 1116 grumz'
656 1078 749 1108 dicti.
786 1078 896 1108 Glosa

200 1129 209 1145 ‘
226 1128 346 1167 grumi,
360 1128 388 1158 οἱ
402 1126 580 1168 διορίζοντες
601 1126 672 1158 ’τοὺς
692 1127 778 1167 ὅρους
792 1126 895 1157 Mona!

200 1181 209 1195 ⁶
229 1179 384 1219 Lapides,
402 1180 457 1220 qui
479 1178 561 1209 fines
585 1179 789 1218 partiuntur,
811 1178 895 1208 divi-

200 1229 306 1260 dunt.'
350 1230 394 1260 Et
420 1229 529 1260 Gloss.
552 1229 769 1260 Graeco-Lat.
794 1229 803 1245 ‘
821 1227 896 1267 ὅρων

199 1278 288 1315 λίθοι,
305 1278 437 1319 grumi!
479 1279 617 1309 Grumus
632 1282 743 1310 autem
763 1288 780 1308 a
794 1278 803 1294 ‘
819 1287 895 1308 con-

199 1329 311 1370 gerie'
335 1329 430 1360 ducit
448 1328 593 1359 Nouius.
637 1328 776 1359 Vossius
793 1337 812 1358 a
828 1338 896 1367 κρυ-

200 1379 268 1418 μὸς,
284 1378 405 1420 frigus,
429 1378 506 1419 quia
530 1377 658 1418 frigore
675 1387 727 1408 res
744 1387 896 1408 concres-

200 1436 306 1462 cunt:
327 1430 386 1461 sed
402 1429 616 1460 verisimilius
632 1427 714 1459 illud
731 1438 827 1468 quam
846 1436 900 1458 ve-

201 1482 283 1512 rius.
330 1480 421 1510 Puto
438 1489 456 1509 a
476 1489 569 1518 grim,
593 1478 625 1508 id
643 1484 710 1518 est,
737 1487 900 1519 congruo.

201 1533 331 1563 dictum
353 1541 496 1570 gricinus,
521 1530 608 1570 quod
625 1536 714 1560 terra
730 1530 849 1569 multa,
865 1534 901 1560 et

201 1583 296 1614 multi
313 1581 445 1622 lapides
462 1581 584 1612 cocant
601 1585 635 1611 et
651 1585 839 1620 congruant
858 1579 900 1610 ad

199 1642 342 1673 grumum
370 1631 600 1662 efficiendum.
640 1632 666 1661 A
683 1641 814 1670 grumus
831 1630 900 1661 fac-

204 1690 274 1714 tum
293 1683 529 1714 diminutivum
544 1684 721 1721 grumulus,
743 1692 804 1721 pro
821 1692 902 1722 qua·

202 1734 290 1764 libet
306 1732 521 1764 acervatione
538 1738 571 1762 et
587 1738 692 1764 strue.
738 1732 902 1762 Paulinus

205 1783 354 1823 Epistol.
372 1785 403 1812 3.
433 1781 475 1812 ad
502 1782 686 1812 Severum:
711 1782 719 1798 ‘
741 1782 782 1812 Et
800 1787 837 1812 ut
854 1787 903 1812 to-

205 1838 276 1864 tam
292 1833 394 1873 juxta
412 1832 474 1861 Dei
500 1831 637 1861 verbnm
655 1830 903 1862 confectionem

206 1881 401 1923 prophetici
440 1881 534 1920 panis
573 1882 742 1920 impleret,
778 1882 904 1911 lentem

206 1941 340 1973 quoque
356 1935 390 1961 et
406 1930 566 1960 hordeum
583 1930 701 1960 viciam
715 1930 907 1962 miscuisset

208 1983 242 2013 in
260 1979 461 2022 grumilum.’
485 1979 514 2010 A
528 1989 658 2019 grumas
669 1979 761 2011 facta
774 1981 907 2012 Gallica

208 2043 275 2065 vox
286 2041 448 2071 grumeuu.
473 2031 558 2061 Dae.

251 2083 265 2104 ¹³
292 2081 459 2121 Gullz'ocae]
494 2081 647 2112 Glossar.
678 2080 688 2099 ‘
714 2080 907 2112 Guilliciola

210 2133 336 2163 cortice
365 2131 462 2161 nucis
495 2130 668 2170 juglandis
701 2129 814 2169 viridi,
847 2141 907 2171 pei·

211 2193 311 2224 quem
328 2191 450 2221 corpus
464 2181 644 2213 humanum
658 2181 801 2222 intelligi
814 2181 908 2213 vult?

213 2235 285 2266 Ful.
307 2233 414 2264 Ursin.

993 922 1158 962 Gulliocoe]
1183 921 1268 953 Vide
1283 922 1411 958 eadem,
1428 920 1532 953 verbo
1555 922 1564 938 ‘
1578 922 1644 954 Cu-

947 973 1050 1005 liola.'
1074 974 1152 1004 Ant.
1167 974 1254 1012 Aug.

997 1024 1321 1063 Gulliocae]G10ssae‚
1339 1023 1347 1039 ‘
1357 1023 1513 1057 Gulluea,
1527 1034 1646 1063 καροιο-

949 1074 1063 1113 τόμια,’
1081 1080 1129 1113 et,
1158 1080 1164 1091 ‘
1182 1075 1390 1113 Gutilllocae‚
1404 1072 1509 1113 κάροια
1533 1072 1645 1112 μακρὰ,

949 1125 1031 1165 παρὰ
1057 1124 1254 1163 Λουκιλλίῳ.’
1301 1125 1404 1164 Lege,
1429 1124 1571 1162 Gulioca,
1592 1134 1646 1153 κα-

950 1175 1105 1216 ρυοτόμισ..
1152 1175 1315 1214 Gulliocoe,
1330 1174 1427 1215 κάρυα
1442 1172 1552 1213 μακρά.
1590 1174 1647 1204 De

950 1228 1057 1267 longis
1086 1227 1227 1258 nucibus
1267 1226 1347 1257 alibi
1377 1226 1459 1257 satis
1490 1223 1646 1255 diximus.

950 1279 1021 1309 Jos.
1038 1278 1123 1308 Scat.

996 1327 1165 1367 Gulliocoe]
1191 1327 1294 1367 Lege,
1314 1325 1439 1365 gullicae
1456 1326 1509 1356 vel
1534 1324 1648 1364 gullio-

953 1377 1001 1406 loe.
1047 1375 1133 1406 Vide
1150 1377 1158 1392 ‘
1174 1375 1332 1407 Culiola.’
1355 1376 1437 1406 Duc.

996 1431 1009 1446 0
1045 1426 1269 1467 Gurgasez'um]
1307 1426 1399 1458 Quin
1426 1429 1461 1456 et
1488 1423 1649 1463 gurgulio.

954 1477 1087 1508 Glossae
1116 1477 1204 1508 enini
1231 1477 1501 1516 interpretantur
1527 1473 1651 1512 οἰκημά-

953 1539 1021 1557 τιον
1038 1526 1153 1567 βραχύ.
1176 1527 1243 1557 Jos.
1259 1527 1343 1557 Scal.

1000 1577 1226 1617 Gurgustium]
1261 1575 1292 1607 A
1318 1575 1515 1615 gurgulione.
1562 1575 1651 1605 Nam

952 1628 1101 1666 gurgulio
1131 1631 1166 1658 et
1199 1627 1399 1665 gurgustium
1435 1629 1652 1665 exponuntur

956 1676 1134 1715 οἰκημάτων
1147 1675 1261 1716 βραχὺ,
1273 1678 1282 1693 ⁴
1298 1674 1465 1706 habitatio
1479 1679 1620 1714 angusta
1630 1673 1651 1711 ς’

959 1734 1072 1760 tamen
1083 1727 1283 1767 gurgustium
1291 1726 1402 1767 potius
1412 1735 1431 1756 a
1440 1724 1569 1764 gurgite
1578 1734 1656 1764 qua-

959 1780 986 1809 si
1002 1779 1205 1818 gurgistium.
1250 1777 1335 1808 Nam
1359 1776 1496 1816 proprie
1518 1784 1654 1814 gurgus-

960 1830 1050 1867 tium,
1068 1829 1207 1859 taberna
1224 1827 1366 1858 obscura
1379 1831 1413 1857 et
1429 1826 1547 1856 latens.
1574 1826 1655 1856 Duc.

1003 1880 1018 1900 ⁴¹
1043 1879 1265 1918 Gutturnz'um]
1295 1878 1451 1909 Glossae:
1485 1881 1492 1893 ‘
1511 1876 1656 1907 Guttur-

961 1940 1051 1966 nnm,
1080 1929 1156 1962 εἶδος
1183 1928 1310 1961 σκεύους
1333 1927 1523 1968 ὀστρακίνου.
1568 1926 1656 1957 Gut-

961 1981 1125 2019 turnium,
1139 1979 1268 2020 βαθμὸς,
1281 1978 1432 2019 προκοπὴ,
1452 1978 1491 2008 ὡς
1511 1974 1655 2015 Βάῤῥων.’

962 2031 1126 2062 Ultimum
1152 2030 1287 2060 videtur
1310 2029 1436 2060 dictum
1462 2027 1550 2069 quod
1579 2032 1655 2067 gut-

961 2083 1058 2113 tatim
1075 2082 1147 2114 fiat.
1170 2083 1238 2113 «Ios.
1254 2081 1338 2112 Scul.

1006 2131 1227 2171 Gutturuium]
1265 2130 1352 2161 Vide

962 2182 1044 2214 Dac.

1399 2134 1407 2148 ‘
1433 2127 1657 2160 Coturnium?
