1835 2906
186 120 272 163 164

643 124 793 157 SEXTI
828 121 1031 154 POMPEH
1066 120 1201 152 FESTI

196 225 486 269 Clunaculum
501 228 518 252 ‘²
541 221 727 264 cultrum
746 217 1074 273 sanguinarium
1088 215 1268 267 dictum3
1289 214 1355 257 vel
1369 213 1472 268 quia
1485 212 1632 254 clunes

249 293 482 334 hostiarum
499 288 684 341 dividit3
713 287 786 329 vel
805 286 910 340 quia
931 284 988 326 ad
1005 284 1160 325 clunes
1178 282 1413 336 dependet.

194 359 384 401 Clunasr
414 357 566 399 simias
587 370 613 398 a
630 356 835 398 clunibus
856 354 972 395 tritis
989 352 1128 393 dictas
1145 350 1412 391 existimant.

197 427 363 468 clunes
378 432 391 448 ⁵
412 424 669 467 masculine.
712 423 921 464 Plautus:
945 420 1089 471 Quasi
1111 420 1245 473 lupus
1265 418 1321 458 ab
1341 416 1472 457 armis
1493 414 1637 464 valeo,

253 493 405 535 clunes
424 492 634 533 infractos
652 490 759 531 fero.

199 560 379 602 Clutum
394 562 405 583 ³
438 559 588 601 Graeci
610 557 743 598 κλυτὸν
758 556 922 598 dicunt.
968 554 1099 596 Unde
1122 556 1310 606 accepta
1325 548 1640 605 praepositione

255 628 304 670 fit
324 628 530 669 inclutus.
590 626 649 666 IN
681 625 798 666 enim
818 637 939 678 saepe
961 622 1148 676 augendi
1168 633 1307 662 causa
1327 617 1574 672 adjicimus,
1596 618 1645 655 ut

258 696 495 745 invocavit,
515 693 783 734 inclamavit.

859 810 999 842 NOTAE

206 877 404 910 membrana
442 887 508 917 qua
541 876 678 908 ordeum
709 874 903 905 involvitur.

206 927 296 959 Vide
318 926 486 958 ‘mamas
528 926 569 956 In
588 925 762 956 Glossario
779 923 904 963 legitur

207 980 216 997 ‘
236 979 368 1017 clunar,
385 978 485 1017 κριθῆς
501 976 654 1017 λέπυρον.’
702 975 798 1006 Ordei
812 984 905 1005 mem·

208 1029 316 1064 brana,
332 1033 492 1068 corrupte
510 1037 572 1067 pro
587 1028 697 1061 clmna,
719 1029 777 1056 aut
793 1026 907 1056 cluma-

209 1089 289 1110 rum.
335 1078 385 1109 Ut
401 1077 528 1117 optime
545 1076 741 1106 Vulcanius.
763 1074 843 1105 Dac.

253 1135 269 1155 q
289 1128 504 1168 clunaculum]
527 1126 618 1158 Quid
635 1126 678 1156 sit
692 1127 824 1156 cultrum
839 1135 909 1155 san-

210 1178 403 1217 guinarium,
428 1186 492 1217 ego
518 1176 645 1207 nescio.
703 1174 755 1206 An
778 1175 911 1205 cultrum

204 1227 454 1267 jugulatorinm?
485 1227 676 1266 Propterea
691 1225 815 1256 dicitur
831 1229 912 1263 σφα-

213 1277 289 1318 γεὺς
310 1287 330 1308 a
345 1276 487 1309 Graecis.
531 1276 597 1307 Sed
616 1279 698 1316 puto
714 1274 912 1305 mendosum

217 1338 312 1360 esse:
337 1333 372 1360 et
398 1327 447 1358 ita
471 1326 674 1366 legendum:
702 1326 915 1362 Clunaculum,

217 1380 351 1410 cultrum
365 1388 438 1409 sane
447 1377 668 1416 victimarium,
677 1378 730 1417 ᾅϊ.
760 1375 818 1407 Ita
828 1376 916 1406 enim

219 1430 399 1471 aliquando
414 1429 586 1469 loquitur:
605 1433 642 1459 ut
659 1437 783 1468 supra:
806 1426 918 1457 ‘AEra-

218 1481 305 1512 rium
319 1490 398 1511 sane
415 1480 558 1520 populus
572 1480 634 1510 Ro.
647 1479 679 1509 in
694 1477 768 1509 aede
784 1477 920 1508 Saturni

219 1530 363 1563 habuit.’
394 1530 458 1561 Vel
471 1529 669 1570 simpliciter
683 1540 690 1559 z
706 1528 920 1567 clunaculum,

219 1581 355 1612 cultrum
379 1580 600 1619 victimarium,
627 1581 679 1619 &aa
725 1578 803 1617 Vel,
831 1577 919 1619 quod

221 1630 335 1661 verius
351 1635 449 1670 puto,
464 1629 597 1660 cultrum
612 1629 815 1667 saginarium.
859 1627 922 1658 Est

223 1680 313 1711 enim
337 1680 450 1711 culter
473 1679 650 1718 laniorum,
675 1677 717 1709 ad
735 1677 924 1718 jugulanda

223 1739 351 1770 pecora
363 1730 528 1769 saginata.
560 1729 683 1768 Neque
700 1727 832 1763 dubito,
843 1727 924 1767 quin

223 1780 299 1810 liaec
316 1788 397 1810 vera
412 1780 454 1810 sit
474 1778 590 1810 lectio.
635 1777 690 1809 Ita
715 1787 797 1817 ergo
823 1786 926 1817 popa-

226 1838 301 1859 rum
317 1830 429 1859 culter
444 1828 633 1859 vocabitur.
656 1828 724 1858 Jos.
740 1827 824 1857 Scal.

275 1877 492 1917 Clunaculum]
523 1877 675 1917 Scaliger
692 1877 791 1916 legit,
812 1877 928 1907 Clana-

229 1929 329 1959 culum
345 1928 480 1959 cultrum
505 1927 721 1966 Suginarz'um,
743 1931 781 1957 nt
804 1926 928 1957 intelli-

232 1982 333 2019 gatur
345 1977 454 2009 culter
469 1977 633 2008 laniorum
648 1975 930 2017 quojugulabant

232 2027 389 2067 saginata
413 2035 550 2067 pecora.
593 2026 721 2056 Tamen
748 2034 814 2056 non
831 2024 930 2055 video

234 2086 294 2108 cur
316 2076 551 2115 sanguinarium
575 2074 758 2115 rejiciatur.
803 2073 931 2106 Quidni

235 2126 324 2157 enim
340 2125 564 2166 sanguinarius
585 2125 694 2156 culter
718 2124 852 2155 dicatur
876 2124 932 2164 qui

235 2177 445 2209 victimarum
472 2177 637 2218 sanguine
660 2176 848 2216 mergitur?
879 2176 933 2205 De

237 2228 360 2267 Etymo
384 2228 567 2269 posterius,
587 2237 709 2268 nempe
723 2229 803 2268 quod
818 2227 857 2257 ad
872 2228 934 2257 clu-

237 2288 290 2308 nes
314 2279 462 2318 dependet
489 2279 593 2319 priori
617 2279 757 2309 multum
782 2282 934 2318 praestat.

238 2329 295 2359 Sic
321 2329 353 2359 in
381 2330 487 2360 veteri
503 2329 676 2361 Glossario
694 2328 934 2360 Arabico-Lat.

239 2377 248 2393 ‘
264 2379 497 2415 clunaculum,
514 2379 634 2420 pugio:
652 2379 779 2410 dictum
793 2377 881 2418 quod
895 2377 936 2407 ad

240 2428 356 2459 cinnes
372 2429 545 2468 religetur.
570 2429 665 2460 Idem
683 2428 826 2469 spatha.'
852 2428 936 2467 Spa—

241 2478 300 2508 tha
322 2482 435 2508 autem
460 2478 631 2510 Graecum.
669 2479 818 2519 Hesycli.
835 2477 937 2514 σπάθη

240 2527 390 2567 μάχαιρα,
406 2526 504 2567 ξίφος.
532 2529 610 2559 Dae.

286 2582 297 2598 ¹
321 2577 452 2618 Clunas]
482 2578 712 2609 Glossarium:
739 2579 875 2617 ‘Clura,
889 2576 938 2607 πί-

245 2628 358 2664 θηκος.’
375 2637 564 2668 perperam,
578 2632 614 2658 ut
633 2628 737 2666 vides,
753 2629 861 2667 Clara,
879 2637 940 2667 pro

244 2679 346 2709 clun«.
393 2678 527 2717 Graece,
554 2681 592 2708 ut
618 2687 718 2718 supra
742 2679 942 2716 monuimus,

957 872 1115 912 κερκολίψ.
1137 873 1206 902 Jos.
1224 871 1305 902 Scul.

1003 922 1136 962 Clunas]
1162 922 1274 960 cluna,
1285 920 1381 950 simia
1395 928 1469 959 quae
1480 917 1587 949 cauda
1600 927 1654 947 ca-

960 976 1025 1009 ret,
1040 977 1076 1003 et
1092 976 1189 1003 nates
1204 971 1308 1002 habet
1325 974 1472 1009 apertas.
1508 968 1577 999 Pro
1590 968 1655 998 clu·

959 1034 1000 1055 na
1014 1023 1160 1054 Veteres
1173 1022 1289 1052 dixere
1305 1021 1432 1055 clurastz
1447 1018 1479 1049 in
1495 1027 1513 1047 r
1527 1021 1657 1048 mutato

962 1078 998 1104 ut
1025 1072 1073 1103 fit.
1127 1072 1240 1103 Gloss.
1265 1070 1275 1086 ‘
1290 1070 1404 1108 Clura,
1426 1067 1578 1105 πίθηκος,’
1601 1066 1660 1097 ubi

963 1122 1116 1161 Scaliger
1131 1120 1198 1160 legi
1215 1119 1344 1150 debere
1365 1117 1542 1150 contendit
1557 1117 1659 1154 cluna,

964 1180 1151 1212 perperam.
1197 1168 1227 1200 A
1249 1169 1335 1199 clura
1361 1167 1489 1199 factum
1509 1166 1662 1198 clurinum

964 1232 1029 1264 quo
1045 1231 1125 1253 usus
1143 1219 1401 1251 Plaut.Trucul.
1412 1221 1494 1251 11.2.
1509 1218 1518 1235 ‘
1531 1223 1567 1249 tu
1582 1227 1663 1249 vero

965 1273 1131 1304 clurinum
1149 1281 1253 1312 pecus
1269 1269 1450 1301 Advenisti
1471 1270 1536 1300 huc
1553 1272 1665 1300 osten-

967 1327 1076 1355 tatum
1102 1332 1177 1354 cum
1202 1321 1374 1352 exornatis
1399 1320 1548 1351 ossibus.'
1598 1318 1666 1349 Ubi

971 1373 1123 1404 clurinum
1146 1381 1239 1412 pecus
1264 1371 1422 1402 dicuntur
1444 1369 1596 1400 homines
1613 1367 1669 1399 de-

973 1423 1108 1458 formes,
1132 1422 1188 1463 qui
1216 1426 1251 1452 et
1278 1420 1355 1451 ideo
1380 1420 1490 1451 simiae.
1536 1419 1669 1450 Glossae

974 1473 1110 1514 Papiae:
1144 1474 1153 1489 ‘
1171 1472 1274 1503 Clura
1299 1471 1352 1502 vel
1379 1470 1547 1501 clurinum
1574 1469 1671 1499 simia

976 1523 1123 1555 dicitur!
1184 1524 1294 1562 Lege:
1327 1522 1424 1552 Clura
1447 1521 1495 1551 tel
1519 1519 1672 1550 clurinum

973 1584 1066 1616 pecus
1079 1573 1169 1605 simia
1184 1573 1311 1604 dicitur.
1358 1571 1445 1602 Nam
1463 1569 1672 1610 superiorem

976 1622 1095 1655 Plauti
1115 1624 1225 1654 locum
1242 1622 1404 1662 respexit.
1448 1620 1513 1650 Sed
1540 1618 1674 1650 omnino

977 1683 1091 1705 verum
1103 1678 1156 1704 est
1170 1672 1259 1713 quod
1277 1671 1394 1703 docuit
1406 1670 1548 1702 Salmas.
1562 1669 1675 1700 simias

979 1724 1088 1755 cluras
1105 1722 1213 1754 dictas
1231 1721 1356 1753 Graece
1382 1718 1541 1760 κολούρας.
1587 1719 1675 1750 Nam

981 1772 1128 1813 κόλουρος
1149 1772 1283 1812 proprie
1308 1771 1365 1812 qui
1389 1770 1496 1802 cauda
1522 1773 1618 1800 caret
1642 1773 1679 1800 et

982 1824 1134 1855 mutilam
1150 1822 1253 1853 habet
1269 1821 1410 1852 caudam
1425 1831 1434 1859 ;
1459 1821 1505 1851 ita
1522 1820 1678 1851 Callima-

983 1874 1063 1904 chus
1089 1871 1219 1912 κόλουρα
1245 1871 1333 1902 dixit
1357 1870 1483 1902 ecaudia
1509 1869 1679 1901 animalia.

986 1924 1100 1954 Colura
1122 1923 1226 1963 igitur
1240 1923 1336 1961 clura,
1353 1924 1390 1952 ut
1403 1919 1554 1960 γάλανος,
1575 1920 1680 1960 glans,

984 1976 1020 2004 et
1036 1973 1167 2003 similia.
1192 1973 1276 2003 Duc.

1026 2028 1037 2043 ⁸
1063 2022 1191 2063 Clunes]
1216 2022 1304 2053 Vide
1322 2021 1452 2053 incerta
1465 2020 1588 2051 Verrii.
1604 2019 1682 2051 Ant.

989 2073 1072 2111 Aug.

1031 2121 1158 2161 Clunes]
1180 2121 1286 2152 Paulo
1303 2120 1469 2152 diversius
1481 2130 1499 2151 a
1511 2120 1624 2151 Nonio
1637 2120 1683 2150 ci-

988 2177 1079 2204 tatur
1089 2173 1183 2203 locus
1197 2171 1333 2202 Plauti:
1350 2172 1479 2202 ‘Clunes
1489 2171 1683 2201 masculino.

990 2223 1133 2254 Plautus
1158 2221 1325 2261 Agroico:
1358 2222 1367 2238 ⁴
1384 2221 1489 2253 Quasi
1514 2221 1612 2260 lupus
1641 2220 1684 2250 ab

992 2273 1093 2305 armis
1112 2273 1229 2304 valeo:
1257 2272 1374 2303 clunes
1389 2271 1543 2303 desertos
1560 2269 1664 2311 gero.’
1678 2270 1688 2284 '

989 2325 1056 2355 Jos.
1072 2323 1155 2354 Scal.

1036 2372 1162 2412 Clunes]
1187 2371 1334 2403 ‘Clunes
1357 2369 1539 2409 infractos‚’
1562 2369 1593 2400 id
1621 2374 1687 2408 est,

992 2424 1107 2455 clunes
1124 2422 1282 2453 infirmos.
1322 2421 1453 2452 Nonius
1472 2421 1559 2451 hunc
1576 2421 1685 2451 locum

993 2473 1133 2504 adduxit
1161 2482 1202 2502 ex
1220 2471 1369 2512 Agroico
1383 2470 1511 2510 Plauti,
1534 2469 1685 2510 legitque

990 2525 1092 2555 clunes
1108 2525 1255 2554 desertos.
1292 2523 1379 2553 Dae.

1033 2576 1042 2595 ῑ
1069 2574 1209 2614 Clutum]
1227 2573 1408 2613 Inclytum,
1426 2569 1521 2601 valde
1538 2569 1688 2607 celebre,

995 2635 1013 2655 a
1030 2626 1118 2664 cluo,
1136 2623 1224 2665 quod
1242 2633 1261 2654 a
1276 2621 1371 2661 κλύω,
1386 2619 1474 2651 unde
1500 2619 1625 2659 κλυτὸν,
1651 2625 1687 2650 et

996 2676 1113 2707 addita
1130 2673 1368 2715 praepositione
1380 2672 1510 2713 in‚quae
1527 2680 1615 2711 saepe
1632 2680 1688 2700 au-
