1835 2906
164 91 249 134 632

598 105 745 136 SEXTI
779 107 982 138 POMPEII
1018 106 1154 137 FESTl

166 194 456 242 Praestolarid
477 200 635 243 dicitur
655 201 711 252 is,
735 202 811 256 qui
826 208 859 233 ¹⁷
881 206 980 244 ante
1001 202 1155 244 stando
1175 202 1252 253 ibi,
1275 217 1364 258 quo
1381 209 1610 248 venturum

225 269 433 322 excipere
456 268 568 317 vult,
588 274 794 312 moratur.

167 334 411 376 Praeteritie
443 340 667 379 senatores
701 338 920 391 quondam
953 338 999 378 in
1030 340 1268 394 opprobrio
1299 354 1387 382 non
1445 341 1611 395 [FEST.

780 455 896 468 oooooo

213 523 252 552 17
275 520 340 552 Ed.
361 521 451 554 Scai.
469 523 551 563 quia.

900 455 1018 469 ‘‘‘‘‘

824 623 966 656 NOTAE

168 693 254 725 Scal.

213 744 412 786 Proestitem]
433 744 463 776 A
476 749 605 786 proesto,
615 751 759 787 praestes,
773 752 811 780 ut
827 748 870 780 ab

168 795 177 812 ‘
192 795 340 835 antist0‚'
365 796 375 813 ‘
390 797 557 828 antistes!
591 798 682 830 Hinc
702 800 711 816 ‘
728 799 870 830 Praesti-

170 850 224 877 tes
254 845 363 885 lares:
389 847 446 888 qui
476 847 566 879 urbis
596 854 675 880 suut
701 849 871 887 custodes,

169 895 473 937 προστατήριοιθεοί.
495 899 579 930 Duc.

213 946 229 967 d
252 947 455 989 Proestolari]
478 949 487 965 ‘
499 949 687 981 Praestum'
703 961 722 982 a
736 951 872 982 Veteri·

171 998 233 1029 bus
250 999 371 1030 eratin
387 1009 458 1036 usu,
472 1010 491 1031 a
504 1010 569 1041 quo
583 1002 745 1034 remansit
761 1003 770 1020 ‘
786 1012 873 1042 prae·

172 1048 248 1087 st0,'
263 1048 469 1080 adverbiale.
493 1050 737 1091 ὑποκοριστικὸν,
764 1052 772 1069 ‘
787 1062 873 1092 prae·

172 1098 306 1138 stulus,’
344 1100 410 1139 vel,
436 1105 474 1132 ut
502 1103 632 1143 antiqui
666 1103 874 1144 scribebant,

168 1150 347 1189 proestolus.
377 1150 463 1181 Inde
481 1155 490 1168 ‘
507 1153 721 1192 praestolari.’
754 1154 763 1170 ‘
782 1154 877 1185 Prae-

175 1200 271 1240 stus‚’
287 1209 345 1231 seu
362 1201 372 1218 ‘
390 1202 595 1242 praestulus‚'
612 1203 766 1244 ἐπίμονος,
781 1215 876 1243 προσ·-

174 1252 339 1291 καρτερῶν,
357 1251 578 1293 προσλιπαρής.
604 1263 666 1293 pro
681 1264 747 1295 quo
764 1255 773 1271 ‘
791 1264 876 1294 prae·

175 1300 276 1339 sens‚'
306 1302 487 1333 usitatum:
525 1308 574 1339 ut,
600 1308 608 1320 ‘
627 1314 778 1344 praesens
807 1306 877 1335 ani-

174 1350 274 1382 mus!
311 1351 540 1384 Glossarium:
580 1354 589 1371 ‘
616 1354 784 1394 Praesens,
816 1356 878 1386 ἐπι·

176 1403 286 1440 φανὴς,
302 1401 352 1433 καὶ
366 1402 475 1442 παρὸν,
492 1403 542 1434 καὶ
553 1404 729 1444 εὕχαλκος.’
772 1407 875 1447 Lege,

177 1452 226 1483 καὶ
250 1453 394 1485 εὔαλκος.
419 1454 550 1487 efflamus
573 1461 625 1487 est
647 1455 762 1488 fortis:
788 1457 879 1498 quod

178 1508 214 1535 et
243 1504 376 1542 εὐαλκὴς
407 1515 542 1547 quoque
572 1506 763 1539 dicebatur.
811 1510 882 1539 Jos.

177 1555 261 1587 Scal.

223 1607 427 1648 Proestolari]
468 1608 535 1640 Alii
567 1615 678 1641 tamen
706 1621 725 1641 a
751 1615 880 1651 praesto,

178 1656 373 1689 immediate
398 1659 586 1698 praestolari.
619 1660 717 1691 Beda
744 1660 787 1691 de
814 1661 880 1691 Or-

178 1707 379 1749 thograpliia
396 1720 404 1739 :
429 1710 438 1726 ‘
456 1709 590 1740 Praesto
607 1719 668 1751 per
691 1720 710 1741 o
732 1710 883 1742 scriben—

179 1758 272 1798 dum,
284 1769 351 1791 non
364 1769 424 1800 per
436 1770 474 1792 u:
493 1761 581 1792 unde
599 1762 804 1802 praestolari,
817 1772 881 1793 non

178 1810 393 1849 praestulari.'
432 1811 473 1842 In
498 1812 609 1843 Gloss.
640 1813 648 1829 ‘
668 1812 881 1853 praestulari’

181 1864 217 1890 et
248 1864 256 1877 '
276 1861 476 1901 pl'aestolari‚
505 1864 756 1902 προσκαρτερεῖν,
787 1875 883 1904 παρα-

180 1909 296 1949 μένειν,
312 1913 525 1952 περισκοπεῖν,
539 1913 712 1953 ἐπιτερεῖν.’
736 1914 818 1945 Dae.

224 1966 238 1981 θ
261 1962 443 2002 Praeteriti]
464 1963 603 1994 Tribuni
631 1963 774 1995 militum
806 1974 884 1996 con·

180 2011 284 2043 sulari
314 2017 487 2053 potestate
511 2019 547 2046 et
571 2015 739 2046 Censores
764 2015 884 2046 eodem

183 2072 272 2093 anno
301 2064 408 2095 creati
435 2070 525 2104 sunt,
554 2070 592 2096 ut
622 2065 738 2096 Livius
769 2066 887 2097 scribit

182 2113 241 2144 lib.
259 2123 307 2146 ιν.
331 2114 386 2145 Ita
401 2125 574 2157 nunquam
587 2117 728 2147 lustrum
742 2116 888 2148 Tribuni

182 2161 352 2205 fecerunt,
367 2175 476 2207 neque
492 2177 681 2209 quenquam
699 2172 888 2199 senatorem

185 2218 373 2254 potuerunt
390 2217 586 2256 praeterire:
610 2227 720 2259 neque
734 2217 889 2249 credide-

184 2265 247 2295 rim
262 2266 363 2297 Festo
376 2266 506 2298 dicenti
519 2268 684 2299 Consules
701 2269 732 2299 in
749 2269 889 2300 consilio

184 2315 324 2355 publico
358 2317 517 2350 habuisse
556 2318 618 2349 sibi
651 2324 782 2352 tantum
810 2329 889 2351 cou-

180 2368 430 2408 junctissimos,
458 2375 494 2401 ut
526 2370 653 2410 Reges.
692 2371 781 2402 Illud
816 2381 890 2402 cre·

186 2417 278 2457 dam,
292 2429 366 2450 curn
385 2421 527 2451 lustrum
548 2420 714 2458 facerent,
731 2422 890 2462 supplere

188 2475 342 2500 senatum
360 2471 511 2511 potuisse
528 2482 570 2503 ex
594 2472 647 2512 iis,
662 2473 716 2513 qui
734 2472 815 2513 ipsis
840 2471 889 2502 fo-

190 2524 266 2550 rent
283 2521 568 2560 conjunctissimi:
595 2524 677 2555 item
693 2523 789 2563 illud,
808 2528 889 2554 tunc

189 2572 384 2612 praeteritos
402 2574 493 2604 nulla
511 2574 649 2615 adjecta
670 2580 759 2606 notae
776 2584 890 2615 causa,

188 2621 375 2662 ignominia
406 2625 567 2656 caruisse.
613 2625 778 2657 Censores
808 2635 890 2667 quo·

192 2681 256 2713 que
273 2672 361 2704 idem
378 2673 474 2705 initio
497 2674 629 2717 fecisse,
655 2677 733 2708 mihi
751 2676 787 2709 fit
806 2677 892 2709 veri—

924 697 1042 729 simile.
1073 697 1121 729 At
1145 702 1321 741 postquam
1343 709 1461 731 causas
1485 709 1623 732 enume-

925 758 1001 780 rare
1020 756 1208 790 coeperunt,
1231 750 1339 782 minus
1364 751 1505 783 honesta
1521 761 1623 783 causa

925 805 1038 831 notam
1062 800 1178 832 attulit
1202 811 1351 842 gravem.
1384 802 1470 834 Vide
1495 802 1622 834 Ascon.

925 849 959 881 in
975 850 1090 882 Divin.
1106 855 1143 882 et
1162 851 1196 882 in
1214 851 1330 883 Pison.
1353 852 1430 883 Val.
1455 853 1548 884 Max.
1565 853 1624 885 lib.

926 909 966 931 n.
981 910 1055 941 cap.
1069 903 1101 932 4.
1117 900 1206 932 Gell-
1222 901 1280 932 lib.
1297 911 1347 933 iv.
1365 912 1439 942 cap.
1449 904 1502 933 20.
1516 907 1552 934 et
1566 903 1624 934 lib.

926 959 991 983 vn.
1015 960 1092 992 cap.
1116 951 1179 982 ult.
1210 957 1246 982 et
1271 952 1332 984 lib.
1365 961 1440 984 Χνι.
1469 962 1545 994 cap.
1570 955 1623 984 13.

926 1002 1003 1033 Ant.
1020 1002 1107 1041 Aug.

972 1053 1152 1093 Praeteriti]
1178 1053 1279 1085 Unde
1308 1054 1397 1085 unde
1419 1054 1492 1085 liaec
1509 1053 1625 1095 expis-

928 1109 1024 1135 catus
1051 1104 1094 1135 sit
1118 1105 1272 1140 Verrius,
1300 1110 1359 1135 aut
1386 1105 1520 1140 Festus,
1549 1114 1628 1135 sane

927 1155 1039 1185 omnia
1054 1160 1175 1186 contra
1192 1155 1358 1186 rationem
1384 1148 1627 1186 vetustissimo-

929 1215 1002 1236 rum
1020 1206 1084 1237 Po.
1103 1206 1164 1236 Ro.
1193 1206 1426 1237 institutorum
1451 1209 1548 1236 sunt:
1573 1215 1630 1236 ea-

929 1266 996 1297 que
1024 1257 1124 1297 plane
1141 1257 1205 1288 toti
1232 1255 1430 1297 antiquitati
1451 1256 1548 1296 Reip.
1566 1256 1631 1287 Ro.

929 1307 1163 1339 adversantur.
1209 1308 1255 1338 Et
1283 1307 1396 1343 miror,
1430 1306 1518 1338 unde
1556 1307 1630 1338 haec

930 1359 1163 1399 exscripserit.
1186 1358 1255 1388 Jos.
1270 1357 1353 1389 Scul.

977 1408 1158 1449 Praeeeriti]
1185 1407 1284 1439 Unde
1298 1407 1386 1438 uude
1402 1407 1475 1438 haec
1492 1406 1635 1438 Verrius

932 1460 1130 1500 expiscatus
1161 1459 1214 1495 sit,
1248 1468 1289 1489 ea
1318 1467 1398 1489 sane
1434 1457 1633 1498 antiquitati

931 1512 1017 1552 reip.
1045 1512 1205 1542 Romanae
1224 1509 1461 1541 adversantur.
1494 1509 1635 1541 Tribuni

933 1563 1022 1594 enim
1040 1562 1183 1593 militum
1214 1561 1381 1592 consulari
1408 1565 1584 1602 potestate
1600 1565 1637 1592 et

931 1623 1090 1645 censores
1106 1612 1226 1644 eodem
1250 1621 1338 1644 anno
1354 1612 1461 1643 creati
1486 1615 1575 1647 sunt,
1599 1615 1638 1641 ut

932 1662 1040 1695 tradit
1071 1663 1144 1695 Liv.
1177 1663 1233 1693 lib.
1265 1672 1313 1694 iv.
1336 1671 1506 1704 nunquam
1537 1661 1639 1702 igitur

933 1715 1077 1745 lustrum
1130 1713 1271 1745 Tribuni
1311 1711 1480 1747 fecerunt,
1527 1719 1638 1752 neque

938 1774 1129 1807 quenquam
1147 1769 1340 1795 senatorem
1355 1766 1538 1803 potuerunt
1555 1771 1641 1802 prae-

938 1816 1054 1847 terire.
1102 1815 1223 1856 Neque
1258 1814 1448 1845 verosimile
1476 1819 1530 1845 est
1561 1823 1641 1845 con·

939 1868 1029 1899 sules
1052 1867 1084 1898 in
1102 1867 1243 1898 consilio
1261 1865 1397 1906 publico
1420 1874 1478 1896 eos
1507 1869 1639 1895 tantum

938 1918 1108 1957 habuisse,
1124 1917 1179 1958 qui
1203 1916 1267 1948 sibi
1300 1920 1413 1947 essent
1435 1915 1641 1957 conjunctis-

939 1969 1024 2004 simi,
1043 1974 1079 1999 ut
1106 1968 1185 1999 olim
1216 1976 1326 2007 reges».
1373 1966 1479 1998 ‘Illud
1509 1971 1640 1997 tantum

941 2017 1103 2053 credam:
1117 2016 1402 2059 inquitAutonius
1421 2015 1642 2057 Augustinus,

944 2074 1038 2101 ‘cum
1076 2069 1219 2099 lustrum
1259 2066 1438 2102 facerent,'
1464 2068 1527 2098 &c.
1557 2066 1642 2107 [vid.

944 2119 1037 2160 sup]
1074 2124 1188 2150 notam
1213 2118 1328 2148 attulit
1350 2116 1512 2156 gravem!
1554 2116 1641 2148 Haec

944 2170 1112 2201 Antonius
1123 2167 1346 2208 Augustinus.
1362 2167 1430 2197 Sed
1444 2165 1577 2197 fallitur
1593 2167 1644 2196 vir

943 2219 1170 2253 doctissimus,
1203 2226 1279 2248 cum
1320 2221 1418 2257 putat
1450 2216 1643 2257 praeteritos

943 2275 1130 2308 senatores,
1142 2274 1221 2300 ante
1234 2268 1443 2308 subscriptas
1455 2277 1574 2298 causas
1586 2277 1647 2299 cur

945 2321 1214 2363 praeterirentur,
1255 2318 1438 2359 ignominia
1473 2318 1645 2349 caruisse:

945 2382 1020 2403 nam
1038 2381 1078 2402 ex
1097 2369 1448 2401 animadversionibus
1463 2368 1649 2409 Censoriis,

947 2422 1067 2464 quibus
1098 2431 1208 2452 caus-ce
1251 2429 1387 2460 semper
1430 2418 1645 2459 subscriptae,

946 2473 1014 2504 sola
1044 2478 1239 2503 senatorum
1257 2469 1449 2510 praeteritio
1477 2469 1648 2509 excipien—

946 2523 1070 2558 daecni
1089 2522 1252 2552 rationem
1282 2520 1402 2551 ascribi
1421 2519 1508 2550 haud
1527 2519 1575 2550 ita
1593 2529 1647 2549 ve-

947 2575 1029 2605 teris
1047 2573 1190 2604 instituti
1209 2571 1312 2603 fuisse
1340 2580 1381 2601 ex
1410 2570 1505 2603 Livio
1529 2575 1646 2601 notum

947 2631 1011 2660 est,
1042 2631 1077 2654 et
1108 2629 1209 2654 antea
1231 2621 1415 2662 ignominia
1443 2618 1648 2651 deformatos
1677 2639 1682 2644 -

947 2681 1133 2707 senatores.
1166 2674 1222 2715 qui
1249 2671 1417 2714 praeteriti
1453 2669 1590 2702 fuerant
1614 2671 1649 2702 in
