1835 2906
185 137 270 183 168
639 146 788 178 snx‘rr
823 147 1026 178 ΡοΜΡΕιι
1063 147 1198 177 rsssn

244 242 438 284 Romulo
454 241 664 283 auxilium
681 242 891 284 adversus
913 242 1104 283 Sabinos
1124 240 1338 295 praebuit;
1368 255 1421 284 eo
1443 243 1561 297 quod
1582 244 1625 285 in

245 326 299 353 eo
320 309 590 352 domicilium
606 310 770 351 habuit.

189 379 392 432 Coepiam
406 376 422 400 ¹²
456 378 645 419 futurum
673 381 845 431 tempus
867 377 923 418 ab
945 390 1014 427 e0,
1035 377 1153 431 quod
1173 381 1241 418 est
1259 378 1426 433 coepi.¹³
1489 377 1624 420 Cato:

246 446 448 500 Coepiam
479 445 693 487 seditiosa
711 446 846 487 verba
864 444 1006 499 loqui.
1068 445 1289 487 Invenitur
1309 459 1483 501 quoque
1505 446 1623 500 apud

244 513 432 568 majores
452 518 497 555 et
514 513 718 555 infinitivi
735 513 853 554 modi
873 525 1061 567 coepere.

190 582 426 635 Cogitatim
449 581 767 631 adverbialiter,
788 594 868 634 pro
893 582 1096 634 cogitate.

191 649 412 704 Cogitatio
432 648 441 671 i
473 649 593 690 dicta
613 649 733 690 velut
754 648 1006 702 magnatio,
1027 650 1072 691 id
1094 655 1179 702 est,
1199 650 1333 703 longa
1353 648 1549 704 ejusdem
1569 648 1632 689 rei

247 717 428 770 agitatio
448 717 491 757 in
511 716 667 757 eadem
683 729 808 757 mora
828 717 1002 757 consilii
1022 717 1293 771 explicandi.

192 784 403 838 Cognitor
418 781 435 805 k
456 789 526 825 est
544 784 620 838 qui
639 784 762 824 litem
784 784 967 824 alterius
989 786 1180 839 suscipit
1201 799 1350 827 coram
1372 798 1440 835 eo,
1461 784 1533 825 cui
1556 784 1633 825 da-

247 855 318 893 tus
338 856 406 893 est
425 866 436 893 ε
467 854 719 904 procurator
738 854 884 891 autem
905 851 1106 892 absentis
1122 853 1296 893 nomine
1317 857 1464 894 auctor
1480 852 1506 879 ἓξ
1529 852 1593 892 fit.

191 917 379 972 Cognitu
397 918 547 960 facilia
567 917 723 959 eadem
756 918 924 958 ratione
960 919 1174 970 dicitur,¹4
1204 933 1293 974 qua
1320 920 1439 962 dictu
1469 919 1633 968 facilia,

248 991 290 1028 et
309 990 561 1040 perspectu,
583 992 631 1027 et
650 985 771 1027 factu
793 985 958 1027 facilia.

799 1117 1034 1132 eeeeeeeeeeee

234 1196 273 1224 13
297 1192 375 1224 Vid.
392 1194 474 1227 Not.
491 1195 616 1228 inst—³*
638 1197 736 1229 Actor
752 1198 785 1229 in
803 1207 908 1239 marg.
926 1196 980 1229 ed.
995 1197 1206 1238 Deum-14
1230 1194 1292 1227 Ed.
1306 1195 1396 1227 Scal.
1412 1195 1567 1226 dicuntur.

847 1311 990 1343 NOTAE

194 1392 300 1423 quens
330 1381 572 1424 foecundusque
598 1390 684 1422 erat,
718 1396 795 1417 mox
816 1387 893 1417 Coe-

194 1433 272 1463 lium
290 1434 497 1473 appellatum
515 1444 533 1464 a
548 1435 640 1466 Coele
654 1436 821 1471 Vibenna,
834 1437 891 1477 qui

195 1482 263 1514 dux
295 1484 405 1523 gentis
435 1485 603 1523 Etruscar,
630 1495 704 1516 curn
734 1487 892 1517 auxilium

195 1535 404 1574 appellatum
431 1534 653 1575 ductavisset,
680 1535 795 1568 sedem
819 1547 892 1568 eam

197 1590 380 1625 acceperat
414 1595 432 1615 a
460 1585 643 1626 Tarquinio
675 1586 807 1628 Prisco,
835 1597 895 1619 seu

197 1636 273 1676 quis
290 1634 374 1665 alius
392 1644 506 1674 regum
523 1635 643 1667 dedit!
668 1637 767 1668 Idem.

240 1686 255 1706 ¹¹
281 1686 435 1726 Coepiam]
461 1686 498 1716 In
515 1687 624 1717 veteri
641 1687 784 1728 quodam
802 1687 897 1718 sclie-

197 1736 252 1767 dio
279 1737 392 1777 reperi
420 1738 451 1767 in
480 1737 591 1768 verbis
619 1738 758 1770 Catonis
783 1749 898 1771 semesa

197 1786 301 1824 verba,
319 1796 383 1816 nou
399 1786 558 1817 seditiosa.
599 1787 708 1819 Erunt
725 1798 807 1829 ergo
824 1800 896 1820 ver-

198 1837 241 1867 ba
258 1837 396 1867 tertiata
414 1841 448 1867 et
465 1841 637 1877 quartata,
653 1843 687 1868 ut
702 1839 791 1870 idem
811 1840 897 1871 Cato

198 1887 283 1917 dixit
307 1887 452 1927 aliquem
481 1888 489 1903 ‘
510 1888 650 1918 tertiato
679 1893 714 1919 et
738 1895 898 1930 quartato

199 1937 304 1967 verba
332 1937 447 1968 dicere
485 1946 554 1976 prae
585 1937 701 1977 metu‚’
733 1945 771 1969 ut
803 1946 899 1971 notat

199 1988 335 2019 Servius
367 1987 400 2018 in
431 1987 590 2018 Schedis:
627 1989 716 2028 quod
746 1989 898 2021 imitatus

200 2043 265 2075 est,
279 2042 316 2069 ut
331 2038 407 2073 alia,
423 2037 588 2077 Apuleius
604 2038 664 2068 lib.
681 2048 714 2069 v.
737 2040 899 2073 ‘tertiata

201 2088 304 2118 verba
329 2088 516 2119 semianimi
546 2098 626 2119 voce
658 2089 899 2131 substrepens.’

202 2140 271 2169 Jos.
287 2138 369 2170 Scal.

253 2188 411 2229 Coepiom]
435 2189 642 2229 Legendum,
658 2190 695 2220 ab
712 2201 745 2222 eo
761 2194 839 2232 quod
854 2197 900 2224 est

203 2241 309 2280 coepz'o.
351 2240 489 2279 Coepz'am
504 2240 590 2271 dixit
604 2242 782 2273 Coecilius:
801 2243 810 2258 ‘
822 2243 899 2274 AEre

203 2290 348 2320 obscuro
384 2290 498 2321 hercle
537 2291 669 2330 desine,
703 2301 800 2323 mane
833 2303 900 2324 coe-

205 2339 317 2380 piam.’
364 2342 477 2379 Coepio.
501 2340 617 2371 Plaut.
635 2342 802 2373 Menaech.
824 2348 901 2375 v.5.

205 2395 212 2407 ¹
233 2390 355 2430 Neque
372 2400 434 2428 ego
451 2391 592 2426 insanio,
610 2401 719 2432 neque
741 2403 804 2432 ego
822 2404 904 2434 pug-

205 2449 263 2470 nas
293 2449 402 2479 neque
433 2440 508 2470 lites
537 2442 671 2481 coepio.’
725 2443 765 2474 Iu
794 2444 904 2475 verbis

207 2489 359 2524 Catonis,
381 2499 454 2529 quae
478 2490 593 2522 laudat
609 2493 739 2534 FestuS,
755 2494 907 2536 Scaliger

207 2550 272 2571 uon
298 2540 445 2570 seditiosa
468 2540 573 2579 rerba,
590 2542 648 2572 sed
674 2554 789 2576 semesa
814 2550 907 2578 verba

206 2591 371 2629 scriptum
389 2591 530 2629 reperit.
566 2592 651 2624 Sunt
665 2600 777 2626 autem
793 2605 908 2628 semesa

206 2641 297 2671 verbu
321 2650 396 2681 quae
423 2640 497 2681 quis
523 2642 662 2673 tertiato
684 2649 719 2675 et
744 2652 905 2687 quartato

209 2701 280 2730 prae
307 2696 397 2721 metu
425 2690 624 2733 substrepst,
648 2699 685 2725 ut
707 2696 792 2728 Cato
818 2698 904 2730 dixit

946 1386 1093 1427 aliquem
1118 1385 1127 1403 ‘
1146 1385 1289 1416 tertiato
1307 1389 1342 1416 et
1365 1387 1520 1425 quartano
1540 1382 1643 1414 verba

947 1435 1059 1466 dicere
1082 1445 1152 1475 prae
1174 1434 1289 1470 metu,'
1318 1440 1354 1466 ut
1377 1438 1473 1465 notat
1497 1433 1643 1463 Servius.

948 1486 1048 1518 Quod
1070 1491 1121 1516 est
1138 1486 1289 1517 imitatus
1307 1485 1483 1526 Apuleius,
1505 1489 1542 1514 ut
1566 1483 1643 1521 alia,

947 1537 1006 1567 lii).
1037 1545 1072 1567 v.
1105 1537 1115 1555 ‘
1132 1536 1283 1567 'ren-tiata
1319 1535 1422 1566 verba
1457 1534 1644 1566 semianimi

949 1596 1031 1617 voce
1047 1585 1292 1626 substrepens!
1315 1586 1397 1617 Dae.

991 1636 999 1656 ἰ
1025 1637 1201 1677 Cogitatio]
1239 1637 1334 1667 Idem
1365 1636 1477 1667 Varro
1516 1635 1575 1666 lib.
1611 1644 1645 1666 v.

947 1687 956 1703 ‘
976 1687 1109 1717 Primus
1133 1688 1282 1727 agitatus
1309 1687 1444 1726 mentis,
1464 1686 1553 1727 quod
1579 1686 1647 1726 pri-

951 1747 1040 1768 mum
1064 1747 1105 1768 ea
1129 1748 1203 1778 quae
1230 1747 1344 1768 sumus
1365 1738 1473 1768 acturi
1493 1738 1647 1777 cogitare

951 1787 1138 1819 debemus.'
1171 1789 1215 1819 Et
1231 1789 1332 1828 paulo
1349 1793 1448 1828 post:
1466 1787 1475 1803 ‘
1490 1787 1647 1828 Cogitate

952 1850 971 1869 a
987 1839 1140 1878 cogendo
1157 1838 1311 1870 dictum.’
1337 1839 1435 1869 Idem.

994 1889 1008 1909 k
1035 1889 1203 1929 cognitor]
1238 1889 1269 1920 A
1301 1888 1474 1919 veteribus
1506 1887 1649 1922 Graecis,

955 1940 1081 1971 ἔκδικος.
1128 1941 1179 1970 De
1197 1949 1237 1971 eo
1256 1939 1436 1970 Asconius.
1459 1938 1528 1970 Jos.
1545 1937 1628 1968 Scal.

1001 1993 1168 2033 s'vgnilor]
1192 1993 1259 2026 Qui
1285 1990 1493 2023 defendebat
1508 1991 1649 2021 alterum

956 2044 987 2074 in
1008 2044 1151 2083 judicio,
1170 2047 1228 2073 aut
1252 2045 1400 2081 patronus
1416 2039 1609 2078 dicebatur,
1625 2041 1652 2070 si

955 2100 1069 2124 orator
1086 2099 1187 2133 esset,
1205 2098 1263 2123 aut
1277 2093 1454 2129 advocatus,
1471 2091 1497 2120 si
1515 2095 1573 2120 aut
1592 2090 1650 2129 jus

956 2143 1161 2183 suggerebat
1199 2147 1258 2173 aut
1302 2142 1519 2182 praesentiaui
1557 2151 1649 2171 suam

955 2194 1191 2225 commodabat
1222 2193 1344 2230 amico,
1379 2196 1436 2221 aut
1457 2194 1653 2231 procurator,

956 2245 983 2274 si
1004 2244 1178 2284 negotium
1192 2242 1402 2283 suscipiebat
1415 2241 1577 2280 absentis,
1594 2246 1653 2270 aut

955 2295 1106 2333 cognitor,
1119 2294 1145 2324 si
1161 2293 1337 2333 praesentis
1351 2301 1483 2323 causam
1499 2296 1654 2327 noverat,

957 2351 992 2375 et
1009 2345 1057 2375 sic
1076 2345 1236 2374 tuebatur
1252 2348 1288 2374 ut
1304 2352 1409 2373 suam.
1456 2342 1577 2372 Cicero
1593 2350 1653 2381 pro

957 2397 1000 2428 Q.
1018 2395 1157 2426 Roscio:
1178 2396 1186 2411 ‘
1201 2393 1290 2427 Quid
1306 2393 1448 2424 interest
1463 2392 1654 2428 intereunti,

960 2445 1016 2485 qui
1036 2454 1095 2485 pro
1112 2455 1147 2475 se
1165 2444 1287 2483 litigat,
1303 2449 1336 2473 et
1353 2452 1440 2476 eum,
1457 2442 1512 2482 qui
1538 2441 1653 2480 cogui-

963 2501 1014 2526 tor
1030 2500 1081 2526 est
1097 2495 1217 2526 datus?
1241 2494 1296 2534 qui
1320 2503 1380 2534 pro
1405 2501 1440 2523 se
1464 2491 1558 2521 litem
1575 2500 1653 2521 con·

963 2551 1109 2578 testatur
1135 2546 1199 2576 sibi
1225 2545 1285 2575 soli
1313 2543 1412 2583 petit,
1436 2542 1534 2572 alteri
1558 2550 1656 2571 nemo

963 2602 1076 2637 potest
1098 2596 1161 2626 nisi
1188 2595 1266 2636 quia
1282 2593 1435 2633 cognitor
1451 2597 1504 2622 est
1520 2590 1654 2622 factus!

964 2648 1129 2685 Cognitor
1144 2656 1162 2676 a
1181 2650 1324 2686 praetore
1345 2642 1500 2673 dabatur.
1546 2643 1657 2673 Inter-

960 2698 1039 2729 dum
1064 2697 1165 2729 etiam
1191 2695 1332 2734 cognitor
1353 2702 1414 2734 pro
1437 2697 1584 2733 praetore
1603 2694 1655 2723 vel
