1835 2906
180 102 264 143 390

623 110 770 142 SEXTI
806 110 1007 140 POMPEll
1043 111 1179 141 FESTI

238 211 331 250 tum
353 207 530 257 dictum,
561 219 704 261 neque
736 220 794 248 ex
825 206 1126 248 misericordia
1161 211 1380 258 moestum,
1401 221 1543 262 neque
1572 223 1629 250 ex

241 275 499 317 crudelitate
519 287 700 325 saevum,
725 276 802 317 sed
823 275 1040 316 modestia
1062 279 1362 329 temperatum.

1451 277 1541 330 [ΡΑ
1553 289 1631 318 Ur..

182 342 423 393 Mantare‚‘³
446 356 568 396 saepe
584 356 769 384 manere.
811 343 1025 384 Caecilius
1045 344 1088 383 in
1105 344 1318 397 epistola:
1340 344 1442 385 Jam
1464 344 1632 398 [Fesrr.

241 424 316 452 ore
343 411 453 452 adeo
474 415 636 453 manta.

239 484 397 520 ventus
420 479 573 532 angit.⁶

706 411 807 452 Jam
844 411 930 452 hoc
953 411 1053 452 vide
1085 413 1518 453 caecus...animum
1557 413 1634 454 ad-

185 547 524 588 Manticularia‘
546 548 747 589 dicuntur
772 560 841 597 ea,
870 560 970 601 quae
993 547 1245 600 frequenter
1264 546 1307 586 in
1328 559 1410 587 usu
1452 547 1580 600 [PAU
1593 556 1633 586 [1.

240 614 464 665 habentur,
486 620 531 656 et
553 617 682 669 quasi
706 628 836 657 manu
858 620 1126 657 tractantur:
1159 615 1367 668 frequens
1386 614 1502 655 enim
1524 613 1637 654 anti-

242 682 340 736 quis
362 682 418 723 ad
440 696 592 724 manus
611 684 840 736 tergendas
859 696 966 725 usus
981 685 1068 725 fuit
1083 683 1396 732 mantiliorum,
1413 682 1525 724 unde
1542 682 1637 723 haec

241 750 426 791 trahitur
447 752 705 792 similitudo.

191 818 558 861 Manticularumss
589 834 698 861 usus
722 820 996 874 pauperibus
1017 820 1062 860 in
1083 820 1269 860 nummis
1290 831 1443 860 recon-
1466 817 1639 874 [FEST.

793 948 931 960 eeeeeee

934 949 1032 960 ooooo

231 1039 251 1066 6
274 1036 388 1067 Verba
405 1036 535 1068 Caecilii
564 1038 613 1069 ita
640 1037 783 1078 legenda
810 1042 926 1069 monet
948 1038 1036 1069 Scal.
1060 1038 1135 1067 Jam
1160 1037 1215 1067 ohe
1230 1038 1323 1068 adeo:
1346 1039 1452 1067 manta
1474 1036 1565 1075 jum.-
1589 1035 1643 1065 hoc

190 1080 258 1110 vide
279 1079 321 1110 Ut
336 1090 434 1111 coecus
449 1081 586 1112 animum
601 1082 749 1112 adventus
765 1083 865 1120 angit.

853 1191 993 1223 NOTAE

245 1269 259 1289 ’ἱ
293 1264 455 1305 Mantare]
503 1267 616 1297 Plaut.
644 1267 776 1299 Poenul.
806 1277 830 1299 1.
856 1271 890 1298 2.

192 1319 200 1332 ‘
215 1315 303 1347 Quia
319 1315 419 1346 herus
436 1326 495 1347 nos
511 1318 597 1358 apud
622 1318 730 1350 aedem
747 1319 891 1349 Veneris

191 1367 347 1398 mantat.’
394 1369 439 1399 Et
466 1369 547 1400 alibi
576 1380 680 1411 saepe.
725 1371 889 1401 Schedae:

191 1417 283 1457 ‘jam
302 1427 342 1448 ne
360 1418 459 1457 aden,
475 1420 615 1459 manta‚’
631 1423 693 1452 διο.
718 1421 815 1452 Idem.

234 1472 246 1487 r
268 1469 511 1508 Manticularia]
557 1471 643 1503 Quae
683 1471 724 1502 ad
759 1482 893 1503 manum

192 1522 271 1549 sunt
286 1517 336 1548 καὶ
351 1517 513 1560 πρόχειρα,
537 1530 557 1551 a
581 1521 775 1552 manticulis
792 1522 895 1553 ducta

192 1568 424 1609 similitudine,
448 1570 526 1610 quia
550 1580 625 1601 cum
645 1570 684 1601 iis
702 1581 818 1602 manus
837 1582 894 1602 ex-

192 1623 404 1660 tergeantur,
436 1625 473 1651 ut
508 1619 705 1662 frequenter
740 1622 894 1654 manibus

193 1669 387 1701 adhaereant
405 1680 545 1702 necesse
563 1677 625 1703 est.
651 1673 750 1704 Idem.

235 1725 246 1739 ⁸
270 1721 531 1764 Manticularum]
555 1724 647 1755 Quot
666 1724 767 1755 verba
786 1724 898 1755 Pacu-

196 1772 256 1810 vii,
280 1771 422 1802 totidem
452 1771 524 1803 fere
546 1779 697 1805 monstra
721 1784 897 1806 errorum:

196 1826 230 1852 et
246 1827 359 1852 tamen
377 1823 635 1862 pulcherrimam
656 1826 756 1864 prisci
773 1836 898 1857 sermo-

195 1872 245 1903 nis
276 1873 447 1904 notionem
475 1874 505 1903 in
533 1884 567 1904 se
590 1876 777 1907 continent.
824 1877 900 1915 Age

196 1923 299 1963 igitur
335 1924 381 1954 ita
411 1924 562 1964 legamus
589 1936 597 1955 ε
636 1926 819 1957 Pacui-ius:
849 1928 902 1957 Ad

196 1973 460 2004 manticulandum
497 1978 567 2006 astu
603 1978 797 2014 aggvi-ditor.
826 1978 903 2007 scite

196 2025 273 2065 quid
290 2035 407 2065 prome,
424 2036 506 2057 erue.
535 2027 638 2058 Item:
662 2029 760 2068 Educ,
777 2029 800 2068 i,
816 2040 901 2059 man-

196 2077 361 2107 ticulator:
392 2078 437 2108 ita
464 2089 510 2109 me
525 2078 610 2115 sacti
641 2080 789 2119 oppressit
808 2080 901 2119 jugo.

197 2127 272 2157 item
303 2127 411 2158 deinde
427 2139 436 2157 :
472 2128 669 2167 Aggredilzu·
692 2133 763 2160 astu
789 2140 903 2170 regem.

196 2178 461 2209 manticulandum
477 2183 520 2209 est
538 2179 588 2209 hic
604 2180 692 2210 mihi.
738 2182 780 2211 Et
795 2192 803 2210 :
829 2182 900 2212 Ma-

198 2229 320 2260 chinam
358 2230 473 2260 ordiris
509 2240 631 2270 noram,
661 2232 903 2263 IlIanticulatam

199 2282 282 2319 astu,
299 2280 455 2310 sanctiora
482 2280 581 2311 adicis
607 2282 750 2312 duranda
758 2282 833 2320 jura
849 2303 856 2312 .
872 2304 879 2312 .
894 2305 901 2312 .

202 2330 335 2360 Planius
353 2331 407 2360 hoc
421 2330 601 2371 significare
625 2330 761 2362 videtur.
773 2354 780 2361 .
796 2354 803 2362 .
818 2355 824 2363 .
839 2333 904 2372 qui-

202 2380 255 2409 bus
276 2381 410 2419 quotidie
431 2381 543 2412 Parva*
561 2391 651 2412 noxa·
668 2386 902 2421 extergeantur.

202 2433 209 2445 ‘
228 2429 390 2471 Planius‚’
407 2432 514 2473 inquit
532 2433 665 2467 Festus,
684 2433 765 2463 ‘lioc
777 2432 905 2473 signifi-

204 2490 282 2511 care
298 2481 457 2522 videtur,’
475 2488 510 2514 et
526 2483 621 2524 quasi
640 2484 812 2514 notionem
832 2494 904 2514 ver-

204 2531 236 2560 bi
252 2531 337 2561 ineo
352 2532 438 2571 quod
451 2534 621 2573 seqnitur:
648 2538 655 2550 ‘
674 2534 794 2574 quibus
808 2544 904 2564 noxae

206 2583 485 2621 extergeantur:'
510 2585 572 2614 hoc
605 2590 669 2621 est,
702 2584 766 2615 illis
796 2585 905 2616 verbis

205 2636 343 2672 etymon
379 2632 474 2663 verbi
509 2635 707 2665 nmnticulari
738 2636 908 2676 expressit

208 2683 394 2720 Pacuvius,
421 2693 496 2714 cum
515 2685 713 2724 extergendi
742 2686 908 2726 significa·

947 1272 1015 1298 tum
1034 1265 1172 1305 adjecit.
1220 1264 1306 1295 Nam
1323 1262 1518 1293 mantilibus
1535 1264 1645 1292 exter-

947 1322 1069 1358 gentur
1093 1326 1223 1351 manus,
1241 1324 1316 1356 quae
1344 1312 1531 1354 antiquitus
1557 1311 1648 1343 dice-

948 1369 1073 1399 bantur
1098 1365 1293 1397 ]llctnticuloe.
1339 1364 1439 1395 Unde
1457 1362 1649 1393 Manticula-

948 1421 997 1451 ria
1014 1427 1237 1460 quaecumque
1261 1421 1358 1448 erant
1374 1416 1415 1446 ad
1434 1424 1583 1454 manum,
1598 1413 1649 1444 καὶ

948 1470 1111 1511 πρόχειρα,
1127 1469 1317 1501 vocabant:
1343 1468 1420 1509 quia
1441 1466 1522 1497 nihil
1545 1465 1649 1505 magis

950 1521 992 1552 ad
1011 1531 1157 1560 manum,
1173 1529 1270 1561 quam
1289 1518 1444 1549 Mantile.
1490 1516 1556 1548 Sed
1575 1525 1650 1546 ver-

950 1573 991 1603 ba
1016 1571 1158 1602 Pacuvii
1186 1569 1445 1610 conjungamus:
1471 1566 1652 1597 Machinam

952 1624 1066 1655 ordiris
1103 1633 1224 1660 novam,
1270 1621 1503 1652 manticulatam
1547 1617 1651 1649 asim*

953 1675 1117 1705 Sanctior-a
1146 1673 1250 1712 adigis
1272 1672 1412 1711 juranda
1427 1670 1517 1710 jura,
1544 1669 1653 1709 quibus

953 1725 1066 1755 cotidie
1098 1725 1212 1754 Parva?
1237 1733 1326 1753 ‘110aeoe
1347 1724 1579 1760 extergeantur.
1596 1742 1604 1750 .
1621 1742 1629 1751 .
1646 1743 1652 1750 .

954 1786 1015 1816 pro
1039 1776 1128 1813 dicis,
1159 1773 1410 1804 emendavimus
1430 1771 1539 1805 adicis,
1564 1770 1653 1811 quod

954 1826 1116 1857 dicebant
1134 1835 1194 1865 pro
1209 1823 1324 1862 adigis.
1352 1823 1478 1854 Notum
1497 1826 1561 1861 est,
1574 1820 1656 1862 quid

957 1877 1000 1907 sit
1036 1878 1044 1893 ‘
1060 1876 1200 1915 adigere
1229 1875 1372 1915 aliquem
1392 1870 1658 1912 jusjurandnm‚’

959 1933 992 1957 et
1018 1927 1097 1968 quid
1126 1926 1258 1957 Graecis
1291 1923 1425 1955 ἐπακτὸς
1453 1922 1550 1963 ὅρκος.
1579 1922 1656 1952 Ele-

959 1984 1079 2017 ganter
1119 1982 1154 2007 et
1192 1977 1284 2016 qnasi
1327 1974 1432 2014 ’γνώμῃ
1465 1972 1657 2013 παροιμιώδει

957 2028 1112 2058 definivit
1129 2026 1381 2068 jusjurandum.
1414 2025 1503 2057 Quid
1521 2023 1656 2063 estjus-

951 2078 1161 2119 jurandum?
1200 2078 1350 2115 mantile,
1385 2084 1450 2116 quo
1489 2074 1657 2114 quotidia-

960 2140 1011 2159 nae
1042 2124 1400 2168 noxae'extergentur.
1445 2125 1544 2158 Quod
1574 2124 1660 2165 fere,

957 2181 1111 2221 quumvis
1135 2180 1200 2209 alia
1225 2178 1385 2219 allegoria
1410 2177 1534 2207 extulit
1551 2175 1658 2206 Labe-

958 2232 1044 2262 rius:
1082 2231 1194 2263 ‘Quid
1226 2235 1276 2260 cst
1300 2227 1566 2269 jusjurandum?
1591 2237 1658 2258 em-

959 2283 1125 2323 plastrum
1153 2281 1226 2311 aeris
1243 2278 1366 2310 alienis
1413 2279 1452 2309 In
1470 2278 1525 2308 illo
1548 2287 1660 2317 versu,

961 2332 1154 2370 Machinam,
1170 2333 1224 2371 350.
1241 2331 1338 2361 deest
1359 2329 1453 2359 finis:
1481 2329 1513 2358 in
1529 2328 1661 2366 eodem,

961 2384 1106 2424 trajecta
1123 2388 1218 2413 erant
1235 2392 1273 2412 ex
1293 2380 1481 2411 divulsione
1499 2378 1662 2417 membra,

960 2435 1128 2465 manticula
1146 2437 1242 2471 tactu,
1259 2442 1320 2462 an:
1346 2441 1405 2471 pro
1430 2430 1662 2460 mauticulatam

960 2489 1042 2516 astu.
1088 2484 1128 2515 In
1159 2485 1215 2514 illo
1248 2491 1355 2519 versu,
1381 2482 1480 2517 Educ,
1503 2480 1528 2518 i,
1558 2479 1662 2509 verba

963 2536 1031 2573 illa,
1059 2535 1104 2565 ila
1131 2544 1176 2564 mc
1194 2533 1278 2571 sacti
1299 2531 1449 2572 oppressit
1463 2530 1555 2567 jugo,
1573 2529 1660 2560 idem

965 2586 1078 2616 valent
1095 2594 1133 2615 ac
1152 2583 1347 2615 Plautinum
1371 2580 1464 2615 illud,
1481 2579 1534 2610 Ita
1561 2589 1608 2610 me
1629 2581 1662 2611 in

964 2637 1029 2677 ipso
1055 2637 1187 2666 articulo
1210 2632 1370 2675 oppressit.
1418 2630 1456 2660 ln
1481 2631 1537 2660 illo
1556 2640 1663 2671 versu,

965 2688 1175 2727 Aggrcclitur,
1189 2685 1291 2718 tertia
1313 2693 1332 2714 a
1355 2681 1523 2723 principio
1541 2681 1664 2722 produ-
