1835 2906
199 72 285 116 534

665 78 815 110 SEXTI
851 76 1057 108 POMPEII
1091 74 1229 106 FESTl

263 193 374 236 reges
414 184 454 220 et
487 181 641 230 gentes
681 176 759 230 qui
797 173 925 216 missi
964 177 1082 213 erant
1117 184 1193 225 pro
1223 167 1429 223 republica
1464 174 1603 208 nostra
1636 180 1662 208 a

261 248 430 304 populo
464 245 674 295 Romano,
701 242 733 283 ir:
767 239 964 294 conceptis
989 238 1120 280 verbis
1155 236 1325 279 solerent
1359 236 1450 278 deos
1482 235 1663 293 ἀρᾶσθαι,

261 317 307 358 id
325 323 395 365 est,
426 313 593 356 testari.-
625 313 695 369 qui
720 313 774 354 cit
807 315 931 353 acte:
964 322 1045 350 eos
1078 307 1219 349 nostri
1255 306 1332 348 alii
1359 319 1438 361 pro
1473 303 1663 359 legatisss

265 385 513 440 appellant,
527 387 576 425 ut
597 381 711 424 Cato
732 381 777 422 in
798 393 866 430 ea,
887 391 1023 433 quam
1043 376 1222 431 scripsit
1237 375 1293 417 de
1314 376 1408 416 suis
1427 373 1665 416 virtutibus

266 457 419 496 contra
438 452 707 494 Thermum:
740 449 805 491 Μ.
845 448 1007 490 Fulvio
1040 444 1253 487 Consulit
1283 444 1457 496 legatus
1490 454 1586 483 sum
1620 441 1667 481 in

266 521 497 572 AEtoliam,
531 524 766 575 propterea
801 516 925 572 quod
960 529 1017 558 ex
1050 514 1222 556 AEtolia
1255 510 1503 566 complures
1539 522 1670 550 vene-

265 595 368 632 rant
405 589 581 632 AEtolos
613 600 774 642 pacem
803 586 944 628 velle:

977 584 1032 626 de
1071 596 1126 625 ea
1164 595 1209 623 re
1248 585 1443 622 oratores
1477 578 1671 620 Romam

268 658 518 713 profectos:
568 660 610 698 et
648 657 692 697 in
735 654 965 708 Originum
998 653 1111 695 libro
1152 651 1318 705 primo:
1369 648 1554 702 Propter
1593 644 1671 687 idn

267 727 432 768 bellum
485 725 625 779 coepit
665 723 841 765 Coelius
888 722 992 765 PR.
1045 720 1257 770 Albanus,
1301 720 1501 759 oratores
1552 712 1676 757 misit

272 794 479 845 Romam,
503 807 621 835 eum.
679 819 692 831 .

756 825 765 835 .
827 789 933 832 alias
964 803 1045 844 pro
1067 787 1404 836 decretoribus,¹
1434 787 1485 826 ut
1507 783 1677 826 Teren-

271 864 394 906 tius:
425 868 572 905 orator
603 862 734 903 venio
757 860 894 902 facite
932 863 1144 901 exorator
1175 857 1273 898 sim.
1333 854 1451 896 Item
1481 858 1525 894 et
1544 850 1675 892 Afra-

273 932 373 974 nius
400 931 445 973 in
477 929 795 984 Emancipato:
826 929 879 970 si.
941 958 952 969 .

1111 958 1121 967 .
1179 929 1272 967 tum
1304 923 1344 965 si
1378 920 1497 976 quod
1527 921 1678 962 oritur.

665 997 771 1039 alias
786 1012 865 1053 pro
887 995 1065 1038 disertis
1087 998 1131 1037 et
1150 994 1241 1036 loci
1264 991 1514 1035 veteribus:
1546 989 1602 1030 ab
1623 1000 1677 1029 eo

277 1067 396 1121 quod
432 1066 608 1121 antiqui
646 1078 772 1107 orare
794 1064 1009 1106 dicebant
1040 1077 1120 1119 pro
1150 1074 1304 1115 agere:
1338 1060 1395 1102 ob
1418 1071 1552 1115 quam
1574 1069 1678 1099 cau-

278 1148 373 1177 sam
395 1135 599 1176 orationes
620 1147 801 1190 quoque
823 1147 973 1175 eorum
994 1135 1218 1174 vocantur.

222 1202 372 1245 Orba.y
394 1203 618 1258 significat
638 1203 756 1257 apud
779 1202 938 1257 poetas
959 1202 1179 1257 privatam
1202 1200 1352 1255 aliqua
1372 1211 1468 1253 per·
1499 1195 1680 1250 [PAUL.

837 1335 952 1346 ’’’’’’

269 1406 287 1434 S
312 1402 401 1435 Vide
418 1403 540 1436 Notas.

957 1334 1073 1346 αααααα

887 1477 1029 1510 NOTJE

226 1580 275 1607 tor
278 1597 384 1609 .....
404 1577 482 1608 Item
499 1598 507 1606 .
525 1599 532 1608 .
552 1598 560 1607 .
575 1580 604 1608 et
617 1587 674 1618 pro
689 1576 817 1609 disertis
832 1578 930 1608 elocu-

226 1626 366 1657 torz'bus:
394 1627 432 1658 ab
447 1637 481 1658 eo
503 1629 582 1669 quod
606 1628 730 1669 antiqui
746 1637 835 1659 orare
849 1628 931 1660 dice·

227 1678 300 1709 bant
324 1690 380 1720 pro
403 1689 517 1718 agere:
543 1680 580 1710 ob
596 1690 687 1720 quam
708 1690 848 1711 caussam
864 1690 931 1710 ora-

226 1730 327 1761 tiones
349 1730 600 1762 edissertationes
620 1741 736 1772 quoque
751 1740 855 1762 eorum
878 1741 931 1761 το-

227 1784 350 1812 cantur.
373 1780 448 1813 Jos,
464 1781 555 1812 Scal.

275 1832 443 1872 Oratores]
465 1832 506 1863 Iu
531 1832 710 1873 postremis
736 1832 801 1863 illis
824 1832 877 1872 qui
891 1832 934 1863 sit

228 1885 296 1913 acte
323 1882 510 1913 enodandis
535 1882 660 1914 frustra
691 1892 744 1914 me
777 1887 934 1923 torqueo.

230 1933 319 1965 Quae
337 1937 528 1974 sequnntur
551 1943 602 1964 eos
617 1934 718 1964 nostri
737 1933 787 1964 sic
804 1935 935 1974 optime

229 1984 321 2016 scal.
354 1985 418 2015 Eos
429 1985 529 2016 nostri
540 1985 619 2015 alias
635 1985 693 2017 Po.
713 1986 802 2017 Rom.
817 1986 934 2025 legatos

230 2036 399 2076 appellant.
422 2036 513 2067 Dae.

275 2089 285 2107 ¹
308 2087 422 2118 Fulvio
441 2087 581 2129 Consuli]
605 2081 692 2118 Haec
704 2087 843 2119 Catonis
862 2096 934 2118 ver·

231 2137 275 2170 ba
288 2147 356 2168 non
373 2143 476 2178 egent
489 2137 741 2170 emendatione.
780 2136 937 2177 Legebat

234 2194 349 2221 tamen
375 2189 549 2230 Scaliger:
584 2190 636 2220 M.
662 2188 776 2220 Fulvio
809 2187 938 2219 Consulz’

233 2241 355 2280 legatus
369 2240 482 2272 missus
496 2251 564 2272 sum
579 2240 612 2271 in
625 2239 788 2280 AEtolium,
798 2241 851 2280 350.
889 2239 938 2270 M.

236 2291 380 2323 Porcius
415 2293 502 2324 Cato
538 2292 735 2331 Censorius,
757 2294 939 2332 postquam

236 2343 366 2383 optime
383 2342 496 2375 Acilio
518 2343 694 2375 Glabrioni
717 2341 759 2373 ad
780 2342 939 2373 Thermo·

238 2394 334 2433 pylas
365 2399 526 2426 navasset
553 2403 705 2435 operam,
737 2394 789 2425 M.
820 2393 941 2424 Fulvio

239 2443 419 2481 Nobiliori,
431 2446 486 2476 cui
499 2445 681 2477 AEtolicum
696 2444 835 2484 bellum,
850 2443 942 2485 quod

239 2493 417 2534 Syriacum
442 2495 595 2536 excepit,
612 2493 855 2525 demandatum
872 2492 943 2524 fne-

240 2549 307 2583 rat,
323 2544 454 2584 legatus
471 2551 524 2576 est
540 2545 672 2576 missus.
700 2544 801 2577 Idem.

286 2599 300 2614 ¹¹
325 2595 461 2635 Propter
472 2596 520 2636 id]
533 2596 622 2628 Scal.
639 2596 776 2637 Propter
789 2596 821 2627 id
834 2595 945 2627 bellum

242 2646 333 2687 coepit
359 2646 475 2677 Coelius
505 2647 580 2678 PR.
613 2646 763 2679 Albanus.
795 2648 946 2679 Oratores

986 1576 1075 1608 missi
1095 1577 1235 1608 Romam.
1269 1575 1336 1607 Sed
1352 1584 1418 1606 non
1435 1574 1587 1616 intelligo
1602 1573 1687 1606 illud

987 1627 1060 1659 PR.
1079 1627 1142 1658 nisi
1159 1627 1207 1659 sie
1233 1637 1267 1658 in
1290 1625 1406 1658 sedem
1430 1636 1523 1657 suam
1539 1626 1691 1656 retraha-

987 1683 1063 1709 tur:
1081 1678 1206 1709 Bellum
1218 1677 1308 1717 coepit
1324 1676 1441 1708 Coelius
1450 1675 1603 1714 Albanus,
1612 1675 1690 1707 PR.

986 1732 1126 1760 oratores
1138 1728 1226 1759 missi
1244 1728 1386 1759 Romam.
1425 1726 1467 1758 ld
1483 1732 1548 1766 est,
1565 1727 1690 1767 populo

989 1781 1145 1812 Romano
1175 1786 1328 1811 oratores
1367 1779 1470 1810 missi.
1515 1778 1580 1810 Vel
1618 1779 1691 1810 sic:

990 1832 1117 1862 Bellum
1142 1831 1234 1871 coepit
1258 1831 1385 1862 Coelius.
1409 1830 1453 1862 P.
1481 1830 1524 1860 R.
1556 1828 1700 1861 Albanus

989 1886 1127 1913 oratores
1159 1881 1245 1912 misit
1275 1881 1418 1912 Romam.
1457 1880 1539 1921 Pro,
1570 1879 1700 1911 Albani

992 1932 1159 1964 Oratores
1186 1933 1352 1964 miserunt
1383 1932 1511 1973 populo
1535 1932 1700 1962 Romano.

990 1984 1091 2015 Idem.

1033 2038 1049 2053 Χ
1073 2035 1157 2065 Eum.
1180 2056 1188 2065 .
1207 2056 1215 2066 .
1234 2056 1241 2064 .
1263 2042 1320 2073 pro
1347 2031 1570 2072 decretoribus]
1610 2031 1694 2071 Leg-

991 2086 1073 2117 Item
1089 2089 1228 2116 oratores
1239 2094 1298 2125 pro
1313 2082 1573 2124 deprecatoribus.
1609 2082 1699 2114 Nam

991 2146 1035 2167 ex
1072 2135 1181 2176 primo
1216 2143 1332 2166 errore
1371 2133 1482 2165 labem
1514 2132 1701 2165 contraxit.

994 2186 1059 2218 Sed
1077 2188 1171 2218 locus
1183 2185 1325 2216 Terent.
1339 2190 1391 2216 est
1408 2194 1449 2215 ex
1464 2184 1558 2217 Prol.
1569 2184 1700 2225 Hecyr.

992 2238 1002 2255 ‘
1022 2237 1150 2269 Orator
1166 2236 1208 2268 ad
1227 2246 1285 2268 vos
1302 2236 1400 2267 venio
1417 2240 1539 2267 ornatu
1564 2234 1699 2276 prologi

993 2288 1102 2320 Sinite
1116 2292 1276 2319 exorator
1292 2291 1330 2318 ut
1347 2285 1434 2318 sim-¹
1458 2286 1558 2317 Idem.

1037 2345 1050 2366 y
1076 2337 1176 2379 Orba]
1198 2337 1316 2369 Orbam
1331 2336 1542 2369 Glossarium
1559 2336 1704 2377 exponit

996 2390 1175 2432 ἐπίκληρον.
1205 2389 1391 2429 Eleganter
1402 2392 1455 2419 est
1469 2388 1558 2419 enim
1572 2387 1702 2426 ἐπίκλη-

997 2454 1061 2484 ρος,
1087 2451 1162 2483 quae
1190 2445 1322 2481 patrem
1347 2444 1382 2470 et
1405 2442 1547 2470 matrem
1575 2437 1701 2478 amisit,

997 2493 1173 2533 nullosque
1188 2490 1313 2521 fratres
1330 2488 1649 2529 habetsuperstites
1666 2492 1703 2518 et

998 2544 1047 2574 sic
1064 2543 1097 2574 in
1111 2546 1216 2573 totam
1227 2539 1452 2571 hereditatem
1465 2542 1619 2569 vocatur.
1639 2537 1703 2568 Or-

1000 2593 1155 2624 hiantem
1166 2596 1234 2622 tam
1247 2593 1408 2631 parentes
1419 2587 1476 2629 qui
1489 2586 1588 2629 filios,
1600 2596 1703 2630 quam

1000 2644 1061 2677 filii
1091 2643 1147 2685 qui
1187 2644 1347 2683 parentes
1385 2638 1581 2676 amiserunt,
1617 2637 1703 2669 dicti
