1835 2906
380 168 440 198 DE
477 148 748 195 vnRBORUM
783 159 1188 193 SiGNlFchTloNE
1225 160 1319 190 [AB.
1353 159 1424 189 Xl.
1543 147 1629 189 379

242 267 335 304 toto
357 262 540 303 Samnio
564 261 711 313 gravis
730 258 958 300 incidisset
980 256 1245 310 pestilentia,
1269 254 1476 296 Sthenius
1512 252 1629 294 Met-

243 332 332 371 tius
354 330 451 383 ejus
473 330 615 381 gentis
634 328 854 381 princeps,
874 326 1116 382 convocata
1137 322 1300 363 civium
1325 334 1506 362 suorum
1528 333 1630 361 con-

240 399 381 446 cione,
404 397 615 449 exposuit
644 408 693 436 se
715 393 882 435 vidisse
913 391 955 431 in
970 390 1115 443 quiete
1139 389 1467 443 praecipientem
1490 387 1631 441 Apol-

240 464 387 512 linem,
418 466 466 503 ut
497 463 534 502 si
570 461 725 502 vellent
756 472 809 499 eo
841 457 956 498 malo
989 457 1182 505 liberari,
1205 468 1282 496 ver
1304 468 1476 496 sacrum
1498 468 1632 496 vove-

239 536 351 579 rent,
373 529 418 570 id
452 534 533 579 est,
555 540 844 582 quaecumque
866 538 968 566 vere
1000 525 1201 580 proximo
1230 527 1332 564 nata
1367 526 1529 573 essent,
1550 522 1630 563 im-

239 598 484 638 molaturos
519 597 618 636 sibi.
664 594 784 645 ,Quo
820 593 937 634 facto
969 592 1128 633 levatis
1159 595 1263 646 post
1295 603 1452 631 annum
1475 590 1633 630 vicesi-

243 678 377 714 mum,
438 664 594 704 deinde
645 661 841 716 ejusdem
892 660 1064 713 generis
1114 659 1301 700 incessit
1348 657 1630 711 pestilentia:

239 745 407 773 rursum
438 731 584 784 itaque
607 728 837 770 consultus
859 727 1042 781 Apollo,
1063 726 1289 781 respondit
1308 738 1394 766 non
1415 736 1512 765 esse
1534 737 1632 778 per-

241 801 432 841 solutum
475 799 530 839 ab
568 798 624 838 iis
670 802 835 846 votum,
886 795 1003 850 quod
1052 795 1253 836 homines
1295 792 1510 834 immolati
1546 804 1633 833 non

240 872 389 909 essent
408 881 418 919 ;
451 879 564 921 quos
596 866 633 907 si
653 865 945 919 expulissent,
968 867 1083 905 certe
1103 862 1213 913 fore,
1230 866 1279 904 ut
1296 874 1349 902 ea
1371 859 1500 902 clade
1522 859 1633 901 libe-

238 940 444 976 rarentur.
505 935 661 988 Itaque
694 934 726 974 ii
752 933 869 987 jussi
901 932 1043 986 patria
1064 930 1291 980 decedere,
1317 943 1415 971 cum
1446 929 1489 970 in
1511 932 1633 982 parte

241 1017 294 1045 ea
340 1001 492 1043 Sic-ilice
525 1002 850 1050 consedissent,
887 1013 988 1054 quae
1026 1013 1132 1039 nunc
1166 998 1420 1039 Tauricana
1456 997 1633 1045 dicitur,

238 1071 349 1111 sorte
391 1069 648 1124 parantibus
692 1068 809 1108 bello
850 1079 1023 1108 cernere
1065 1065 1427 1106 Messanensibus
1464 1064 1633 1105 auxilio

238 1140 450 1178 venerunt
483 1136 613 1185 ultro,
646 1148 812 1189 eosque
846 1133 897 1173 ab
927 1133 1054 1174 hoste
1086 1133 1328 1173 liberarunt
1348 1138 1378 1163 ¹⁷
1409 1132 1634 1185 provinci-

239 1206 336 1255 ales,
359 1204 476 1259 quod
509 1205 566 1245 ob
589 1203 783 1244 meritum
802 1202 833 1226 ¹⁸
863 1215 1027 1250 eorum,
1049 1203 1099 1241 ut
1129 1202 1310 1253 gratiam
1333 1198 1556 1248 referrent,
1588 1204 1633 1239 et

239 1273 284 1312 in
317 1286 440 1313 suum
478 1285 655 1325 corpus,
697 1269 1135 1322 communionemque
1170 1280 1368 1320 agrorum
1400 1266 1634 1307 invitarunt

238 1352 332 1389 eOS,
357 1344 401 1381 et
430 1352 589 1380 nomen
621 1340 889 1391 acceperunt
920 1349 1069 1385 unum,
1105 1340 1154 1376 ut
1178 1334 1418 1375 dicerentur
1441 1332 1635 1373 Mamer-

238 1407 334 1457 tini,
355 1407 475 1461 quod
496 1406 705 1460 conjectis
728 1406 772 1446 in
792 1407 953 1445 sortem
974 1402 1210 1443 duodecim
1234 1402 1429 1443 Deorum
1449 1401 1635 1441 nomini-

238 1476 321 1516 bus
360 1475 555 1516 Mamers
582 1473 693 1514 forte
730 1473 919 1521 exierat,
949 1471 1025 1524 qui
1062 1471 1213 1523 lingua
1247 1469 1469 1510 Oscorum
1508 1467 1635 1509 Mars

238 1542 533 1595 significatur:
567 1542 694 1596 cujus
715 1540 911 1581 historiae
935 1543 1090 1579 auctor
1110 1542 1179 1578 est
1200 1535 1344 1577 Alfius
1362 1536 1473 1576 libro
1494 1535 1634 1588 primo

237 1610 341 1651 belli
360 1609 748 1662 Carthaginiensis.

183 1677 409 1719 Mamiliar
432 1679 560 1718 turris
579 1678 690 1718 intra
713 1676 895 1717 Saburae
914 1680 946 1706 ¹9
966 1674 1187 1727 regionem
1211 1686 1237 1714 a
1254 1671 1455 1714 Mamilio
1477 1683 1634 1712 nomen

239 1745 427 1798 accepit.

183 1812 516 1854 MamiliorumS
549 1812 718 1853 familia
754 1810 1009 1866 (progenita
1041 1807 1188 1864 fuit)†
1222 1821 1249 1849 a
1284 1807 1482 1848 Mamilia
1510 1806 1635 1848 Tele-

799 1921 975 1933 oaeeeeeoeae
980 1920 1037 1931 ete

224 1991 261 2019 17
288 1989 351 2020 Ed.
368 1989 457 2020 Scal.
474 1993 481 2006 ¹
497 1988 586 2020 forte
604 1987 804 2028 parantibus
821 1987 1028 2019 laborantibus
1040 1986 1130 2017 bello
1143 1994 1233 2016 ηοηο.
1259 1982 1537 2015 Messanensibus
1555 1992 1584 2012 a.
1603 1992 1634 2012 v.

181 2043 213 2063 u.
229 2042 354 2072 eosque
370 2032 408 2062 ab
421 2042 453 2063 eo
471 2032 672 2063 liberarunt)
696 2031 783 2062 Vide
801 2031 1005 2062 Notas.--18
1023 2031 1075 2061 Ex
1089 2029 1287 2069 conjectura
1303 2026 1445 2066 alicujus
1463 2026 1524 2055 viri
1543 2025 1637 2055 docti

178 2079 274 2105 notat
290 2075 442 2114 Scaliger
456 2074 494 2105 τὸ
518 2075 662 2106 meritum
685 2083 782 2113 posse
799 2074 971 2105 emendari
999 2072 1267 2104 exercitum—19
1290 2071 1298 2086 ‘
1316 2069 1353 2099 L.
1371 2078 1413 2100 m.
1430 2068 1559 2098 Subura:
1578 2067 1635 2096 ha-

180 2117 239 2148 bet
258 2127 318 2158 pro
335 2118 475 2149 Saburae.
525 2118 611 2148 Haec
628 2118 725 2148 Pauli
750 2116 849 2148 sunt.‘
874 2117 948 2147 Ful.
967 2117 1134 2147 Ursin.-†
1155 2112 1328 2152 Progenita
1342 2111 1422 2149 fuit.
1468 2111 1555 2141 Haec
1579 2119 1630 2140 re-

172 2160 322 2200 jicienda
340 2170 412 2192 esse
432 2165 546 2192 monet
562 2161 651 2192 Seal.
669 2161 748 2191 licet
764 2161 797 2191 iu
822 2161 975 2191 omnibus
993 2159 1087 2190 libris
1111 2162 1258 2198 reperta.

830 2256 861 2287 N
869 2256 971 2287 OTAE

182 2321 270 2361 apud
286 2321 526 2352 Messanenses
551 2321 745 2357 invaluisse,
764 2324 802 2351 ut
819 2321 880 2351 snb
937 2320 976 2350 iis
1003 2319 1118 2350 datum
1145 2317 1264 2348 fuisset
1292 2315 1420 2356 quoties,
1448 2313 1634 2353 Thesaurus,

181 2382 274 2403 suam
300 2376 508 2412 potestatem
531 2371 647 2402 urbem
673 2372 882 2411 redegerint,
936 2370 1112 2400 vicesimus.
1156 2368 1249 2398 Nota
1273 2364 1515 2405 superadjecta
1537 2369 1574 2394 ut
1597 2363 1634 2393 il-

180 2423 341 2463 civesque
358 2422 398 2452 ab
422 2421 576 2452 omnibus
600 2422 797 2452 Mamertini
821 2432 879 2462 po-
937 2420 1000 2450 lius
1018 2417 1154 2459 syllabae
1173 2415 1344 2457 quantitas
1364 2418 1558 2454 appareret.
1582 2413 1635 2443 De

181 2473 247 2503 tius
275 2472 542 2513 appellarentur,
571 2481 671 2512 quam
703 2472 879 2503 Messanii.
935 2478 1015 2499 vere
1034 2477 1130 2499 sacro
1149 2467 1224 2496 vide
1241 2465 1249 2481 ‘
1265 2475 1323 2495 vei·
1339 2463 1494 2495 sacrum?
1520 2464 1603 2494 Dae.

180 2523 268 2554 vide
296 2527 331 2553 et
357 2522 479 2562 Polyb.
508 2522 564 2562 qui
594 2522 696 2552 etiam
726 2521 879 2552 diversus
976 2524 987 2539 Γ
1014 2518 1159 2549 Mamilia
1190 2516 1315 2557 Turris]
1356 2514 1442 2545 Vide
1472 2513 1635 2546 ‘october

181 2573 262 2604 abit.
306 2573 417 2613 Supra
444 2575 512 2612 post
535 2581 649 2601 anuum
670 2571 881 2611 vicensimum,
935 2568 1067 2611 equuS.'
1097 2569 1192 2599 Idem.
1576 2561 1582 2565 ’

181 2623 360 2664 legendum
391 2622 581 2653 vicesimum.
627 2622 661 2652 Is
694 2622 780 2652 enim
819 2621 884 2652 fuit
975 2625 985 2639 s
1011 2617 1240 2657 Mamiliorum]
1265 2617 1316 2648 De
1328 2616 1463 2648 Octavo
1478 2615 1632 2646 Mamilio

183 2674 366 2704 scribarum
384 2683 479 2704 error
494 2672 655 2711 solennis,
671 2678 707 2703 ut
730 2674 882 2712 quotiens,
934 2672 1123 2703 Tusculano
1140 2669 1282 2710 Superbi
1296 2677 1433 2710 genero,
1447 2667 1502 2709 qui
1518 2666 1632 2698 Latini

187 2723 392 2764 Thensaurus,
404 2723 585 2755 vicensimas
595 2723 879 2764 scribereiit,ciiiii
936 2723 1076 2755 nominis
1116 2721 1288 2762 princeps,
1322 2724 1358 2751 et
1398 2730 1414 2750 a
1445 2719 1629 2759 Telegono,
