1835 2906
190 108 274 152 122

627 120 777 152 SEXTI
812 121 1012 152 POMPEII
1047 120 1185 152 FESTI

248 220 294 257 et
322 217 484 270 amplis
517 217 648 258 rebus
679 230 934 272 praeponere
971 228 1050 268 Bu,
1082 230 1110 258 a
1138 218 1434 270 magnitudine
1457 219 1632 261 scilicet

246 285 402 325 bovis:
432 284 532 325 hinc
565 290 649 335 est,
681 285 799 338 quod
833 285 1015 337 grandes
1049 298 1212 339 pueros
1243 286 1459 340 bupaedas
1481 287 1634 342 appel-

247 351 369 403 lant3
400 355 441 392 et
460 352 695 394 mariscam
716 352 864 402 ficum,
885 353 1100 406 busycon.

192 419 351 461 Bullax
385 433 520 462 aurea
554 421 724 473 insigne
758 426 852 462 erat
886 433 1119 474 puerorum
1138 424 1632 475 praetextatorum‚quae

248 487 521 541 dependebat
549 489 614 530 eis
648 502 675 529 a
703 494 899 542 pectore,
937 492 986 530 ut
1006 488 1324 541 significaretur
1339 502 1435 530 eam
1458 494 1634 530 aetatem

248 555 427 597 alterius
462 556 695 609 regendam
730 556 940 598 consilio:
971 555 1093 596 dicta
1129 561 1277 596 autem
1315 561 1381 597 est
1417 569 1444 597 a
1476 556 1635 597 Graeco

250 636 450 665 sermone
472 625 602 674 βουλὴ,
624 624 745 678 quod
766 624 993 665 consilium
1026 623 1186 664 dicitur
1218 623 1402 666 Latine:
1434 624 1504 665 vel
1531 624 1636 677 quia

248 705 346 733 eam
379 696 545 746 partem
578 692 778 746 corporis
810 692 934 732 bulla
967 691 1204 744 contingat,
1235 692 1281 732 id
1301 696 1381 742 est,
1403 695 1572 745 pectus,
1590 691 1636 731 in

248 772 338 813 quo
361 760 562 801 naturale
583 764 731 801 manet
751 759 1001 800 consilium.

193 828 436 869 Burranica
456 828 577 881 potio
594 833 611 856 y
633 827 883 880 appellatur
896 827 1012 867 lacte
1028 826 1318 867 commixtum
1333 840 1444 880 sapa
1461 839 1471 867 ε
1495 838 1520 866 a
1540 825 1635 866 ruso

250 895 411 945 colore,
434 908 565 949 quem
585 895 761 935 burrum
783 898 961 936 vocant.

194 961 513 1012 Burranicum,z
536 976 673 1016 genus
696 962 832 1002 vasis.

197 1029 386 1072 Burrum
399 1036 414 1052 ³
447 1031 650 1072 dicebant
668 1029 854 1084 antiqui,
872 1028 991 1084 quod
1004 1042 1114 1071 nunc
1133 1028 1319 1071 dicimus
1337 1028 1502 1071 rufum:
1527 1028 1639 1070 unde

846 1163 988 1195 NOTAE

194 1228 400 1270 ‘Oppilago,
429 1228 594 1261 cur-cilia!
648 1228 746 1261 Quod
775 1228 823 1259 ait
846 1228 888 1259 de

192 1281 360 1321 particula
370 1280 440 1320 βοῦ,
455 1281 593 1311 miratus
611 1290 680 1311 sum
699 1280 890 1312 aJustinia—

192 1341 236 1362 no
254 1331 456 1372 imperatore
471 1330 889 1371 ssoundunpovcompositum

192 1392 279 1422 esse,
297 1382 443 1414 Novella
465 1392 516 1413 Vl.
538 1382 730 1424 βουπόνηρον
753 1381 888 1423 πορείαν.

193 1433 303 1464 Porro
327 1432 478 1468 βούπαιδα
493 1433 665 1474 dicebant,
680 1443 779 1474 quem
798 1433 888 1464 Lati-

192 1484 227 1514 ni
260 1484 484 1514 Catulaslrum.
539 1484 768 1515 Glossarium:
803 1488 811 1500 ‘
826 1483 889 1513 Ca-

193 1534 348 1568 tulaster,
359 1532 510 1569 βούπαις.’
532 1532 619 1564 Aliae
632 1533 765 1564 Glossae
781 1543 789 1563 ε
806 1533 814 1549 ‘
825 1533 889 1564 Ca-

194 1584 351 1625 tulester,
366 1594 468 1625 pupa,
482 1585 620 1625 pupula,
635 1582 783 1622 πάλληξ.’
814 1584 890 1614 Cat-

193 1635 307 1665 castros
322 1639 376 1665 est
392 1640 489 1665 vetus
511 1634 615 1665 lectio
633 1634 722 1674 apud
738 1633 890 1665 Vitruvi-

195 1694 251 1715 um
268 1684 327 1717 lib.
352 1693 434 1716 vui.
452 1694 528 1725 cap.
545 1687 576 1715 4.
620 1684 721 1717 Quod
747 1695 766 1715 a
794 1684 891 1715 nobis

193 1735 374 1766 admodum
391 1735 662 1766 adolescentibus
678 1735 756 1766 olim
788 1735 891 1765 anirn-

195 1782 469 1817 adversurrPfuit.
491 1787 561 1816 Jos.
577 1785 660 1816 Scal.

237 1835 411 1875 Bulimam]
445 1835 585 1874 Corrige
615 1845 691 1865 curn
719 1835 893 1875 Scaligero

195 1885 358 1925 bulimum,
375 1886 500 1917 Graece
516 1884 675 1924 βούλιμος,
692 1895 710 1915 a
727 1886 894 1925 particula

194 1937 358 1977 epitatica
371 1937 441 1974 Βοῦ,
455 1946 474 1966 a
488 1935 583 1966 bovis
596 1935 843 1976 magnitudine,
857 1942 894 1967 ut

194 1986 353 2026 βουλιμία,
376 1986 535 2025 βούπεινα,
555 1987 713 2025 βουγαῖος,
729 1984 893 2024 βούγλωσ-

196 2049 263 2077 σος,
284 2038 425 2075 βούπαις,
450 2038 617 2079 βούσυκον,
640 2042 675 2070 et
698 2038 763 2068 alia
778 2038 893 2068 multa.

196 2089 280 2121 Dae.

239 2145 256 2160 x
279 2139 391 2180 Bulla]
423 2137 536 2175 Βουλή.
572 2138 755 2170 Tarentine
783 2137 894 2177 βουλὴ,

196 2190 319 2225 βόλλαζ
333 2195 368 2222 et
377 2187 701 2229 ἆναβολὴ,ἆμβόλλα;
714 2188 896 2220 undeAbol-

197 2241 239 2271 [α.
267 2241 364 2273 Quod
377 2240 572 2271 AEolismum
590 2238 720 2279 resipit.
733 2239 896 2270 Jos.Scaz.

241 2291 351 2330 Bulla]
374 2292 497 2328 Varro,
521 2295 558 2320 ut
587 2288 694 2320 refert
721 2289 897 2320 Plutarch.

200 2340 243 2372 ab
258 2341 387 2371 AEolico
403 2339 521 2376 βόλλα,
536 2349 596 2380 pro
608 2338 721 2377 βουλὴ,
735 2344 769 2370 et
785 2339 898 2380 pueris

199 2391 314 2422 datam
345 2396 382 2422 ut
413 2390 577 2425 εὐβουλίας
607 2389 777 2429 σύμβολον,
809 2389 898 2431 quod

199 2451 276 2473 cum
293 2442 395 2472 Festo
411 2440 505 2472 facit.
539 2441 639 2471 Bulla
654 2445 766 2472 autem
783 2440 816 2471 in
831 2441 898 2472 col-

197 2492 233 2523 lo
248 2491 359 2533 pueris
381 2491 535 2531 ingenuis
556 2491 827 2532 suspendebatur
842 2501 898 2522 au-

199 2550 271 2580 rea,
297 2540 463 2571 libertinis
487 2546 630 2580 scortea,
655 2546 690 2572 et
720 2552 739 2572 a
760 2541 899 2582 Tarqui-

201 2591 258 2622 nio
274 2591 394 2622 Prisco
416 2590 580 2630 originem
600 2591 725 2622 habere
748 2596 899 2632 putatur.

204 2641 287 2673 Dac-

247 2697 261 2719 Υ
295 2691 473 2724 Burranica
494 2691 592 2733 potio]
630 2690 730 2731 Vide,
761 2700 834 2732 qua*
867 2692 900 2723 in

945 1227 1186 1267 Coniectaneis
1202 1226 1245 1257 de
1262 1226 1323 1257 boc
1341 1226 1418 1257 olim
1437 1224 1640 1266 scripsimus.

942 1277 1013 1308 Jos.
1030 1278 1113 1309 Scaz.

987 1328 1163 1359 Burram'ca
1186 1327 1286 1368 potio]
1312 1325 1414 1357 Hanc
1437 1325 1518 1357 facit
1542 1326 1644 1365 lacte,

943 1378 976 1409 id
1001 1384 1067 1418 est,
1090 1379 1154 1418 lac,
1177 1388 1253 1409 cum
1274 1387 1369 1418 sapa,
1390 1376 1423 1407 id
1448 1382 1512 1412 est,
1534 1377 1643 1407 mulso

943 1429 1097 1461 decocto.
1113 1428 1332 1459 Burranicarn
1348 1427 1518 1468 potionem
1532 1427 1642 1467 desig-

943 1485 1001 1511 nat
1017 1479 1121 1511 Ovid.
1136 1479 1194 1510 lib.
1209 1488 1262 1510 lv.
1286 1479 1378 1510 Fast.
1403 1480 1411 1495 ‘
1427 1479 1517 1510 Dum
1547 1478 1643 1516 licet,

945 1530 1109 1570 apposita,
1126 1531 1232 1561 veluti
1249 1534 1394 1570 cratere,
1407 1529 1558 1568 camella,
1576 1529 1644 1559 Lae

944 1581 1078 1612 niveum
1096 1588 1207 1621 poteS,
1222 1588 1496 1621 purpureamque
1508 1578 1645 1620 sapam!

946 1631 1028 1662 Duc.

987 1687 999 1702 2
1022 1680 1249 1721 Buri-unicum]
1273 1680 1304 1712 A
1320 1680 1435 1721 burro,
1452 1679 1483 1711 id
1502 1683 1564 1717 est,
1591 1689 1644 1710 ru-

946 1731 990 1764 so.
1016 1733 1115 1764 Idem.

990 1789 1003 1805 ³
1027 1784 1184 1825 Burrum]
1209 1784 1394 1824 Eleganter
1422 1781 1572 1813 homines
1603 1789 1646 1812 ex

948 1835 1085 1875 potione
1111 1835 1272 1866 rubentes
1297 1835 1344 1865 ait
1364 1834 1486 1864 Barros
1509 1841 1528 1863 a
1543 1832 1647 1862 Vete-

949 1885 1040 1916 ribus
1072 1886 1192 1916 dictos.
1239 1884 1338 1917 Quod
1370 1883 1511 1914 verbum
1535 1883 1569 1913 in
1593 1892 1648 1913 eo·

949 1935 1024 1966 dem
1040 1945 1140 1966 sensu
1164 1935 1290 1966 retinet
1317 1934 1501 1974 Hispanica
1524 1932 1648 1973 lingua.

949 1986 1123 2017 Burraceos
1150 1986 1236 2015 enim
1267 1991 1389 2015 vocant
1417 1984 1580 2022 ebriosos,
1611 1988 1647 2013 et

948 2045 1005 2066 vas
1047 2036 1225 2074 vinarium,
1257 2035 1459 2064 Burraceam.
1512 2032 1647 2063 Glossa-

948 2086 1055 2115 rium:
1081 2085 1089 2101 ‘
1104 2085 1263 2120 Burrum,
1284 2083 1408 2123 πυῤῥὸν,
1428 2082 1558 2122 ξανθόν.’
1580 2085 1650 2114 Jos.

949 2138 1033 2169 Scul.

993 2189 1147 2229 Burrum]
1184 2188 1309 2218 Burrus
1334 2197 1354 2218 a
1377 2187 1502 2218 Graeco
1527 2185 1650 2226 πυρῤόε.

952 2239 1102 2270 Glossar.
1130 2242 1200 2268 vet.
1228 2239 1237 2254 ‘
1257 2238 1398 2272 Burrus,
1424 2234 1557 2275 πυῤῥός.’
1588 2245 1648 2275 pro

952 2289 1062 2319 burrus
1082 2298 1173 2328 saepe
1190 2287 1386 2319 scribebant
1405 2286 1527 2326 byrrus.
1573 2285 1652 2316 Ser-

952 2340 1041 2370 vius:
1063 2341 1072 2356 ‘
1088 2339 1217 2379 Pyrrus
1235 2348 1254 2368 a
1269 2337 1382 2368 colore
1397 2345 1502 2367 comae
1515 2335 1563 2366 sic
1580 2334 1651 2366 dic-

952 2395 1021 2428 tus,
1045 2390 1099 2431 qui
1118 2389 1239 2420 Latine
1262 2388 1382 2427 byrrus
1407 2385 1551 2417 dicitur!
1594 2385 1650 2416 Sic

953 2440 1097 2480 Πυῤῥίας,
1119 2449 1240 2470 nornen
1254 2437 1438 2478 proprium,
1454 2435 1542 2476 apud
1561 2435 1652 2465 Lati·

952 2501 1012 2522 nos
1030 2497 1163 2522 veteres
1183 2490 1328 2521 comicos
1353 2487 1489 2529 Byrrius
1514 2485 1649 2516 dicitur.

953 2540 1010 2572 Sic
1040 2550 1144 2581 genus
1175 2539 1254 2579 equi
1291 2535 1453 2567 brevioris
1489 2543 1508 2565 a
1536 2535 1648 2566 colore

954 2591 1067 2621 Graeci
1093 2587 1253 2628 πυῤῥίχον,
1270 2586 1380 2618 Latini
1400 2584 1576 2615 burriclzum
1592 2594 1649 2624 ap-

953 2642 1136 2681 pellarunt.
1184 2638 1283 2670 Unde
1309 2641 1457 2669 nostrum
1477 2635 1650 2676 bourriqne.

958 2694 1042 2725 Dae.
