1835 2906
248 118 334 160 546

697 130 846 163 SEXTI
881 131 1083 163 POMPEII
1120 131 1258 164 FESTI

307 223 594 269 Nervolariaf
628 227 851 270 osculum:
883 231 952 270 sat
973 231 1041 269 est
1059 229 1202 270 osculi
1233 229 1355 282 mihi,
1376 229 1465 284 qui,
1488 232 1695 284 amabo,¹⁵

306 294 367 335 mi
395 295 549 348 pater?
581 295 704 348 quod
738 296 845 336 inter
877 299 1087 348 cognatos
1106 301 1123 325 g
1146 298 1506 354 propinquosque
1527 300 1696 342 institu-

306 366 398 402 tum
419 363 475 403 ab
497 362 687 416 antiquis
708 366 789 413 est,
810 363 1093 417 maximeque
1114 363 1333 406 foeminas.

250 429 331 471 Osi
377 428 512 480 sunt,h
548 431 603 471 ab
643 431 747 472 odio
764 430 797 455 ¹⁶
834 430 1084 473 declinasse
1127 433 1330 486 antiquos
1363 435 1489 476 testis
1531 439 1599 477 est
1645 435 1695 478 C.

304 496 535 538 Gracchus
575 498 620 538 in
657 511 727 545 ea,
762 512 862 551 quae
899 504 970 539 est
1002 499 1057 540 de
1090 499 1186 553 lege
1222 501 1436 552 Minucia,
1472 516 1571 544 cum
1604 503 1667 544 ait
1686 518 1696 543 :

303 564 468 605 Mirum
500 566 538 606 si
560 565 664 619 quid
684 566 741 606 iis
763 566 930 619 injuriae
959 567 1019 616 fit,
1042 580 1217 622 semper
1236 581 1314 609 eos
1347 570 1418 610 osi
1438 575 1554 620 sunt,
1575 571 1696 624 quod

303 646 418 674 nunc
435 645 615 687 quoque
633 646 732 674 cum
750 635 1067 688 praepositione
1090 636 1253 677 elatum
1273 636 1476 691 frequens
1493 642 1578 688 est,
1597 651 1697 680 cum

303 700 507 752 dicimus,
528 700 687 754 perosi.

246 766 328 808 Osi
348 774 464 817 sunt,
486 770 533 808 ut
552 768 702 821 perosi
723 774 840 816 sunt,
863 770 1107 812 dicebatur.

1520 773 1696 828 [PAUL.

245 833 454 875 Osoremi
487 836 707 887 dixerunt,
727 837 805 890 qui
826 838 1019 891 aliquem
1041 839 1222 881 odisset.

244 901 485 955 Ostentas,k
509 917 630 958 saepe
653 905 844 946 ostendis
860 906 1072 959 gloriandi
1094 920 1246 950 causa.

244 968 470 1020 Ostentas‚
501 985 621 1025 saepe
659 973 858 1014 ostendis
892 974 1110 1026 gloriandi
1144 988 1304 1017 causa:
1337 976 1417 1017 sed
1445 981 1487 1017 et
1531 976 1696 1031 [FEST-

297 1039 635 1092 participialiter
666 1040 713 1081 id
741 1040 871 1082 etiam
901 1041 990 1083 dici
1013 1042 1158 1095 debet,
1185 1048 1230 1085 et
1259 1043 1424 1085 dictum
1455 1048 1525 1086 est
1553 1044 1695 1089 foemi-

298 1106 400 1147 nino
423 1119 595 1159 genere.

241 1171 490 1223 Ostentum,
509 1177 790 1216 ostentatum.

1511 1179 1693 1232 [PAUL.

241 1237 480 1282 Ostentum
497 1237 506 1264 ¹
524 1254 608 1282 non
623 1241 770 1283 solum
792 1255 872 1297 pro
894 1249 1099 1298 portento
1120 1246 1230 1300 poni
1253 1248 1410 1298 solere,
1432 1247 1508 1289 sed
1532 1248 1692 1300 [FEST.

852 1362 968 1374 ooooo

971 1363 1089 1375 oooooo

282 1439 321 1467 15
346 1436 411 1469 Ed.
438 1436 528 1469 Scal.
552 1438 736 1470 amba—16
761 1440 845 1472 Ead.
863 1441 916 1471 ed.
933 1442 1036 1472 audio.

895 1558 1041 1590 NOTAE

279 1627 434 1661 ‘Plautus
442 1629 476 1661 in
485 1630 631 1671 Nervot]
645 1632 801 1664 Scliedae:
820 1633 829 1649 ‘
839 1633 940 1665 Plau-

232 1682 288 1710 tus
302 1680 335 1710 in
348 1680 551 1712 Neu-volaria
561 1683 711 1713 osculum
721 1688 773 1714 sat
784 1689 835 1714 est
849 1683 940 1714 inihi.

236 1751 244 1760 .
258 1751 266 1761 .
280 1752 288 1760 .
303 1730 357 1770 qui
375 1730 507 1771 amabo,
524 1732 568 1762 nii
582 1733 704 1772 pater‚’
719 1735 784 1764 διε.
828 1735 939 1765 Deest

234 1783 364 1811 tantum
389 1781 486 1812 osculi
510 1783 621 1822 vestri,
648 1792 690 1814 ex
716 1783 787 1814 istis
812 1784 846 1814 in
870 1785 935 1815 Sti-

234 1829 310 1860 cho.

276 1880 333 1912 Pi.
361 1882 517 1913 Osculum.
562 1883 631 1914 AN.
655 1884 715 1914 Sat
734 1888 779 1915 est
797 1885 874 1916 mihi
889 1895 935 1916 os-

318 1932 381 1961 culi
408 1933 513 1963 vestri.
561 1933 621 1963 Pi.
647 1934 722 1970 Qui,
747 1935 866 1975 amabo,
893 1936 937 1966 mi

315 1981 434 2021 pater?

230 2032 295 2065 Qui
313 2042 428 2064 versus
444 2043 510 2066 non
528 2034 626 2066 video
648 2044 708 2066 cni·
731 2046 749 2067 e
768 2036 935 2068 Nervoia-

230 2082 279 2112 ria
294 2092 313 2112 a
332 2083 434 2114 Festo
454 2084 693 2124 producantur.
718 2086 816 2118 Idem.

270 2137 286 2159 ἕ
312 2134 403 2168 Quod
419 2134 502 2165 inter
518 2135 682 2175 cognatos]
707 2135 765 2166 Ait
785 2136 933 2178 antiquis

228 2182 437 2223 institutum,
463 2189 501 2215 nt
528 2185 666 2224 cognati
683 2189 719 2215 et
736 2186 931 2227 propinqui,

227 2234 371 2264 maxime
389 2233 550 2273 foeininae,
567 2244 603 2265 se
620 2234 713 2265 basio
728 2236 931 2277 salutarent,

226 2282 269 2313 de
286 2294 350 2324 quo
370 2294 462 2315 inore
486 2283 576 2325 apud
593 2285 768 2323 Plautum,
784 2289 818 2316 et
836 2287 931 2322 alios,

227 2338 262 2364 et
282 2333 312 2363 in
331 2335 434 2365 saci-is
449 2335 557 2365 literis
574 2334 722 2367 abunde.
748 2335 847 2367 Idem.

269 2381 283 2401 ¹¹
309 2384 366 2414 Osi
380 2384 467 2425 sunt]
492 2385 546 2416 Ab
565 2385 719 2416 obsoleto
743 2386 826 2425 odio,
841 2386 930 2426 quod

227 2431 270 2462 ab
296 2435 434 2475 antiquo
461 2434 551 2474 ὂδύω,
577 2435 665 2466 unde
689 2434 824 2475 ὀδύσσω,
840 2436 929 2467 unde

224 2481 383 2521 ὀδύσομαι.
429 2485 511 2517 01·ae
529 2485 656 2517 codicis
684 2487 733 2516 sui
762 2485 927 2526 ascripse-

223 2537 278 2562 rat
306 2532 445 2565 doctiss.
477 2535 658 2576 Guyetns:
692 2540 701 2553 ‘
718 2535 806 2575 odio,
831 2535 926 2575 ἕχθω,

224 2581 329 2622 ἔχθος,
347 2582 434 2621 ὅνθω,
451 2584 520 2625 ὅθω,
538 2586 616 2625 odo,
639 2586 706 2622 odi,
727 2596 818 2626 05118,
846 2596 926 2618 exo-

222 2641 291 2672 sus,
308 2641 461 2674 perosuS‚
473 2638 537 2667 διο.
561 2635 653 2677 ἔχθω,
666 2636 777 2677 ἔχθρω,
791 2636 926 2677 ἔχθρος,’

222 2685 287 2718 &c.
310 2684 408 2717 Idem.

1038 1633 1046 1654 ¹
1071 1635 1216 1677 Osorem]
1235 1634 1395 1667 Plaut.in
1406 1634 1544 1675 Prolog.
1559 1634 1695 1668 Poenul.

994 1687 1003 1700 ‘
1016 1683 1177 1724 Cupienti
1187 1685 1381 1724 liberorum,
1394 1685 1482 1716 osori
1494 1685 1697 1716 mulierum!

994 1733 1106 1765 Gloss.
1135 1735 1244 1774 ‘osor‚
1270 1736 1413 1776 μισητὴς,
1438 1734 1557 1775 ἆρχαῖ.’
1602 1735 1694 1777 Lege

993 1784 1137 1824 ὰρχαιῶς.
1160 1786 1258 1816 Idem.

1035 1833 1049 1854 Β
1076 1835 1239 1875 Ostentas]
1262 1834 1323 1865 Ait
1340 1834 1442 1865 etiam
1460 1834 1529 1865 dici
1547 1833 1692 1866 foemini-

992 1895 1035 1915 no
1053 1895 1191 1925 genere.
1218 1886 1265 1916 Ut
1289 1885 1418 1915 ‘sainte
1432 1883 1584 1915 ostenta'
1608 1884 1693 1916 Var-

992 1945 1028 1966 ro
1045 1936 1103 1966 iib.
1123 1945 1176 1967 ιιι.
1203 1936 1326 1967 Rei-nm
1344 1934 1546 1966 divinarum.
1580 1935 1626 1966 Et
1642 1935 1692 1966 in-

990 1984 1042 2016 fra
1066 1986 1074 2001 ‘
1090 1990 1259 2016 ostentum
1277 1983 1417 2016 senem)
1442 1985 1540 2016 Idem.

1032 2035 1039 2055 ¹
1066 2035 1245 2076 Ostentum]
1267 2034 1354 2067 Attii
1377 2043 1494 2065 vei-sus
1511 2033 1691 2066 mendosus

989 2090 1054 2117 est.
1078 2087 1154 2117 Ant.
1172 2086 1258 2124 Aug.

1034 2134 1215 2174 Ostentum]
1239 2135 1295 2166 De
1321 2143 1419 2165 versu
1436 2132 1523 2165 Attii
1543 2133 1620 2165 vide
1638 2142 1689 2164 se·

988 2187 1134 2217 cundum
1152 2186 1431 2227 Conjectaneum.
1478 2186 1517 2216 C.
1541 2185 1691 2217 Gracchi

987 2236 1110 2267 verba:
1126 2238 1205 2276 quod
1218 2247 1312 2267 unum
1328 2236 1413 2267 nobis
1427 2237 1626 2275 inea-tentum,
1642 2237 1689 2276 ip-

984 2286 1028 2316 sis
1042 2287 1162 2317 inusum
1178 2289 1368 2326 asportatur.
1394 2287 1533 2322 Inusum,
1550 2287 1689 2327 elegan-

987 2341 1052 2375 ter,
1067 2336 1275 2367 inusitatum.
1297 2337 1367 2368 dos.
1383 2335 1467 2367 Scal.

1032 2386 1213 2427 Ostentum]
1239 2386 1297 2417 Ait
1318 2391 1471 2418 ostentum
1498 2395 1558 2427 pro
1577 2386 1689 2426 prodi-

985 2438 1040 2477 gio
1068 2437 1281 2469 substantive
1306 2436 1388 2476 dici,
1412 2437 1493 2468 item
1518 2435 1686 2476 adjective

986 2497 1046 2528 pro
1077 2492 1263 2518 ostentato.
1309 2487 1438 2527 Supple
1467 2486 1570 2526 igitur
1601 2484 1686 2516 infra

982 2538 1035 2568 sed
1058 2537 1152 2568 etium
1177 2537 1419 2577 participialiter
1443 2546 1502 2577 pro
1531 2539 1684 2567 ostentato

981 2587 1157 2618 testimonio
1180 2591 1237 2623 est,
1261 2590 1312 2628 &a
1357 2586 1495 2617 Servius
1514 2595 1539 2616 1.
1556 2586 1683 2625 Geni-g.

982 2638 1161 2669 ‘obtenta
1185 2638 1272 2669 sicut
1296 2642 1442 2676 ostenta,
1469 2636 1511 2667 ab
1534 2645 1575 2667 eo
1592 2636 1682 2667 enim

981 2689 1071 2730 quod
1096 2693 1148 2720 est
1175 2687 1348 2728 ostendor,
1365 2687 1511 2719 Veteres
1539 2685 1681 2728 partici-
