1835 2906
353 161 415 192 DE
450 158 721 190 VERBORUM
755 152 1157 187 SIGNIFICATIONE
1194 153 1288 183 Llss.
1322 153 1393 183 111.

1508 140 1592 182 183

154 256 467 310 Consponsosg
499 253 662 308 antiqui
686 251 891 294 dicebant
912 247 997 289 fide
1018 252 1173 289 mutua
1193 247 1450 300 conligatos.

152 320 490 372 Consternati0,*¹
522 335 621 375 quae
639 324 705 361 est
725 316 963 360 concitatio
984 315 1187 369 quaedam
1204 315 1352 355 subita
1367 326 1425 355 ex
1444 314 1591 367 aliquo

207 395 336 440 metu,
366 403 394 430 a
420 393 754 430 sternutamento
770 391 802 417 ¹9
832 384 1021 425 deducta
1045 387 1128 433 est,
1151 382 1270 436 quod
1300 394 1353 422 eo
1373 385 1465 423 toto
1488 394 1595 422 con-

209 458 394 498 cutimur
411 470 607 510 corpore.

152 523 455 567 Constitutusi
486 524 705 565 hominum
727 534 753 561 a
781 518 1111 561 consistentium
1141 515 1417 559 multitudine
1443 500 1594 569 appel-

207 594 335 633 latur.

150 659 393 701 Consualia
410 657 426 680 ¹<
461 659 552 700 ludi
573 658 845 705 dicebantur,
869 667 981 709 quos
1008 655 1053 695 in
1071 654 1278 695 honorem
1301 650 1439 693 Consi
1460 649 1594 691 facie-

206 729 324 777 bant,
344 740 473 780 quem
496 726 638 766 Deum
660 723 833 765 consilii
854 723 1082 776 putabant.

150 791 510 835 Consuetionem¹
540 793 724 833 Plautus
745 803 825 844 pro
847 789 1157 831 consuetudine
1179 787 1309 829 dixit.

750 914 869 927 cccccc

871 914 989 926 eeeeee

192 1008 232 1035 19
255 1003 400 1036 Quidam
418 1004 497 1035 libri
513 1014 532 1034 a
555 1006 693 1034 sternata
716 1006 828 1042 mente,
850 1005 884 1032 et
902 1010 979 1032 mox
1007 1009 1040 1031 eo
1055 1000 1145 1040 quod.
1169 999 1256 1030 Dae.
1280 995 1463 1037 legendum
1478 999 1594 1027 monet

152 1049 231 1087 quod
246 1057 281 1078 ea
298 1050 371 1077 toto.

796 1119 936 1151 NOTAE

147 1191 200 1217 tur
216 1186 259 1217 ab
275 1186 479 1218 adversario.
522 1185 610 1216 Vide
628 1186 661 1216 in
678 1194 759 1216 voce
774 1188 842 1215 ‘sa-

147 1236 381 1268 cramentum!
404 1237 556 1276 Scaliger.
587 1236 680 1268 Alias
697 1245 840 1276 conspon-

144 1297 227 1318 sores
257 1288 360 1318 etiam
386 1288 481 1326 dicti,
509 1287 565 1329 qui
595 1297 631 1318 se
656 1287 753 1317 simui
781 1295 842 1325 pro

145 1338 302 1379 quopiam
332 1338 537 1378 obligarunt.
595 1338 704 1369 Cor-rei
735 1336 842 1368 debiti

144 1388 402 1420 Jririsconsultis
418 1388 512 1419 dicti.
531 1389 613 1419 Dac.

187 1443 203 1464 g
229 1438 432 1478 Consponsos]
456 1439 511 1469 Sic
526 1448 584 1469 eos
599 1437 772 1477 dicebant,
786 1437 843 1478 qui

145 1489 208 1519 sibi
236 1495 382 1519 mutuam
406 1488 507 1520 fidem
532 1489 709 1520 dederant.
753 1488 842 1519 Usus

145 1539 297 1578 Naevius,
313 1547 348 1570 ut
361 1539 463 1571 docet
477 1540 585 1570 Varro
602 1539 658 1570 lib.
673 1548 706 1570 v.
730 1539 739 1555 ‘
753 1538 843 1569 Hinc

144 1598 294 1629 sponsus,
331 1600 546 1631 consponsus.
604 1589 680 1620 Hoc
704 1590 843 1620 Naevius

145 1639 324 1680 significat,
338 1651 412 1672 cum
431 1641 490 1681 ait,
507 1640 709 1680 consponsi?
731 1640 829 1670 Idem.

187 1688 202 1709 ¹¹
234 1692 466 1732 Consternatio]
506 1690 536 1721 A
565 1694 843 1721 sternutamento.

145 1741 234 1779 Ergo
247 1741 367 1771 Festus
382 1751 440 1781 per
453 1740 758 1771 consternationem
774 1748 843 1769 me—

145 1796 215 1820 tum
233 1791 325 1821 ilium
341 1791 512 1831 inteiligit,
529 1800 627 1831 quem
640 1799 683 1820 ex
695 1789 844 1819 ominoso

144 1845 413 1872 sternutamento
440 1840 578 1872 Romani
606 1844 737 1870 veteres
765 1848 842 1869 con-

144 1891 326 1931 cipiebant.
373 1891 439 1924 Sed
470 1900 580 1931 neque
609 1890 649 1920 ad
668 1890 760 1920 vocis
777 1890 843 1920 ori-

145 1942 254 1981 ginem
276 1943 428 1973 accessit.
474 1942 581 1972 Immo
595 1946 628 1971 ct
647 1939 783 1981 quidam
804 1939 842 1969 ii-

145 1992 196 2023 bri
213 1991 337 2023 habent
353 2002 372 2022 a
387 1995 526 2022 sternata
541 1994 651 2027 mente,
665 1999 764 2031 quam
785 1998 841 2019 ve-

143 2051 213 2073 ram
231 2042 411 2073 lectionem
426 2047 516 2081 puto.
554 2042 697 2071 Veteres
708 2043 843 2071 sternere

144 2093 301 2124 dicebant
329 2097 362 2124 et
388 2096 540 2129 sternare,
563 2090 650 2131 quod
678 2095 730 2121 est
760 2089 843 2130 deji-

144 2152 234 2174 cere.
280 2142 334 2173 Ab
364 2142 426 2173 hoc
450 2142 458 2158 ‘
474 2139 715 2179 consternare‚'
741 2142 749 2156 ‘
764 2150 842 2170 con-

141 2191 328 2230 sternatio,'
340 2192 439 2223 animi
449 2191 605 2232 dejectio.
622 2190 662 2221 In
672 2189 738 2221 fine
751 2190 840 2231 lege,

142 2236 221 2283 qaod
231 2253 266 2274 ea
282 2247 355 2274 toto.
380 2242 488 2273 Idem.

185 2292 193 2312 ¹
211 2292 419 2331 Constitutus]
444 2292 522 2323 Non
542 2291 661 2322 ieviter
677 2290 841 2331 deprava·

145 2347 198 2373 tus
211 2342 315 2372 iocus.
338 2341 581 2381 Sielegendum
594 2341 742 2373 videtur:
761 2343 841 2372 Con-

143 2393 273 2423 stitutus
287 2392 453 2430 hominum,
472 2391 715 2421 Consiscentium
734 2392 842 2422 multi-

144 2443 216 2474 tudo
236 2441 418 2481 appellatur.
465 2440 594 2470 Varro:
621 2442 629 2457 ‘
645 2441 840 2471 Comitiaies

145 2493 242 2532 dicti,
257 2492 344 2533 quod
366 2496 434 2521 tum
452 2495 541 2520 esset
552 2489 664 2529 populi
677 2490 840 2521 constitu-

146 2550 199 2574 tus
231 2541 271 2572 ad
303 2539 498 2580 suffragium
534 2538 737 2569 ferundum.’
771 2540 840 2571 Jos.

147 2592 230 2623 Scal.

191 2641 388 2672 Constitutus
401 2637 570 2677 hominum]
586 2638 764 2668 Hominum
777 2649 842 2670 εω-

148 2699 212 2724 tus.
257 2691 386 2721 Varro:
413 2688 629 2719 ‘comitiales
647 2688 741 2728 dicti,
756 2689 842 2729 quod

898 1188 969 1214 tum
986 1186 1075 1214 esset
1093 1179 1209 1222 populi
1230 1177 1434 1216 constitutus
1460 1175 1500 1207 ad
1529 1176 1600 1207 suf-

896 1234 1039 1274 fragium
1054 1228 1252 1263 ferendum.’
1296 1226 1327 1259 A
1342 1227 1597 1259 consistentium

897 1283 1112 1316 multitudine
1126 1281 1255 1312 dictum
1282 1279 1355 1309 vuit
1381 1278 1499 1309 Festus
1521 1277 1598 1317 (ne-

897 1345 961 1376 que
977 1334 1065 1364 enim
1079 1332 1283 1372 depravatus
1292 1329 1346 1360 hic
1357 1329 1462 1366 iocus,
1474 1331 1511 1358 ut
1522 1336 1599 1368 per·

898 1394 1014 1426 peram
1025 1382 1132 1415 voluit
1142 1378 1334 1421 Scaliger„
1349 1388 1427 1410 nam
1441 1378 1489 1408 sic
1503 1377 1595 1418 apud

898 1436 1046 1468 Gellium
1056 1431 1223 1472 locus,nbi
1233 1429 1438 1468 consistitur,
1445 1428 1600 1466 constitio,

897 1496 958 1528 pro
976 1494 1040 1526 quo
1053 1482 1130 1515 libri
1153 1481 1288 1522 quidam
1306 1479 1434 1511 habeut
1448 1478 1598 1510 constitu-

898 1535 952 1569 tio.
983 1535 1110 1567 Melius
1123 1538 1234 1564 tamen
1250 1540 1271 1562 a
1283 1530 1385 1562 verbo
1396 1530 1597 1566 constituere,

898 1585 986 1628 quod
1016 1585 1064 1616 ibi
1090 1584 1131 1615 ad
1159 1581 1383 1613 constitutum
1415 1578 1597 1610 conveniat

898 1636 1054 1676 populus.
1099 1632 1189 1665 Quin
1198 1636 1232 1662 et
1243 1630 1282 1661 τὸ
1293 1630 1495 1661 constitutum
1505 1627 1595 1667 apud

895 1685 1042 1716 Tullium
1058 1682 1184 1723 legitur
1207 1689 1269 1721 pro
1292 1680 1367 1710 loco
1392 1678 1451 1709 ubi
1473 1686 1596 1708 conve-

897 1735 1044 1766 niebant.
1075 1733 1115 1764 In
1134 1730 1234 1762 Orat.
1251 1738 1312 1770 pro
1326 1728 1434 1760 Coelio
1452 1738 1460 1758 ε
1486 1728 1495 1744 ‘
1508 1727 1595 1758 Gra-

897 1795 955 1816 ves
968 1788 1068 1815 erunt
1079 1782 1230 1813 homiues
1247 1780 1301 1821 qui
1322 1780 1385 1810 hoe
1402 1778 1514 1809 dicere
1537 1787 1596 1808 au-

897 1835 1012 1870 deant,
1040 1843 1115 1864 cum
1142 1832 1187 1862 sit
1211 1831 1262 1861 his
1289 1828 1517 1861 confitendum
1552 1837 1595 1858 ne

896 1893 1081 1926 congressu
1106 1882 1242 1923 quidem
1265 1885 1302 1911 et
1325 1879 1511 1911 constituto
1528 1887 1595 1909 coe-

897 1936 986 1977 pisse
1003 1934 1044 1965 de
1060 1932 1163 1964 tantis
1176 1931 1307 1970 injuriis
1322 1928 1495 1970 experiri!
1513 1928 1595 1958 Dae.

938 1985 954 2007 k
979 1983 1162 2023 Consualia]
1186 1981 1416 2014 Giossarium:
1443 1982 1453 1997 ‘
1472 1979 1596 2018 Conso,

895 2037 940 2077 τῷ
955 2036 1007 2075 υἱῷ
1018 2035 1074 2071 τῆς
1083 2031 1219 2064 Ἴσιδος.’
1262 2031 1366 2063 Male.
1388 2031 1457 2061 Jos.
1470 2029 1553 2060 Scal.

942 2084 1126 2125 Consualia]
1148 2085 1250 2116 Festa
1279 2091 1355 2122 quae
1383 2081 1457 2111 Deo
1485 2080 1596 2110 Conso

896 2135 1148 2177 peragebantur
1186 2135 1238 2164 12.
1282 2131 1361 2161 Kal.
1400 2128 1596 2169 Septembr.

897 2188 1001 2220 Ovid.
1020 2187 1110 2217 Fast.
1127 2193 1183 2216 ιιι.
1207 2183 1330 2214 ‘Festa
1353 2189 1435 2220 para
1460 2180 1570 2210 Conso
1587 2190 1596 2208 z

897 2238 1026 2269 Consus
1055 2236 1117 2267 tibi
1140 2239 1256 2266 cetera
1285 2231 1391 2271 dicet,
1418 2230 1482 2260 Ilio
1507 2228 1598 2260 festa

896 2289 952 2320 die
977 2287 1057 2318 dum
1089 2294 1148 2316 sua
1175 2292 1271 2314 sacra
1298 2279 1425 2311 caneS.’
1482 2284 1490 2298 ‘
1509 2278 1598 2310 Ludi

897 2343 1073 2379 equestres
1087 2335 1095 2348 '
1120 2334 1220 2365 etiam
1244 2331 1459 2369 dicebantur,
1475 2329 1597 2371 quibus

898 2389 1031 2420 Sabinae
1063 2385 1208 2424 virgines
1239 2386 1348 2422 raptae
1376 2385 1464 2411 sunt.
1508 2378 1597 2409 Vide

896 2440 967 2470 Liv.
991 2438 1047 2468 lib.
1068 2445 1094 2466 r.
1122 2435 1220 2464 Varr.
1237 2432 1294 2463 lib.
1311 2440 1345 2462 v.
1368 2435 1404 2461 et
1420 2429 1595 2461 Plutarch.

896 2490 927 2520 in
946 2486 1101 2519 Romulo.
1124 2485 1206 2515 Dac.

938 2538 945 2559 ¹
962 2532 1212 2573 consuetionem]
1229 2533 1353 2564 Locum
1371 2531 1486 2562 Plauti
1499 2539 1597 2571 quem

898 2589 970 2619 vult
986 2589 1117 2625 Festus,
1132 2584 1231 2615 hodie
1243 2583 1330 2614 inter
1346 2581 1533 2622 fragmenta
1550 2582 1597 2612 le-

899 2648 977 2678 gere
994 2641 1056 2667 est.
1094 2634 1158 2665 Sed
1176 2633 1262 2664 maie
1278 2633 1323 2663 ibi
1336 2632 1520 2662 consuetudo
1537 2640 1597 2670 pro

899 2687 1052 2720 consuetio
1089 2684 1234 2725 legitur:
1271 2683 1280 2700 ‘
1308 2680 1529 2713 Ciandestina
1560 2686 1596 2711 ut
