1835 2906
377 203 439 232 DE
474 199 745 232 VERBORUM
780 195 1188 227 SlGNlFICATlONE
1225 197 1314 226 [ΑΒ.
1352 198 1392 227 V.

218 298 380 338 certum
397 298 465 335 est
483 293 715 348 appellari.

218 363 331 404 versi
346 366 531 403 narrant.

1522 185 1606 225 243

776 290 865 332 Sed
888 290 965 331 alii
985 290 1039 330 de
1055 302 1202 331 amore
1222 290 1353 331 Jovis
1373 291 1416 331 in
1437 293 1608 330 taurum

591 360 683 402 Alii
700 372 797 401 eam
814 371 841 399 a
857 356 1138 411 praedonibus
1158 362 1344 411 raptam,
1367 360 1408 398 et
1435 369 1607 405 navem,

217 443 318 484 quae
331 429 360 470 J
365 429 462 470 ovis
483 428 666 470 tutelam
688 426 873 479 effigiem
889 425 1005 466 tauri
1018 429 1031 446 Γ
1050 424 1287 476 habuerit‚4
1305 425 1349 465 in
1364 438 1461 466 eam
1475 425 1610 477 regio-

217 510 313 538 nem
334 510 433 539 esse
454 496 659 537 delatam.
718 493 913 545 Quidam
935 494 992 534 ob
1021 492 1388 547 pulchritudinem
1418 491 1610 546 regionis

219 578 297 618 per
318 562 644 605 simulationem
665 565 806 616 raptae
826 561 929 602 filiae
952 565 1216 615 occupatam
1244 573 1339 600 eam
1370 565 1529 600 terram
1554 560 1610 601 ab

219 632 421 686 Agenore
441 636 484 673 et
506 630 792 672 Phoenicibus
814 629 969 670 ferunt.

757 738 893 750 eeeeeee

898 737 991 750 eeeee

205 800 225 826 4
248 795 385 826 ‘Verba
410 794 479 834 illa,
503 798 532 825 et
555 803 676 832 navem,
699 804 766 833 quoe
781 793 872 824 Jovis
889 793 1030 828 tutelam,
1054 792 1214 823 mendosa
1231 795 1329 822 sunt:
1355 796 1388 821 et
1404 790 1547 822 fortasse
1566 791 1612 821 ita

162 837 375 878 corrigenda,
399 841 429 868 et
450 847 558 868 navem
581 837 688 878 quujus
702 837 800 868 tutela
815 836 946 878 effigiem
960 836 1049 867 tauri
1063 834 1230 866 habuerit)
1256 835 1350 866 Fulv.
1369 835 1482 865 Ursin.
1527 834 1615 865 Vide

166 881 277 912 Notas
300 879 360 911 inf.

814 941 957 974 NOTAE

162 998 295 1037 deberi,
323 997 379 1039 qui
410 997 580 1038 Europam
606 997 768 1028 dicebant
799 997 862 1028 Ur·

163 1058 253 1088 appa,
265 1049 357 1089 quasi
371 1053 494 1079 terram
505 1047 775 1088 λευκοπρόσωπον,
784 1047 861 1088 quia

164 1099 325 1139 Europaei
363 1097 542 1130 Africanos
576 1098 723 1129 candore
761 1097 861 1128 faciei

164 1149 303 1180 multum
335 1153 509 1189 superant,
540 1148 630 1179 unde
662 1152 698 1179 et
725 1148 863 1189 Europa

166 1200 241 1240 ipsa
272 1199 392 1230 Cadmi
423 1208 519 1230 soror
549 1199 643 1230 dicta
673 1204 739 1237 est,
770 1198 866 1239 quasi

163 1250 235 1281 alba
249 1250 337 1288 jacie
365 1250 469 1290 virgo.
517 1251 568 1281 De
594 1250 738 1290 Europae
765 1254 865 1290 raptu

165 1301 299 1332 variant
324 1301 516 1340 sententiae,
536 1306 574 1331 ut
600 1300 653 1331 hic
676 1301 798 1331 Festus
815 1309 867 1331 re-

164 1350 250 1389 fert3
277 1351 330 1382 cui
347 1350 473 1382 addere
491 1355 602 1391 potes,
621 1350 647 1380 si
665 1349 772 1389 lubet,
791 1359 866 1381 earn

165 1407 295 1442 raptam
319 1401 423 1433 fuisse
440 1403 516 1432 navi
535 1411 610 1442 quae
637 1405 753 1432 taurus
776 1400 869 1431 dice-

165 1453 284 1483 batur:
305 1463 345 1483 ex
364 1452 507 1484 Polluce
525 1453 581 1483 lib.
595 1461 619 1483 1.
639 1461 713 1492 cap.
727 1454 758 1481 9.
775 1451 868 1483 Ἔστι

164 1503 200 1532 δέ
223 1514 293 1533 τινα
311 1504 408 1534 πλοῖα
432 1501 531 1538 Λύβια
552 1501 708 1542 λεγόμενα
725 1501 802 1543 κριοὶ
816 1501 867 1534 καὶ

129 1568 132 1571 -
165 1552 288 1593 τράγοι,
321 1553 360 1584 ὡς
402 1552 531 1592 εἰκάζειν
563 1553 611 1584 ὅτι
647 1553 791 1584 τοιοῦτον
829 1552 868 1591 ἣν

164 1604 277 1634 πλοῖον
291 1603 341 1634 καὶ
357 1605 374 1635 ὃ
392 1605 502 1646 ταῦρος
518 1605 534 1634 ὁ
549 1604 608 1641 τὴν
623 1603 769 1643 Εὐρώπαν
789 1604 867 1642 &ya-

166 1654 242 1692 Ὑών.
268 1655 288 1685 i.
315 1665 344 1685 e.
378 1655 489 1685 ‘Sunt
515 1659 550 1685 et
576 1654 730 1695 quaedam
762 1663 867 1684 naves

170 1703 305 1743 Lybicae
331 1705 433 1736 dictae
455 1706 580 1736 arietes
602 1709 638 1735 et
654 1704 750 1744 hirci,
767 1704 815 1734 ita
832 1709 869 1734 ut

167 1754 338 1793 conjicere
363 1755 463 1785 liceat
490 1755 591 1785 talem
618 1753 719 1785 fuisse
749 1762 868 1784 navem

168 1808 203 1834 et
241 1810 373 1835 taurum
408 1805 464 1845 qui
495 1806 666 1845 Europam
703 1804 870 1836 abduxit.’

169 1853 258 1885 Item
292 1864 334 1884 ex
364 1855 561 1895 Palaepliato
588 1855 740 1886 Taurum
782 1855 870 1886 hunc

168 1906 382 1938 Cretensium
400 1917 510 1948 regem
524 1907 639 1948 fuisse,
651 1907 708 1949 qui
727 1916 870 1948 occupa-

169 1962 204 1988 to
219 1957 313 1998 Tyro
330 1958 501 1998 Europam
519 1958 608 1990 inter
625 1959 707 1989 alias
726 1958 872 1998 virgines

169 2007 295 2046 rapuit.
338 2007 379 2038 Τὸ
394 2007 427 2038 δὲ
442 2008 570 2048 ἀληθὲς,
585 2009 706 2050 inquit,
720 2008 788 2047 ἔχει
803 2007 871 2041 ὧδε.

168 2058 260 2098 Ἀνὴρ
271 2058 442 2100 Κνώσσιος,
453 2059 579 2098 ὀνόματι
589 2060 717 2099 Ταῦρος,
729 2059 872 2098 ἐπολέμει

169 2110 211 2150 τῇ
231 2110 362 2151 Τυρηνίᾳ
385 2110 483 2152 χώρᾳ.
511 2113 693 2143 τελευταῖον
715 2112 740 2142 δ’
761 2113 796 2143 ἐκ
815 2111 873 2143 Τύ-

166 2172 222 2201 ρου
245 2161 382 2202 ἥρπασεν
411 2162 513 2194 ἄλλας
539 2175 575 2194 τε
600 2163 704 2204 κόρας,
729 2162 816 2194 ἀλλὰ
837 2163 874 2200 δὴ

172 2213 226 2243 καὶ
250 2213 307 2250 τὴν
335 2214 393 2244 τοῦ
417 2214 573 2249 βασιλέως
599 2213 754 2255 θυγατέρα
776 2214 874 2255 Εὐρώ-

171 2273 244 2300 πην·
270 2263 383 2303 ἔλεγον
411 2262 464 2295 οὖν
492 2265 521 2295 οἱ
544 2264 705 2305 ἅνθρωποι,
730 2265 875 2307 Εὐρώπην

171 2313 232 2349 ’τὴν
261 2313 317 2343 τοῦ
339 2313 495 2349 βασιλέως
519 2316 630 2356 ταῦρος
655 2315 737 2355 ἔχων
759 2315 873 2356 ᾤχετο.

172 2363 287 2394 τούτου
311 2362 344 2394 δὲ
372 2364 541 2403 ’γενομένου
573 2365 836 2406 προσανεπλάσθη
859 2367 876 2396 ὁ

173 2414 276 2452 μῦθος.
300 2414 329 2445 1.
347 2424 376 2446 e.
395 2416 403 2431 ‘
420 2415 556 2446 Veritas
573 2422 686 2447 autem
705 2418 751 2448 sic
767 2426 803 2448 se
819 2417 875 2447 ha-

176 2465 256 2496 bet:
281 2465 378 2496 homo
403 2465 560 2496 Cnossius
587 2467 719 2497 nomine
742 2466 877 2497 Taurus

176 2515 357 2555 Tyriorum
372 2515 544 2555 regionem
563 2515 710 2546 vexabat
724 2515 826 2555 bello,
838 2525 877 2547 ac

180 2571 351 2606 postremo
369 2576 445 2597 cum
463 2576 579 2597 omnes
595 2566 678 2597 alias
690 2566 772 2607 Tyri
788 2566 880 2606 puel-

178 2617 241 2655 las,
260 2621 327 2647 tum
345 2617 445 2648 etiam
464 2617 575 2657 rapuit
591 2615 694 2647 filiam
710 2616 798 2657 regis
813 2616 878 2646 Eu-

180 2675 308 2705 ropam.
368 2667 413 2697 Et
446 2668 525 2698 inde
568 2667 666 2708 vulgo
707 2666 880 2705 dicebant,

182 2716 349 2756 Europam
375 2717 462 2756 regis
487 2717 590 2748 filiam
607 2717 738 2748 Taurus
753 2716 878 2748 liabens

180 2766 275 2797 abiit,
316 2766 377 2800 His
393 2767 441 2798 ita
459 2768 561 2807 gestis
579 2766 694 2799 fabula
711 2766 878 2798 conficta!

917 996 1029 1037 Hujus
1049 996 1149 1027 Tauri
1176 995 1265 1037 regis
1289 995 1442 1027 meminit
1459 995 1616 1027 Eustath.

917 1047 951 1078 in
968 1047 1109 1087 Dionys.
1133 1047 1286 1078 meminit
1301 1052 1336 1078 et
1351 1047 1499 1087 scriptor
1516 1047 1618 1077 Chro-

917 1097 984 1129 nici
1012 1097 1249 1137 Alexandrini,
1274 1097 1389 1138 aitque
1413 1107 1490 1127 eum
1516 1106 1617 1127 occu-

919 1152 1001 1189 pata
1016 1148 1107 1188 Tyro
1125 1148 1277 1188 rapuisse
1296 1149 1481 1188 Europam,
1501 1152 1536 1178 et
1553 1147 1620 1177 tori

918 1203 1110 1230 consortem
1130 1197 1263 1229 fecisse.
1288 1198 1369 1229 Dae.

961 1252 973 1268 ⁸*
998 1249 1077 1285 Quae
1095 1250 1187 1280 Jovis
1209 1250 1338 1280 tutelam
1360 1248 1495 1290 effigiem
1518 1248 1618 1288 tauri]

920 1300 1014 1341 Lege
1032 1309 1109 1331 cum
1122 1300 1297 1341 Scaligero
1310 1311 1318 1332 z
1338 1300 1417 1336 Quoe
1432 1299 1524 1330 Jovis
1538 1302 1620 1330 tute-

920 1353 982 1382 lam
1008 1351 1110 1393 effigie
1133 1351 1230 1382 tauri.
1285 1350 1352 1381 Sed
1379 1348 1504 1381 foedius
1529 1358 1621 1380 men-

919 1400 999 1431 dum
1015 1401 1112 1432 latet.
1148 1401 1286 1442 Quippe
1304 1398 1496 1441 legendum,
1512 1399 1554 1429 Et
1567 1409 1621 1429 ηα-

918 1461 965 1491 τε,
980 1461 1062 1492 quoe,
1078 1453 1130 1491 eye.
1156 1451 1203 1482 ait
1231 1451 1318 1482 enim
1336 1450 1503 1491 Agenoris
1520 1449 1621 1480 filiam

921 1511 1007 1533 nave
1025 1501 1172 1534 delatam
1188 1503 1219 1533 in
1237 1511 1311 1533 eam
1329 1502 1515 1541 regionem,
1530 1510 1619 1531 nerw

923 1563 964 1594 pe
996 1554 1166 1593 Europam
1185 1564 1193 1584 ε
1232 1553 1314 1584 nihil
1351 1553 1500 1583 certius:
1547 1553 1621 1591 lege

922 1603 1031 1636 modo.
1073 1604 1196 1634 Tutela
1217 1603 1396 1634 dicebatur
1419 1602 1451 1632 iu
1472 1601 1547 1632 navi
1565 1601 1622 1631 ubi

926 1656 1074 1686 Deorum
1090 1653 1218 1695 effigies
1230 1654 1454 1693 caelabantur,
1469 1653 1501 1683 in
1517 1652 1622 1692 puppi

924 1706 1067 1746 scilicet,
1090 1714 1155 1736 uon
1179 1706 1211 1736 in
1230 1714 1343 1746 prora,
1365 1710 1403 1735 ut
1422 1703 1623 1745 quibusdam

924 1766 1135 1797 persuasum.
1182 1756 1286 1788 Ovid.
1304 1757 1336 1787 in
1360 1756 1471 1796 Epist.
1493 1756 1502 1772 ⁴
1522 1754 1623 1785 Acci:

925 1808 975 1848 pit
999 1813 1034 1839 et
1057 1808 1165 1848 pictos
1188 1807 1313 1849 puppis
1341 1807 1472 1838 adunca
1503 1804 1624 1836 Deos,⁹

926 1858 1021 1898 Virg.
1038 1867 1073 1888 x.
1092 1857 1221 1888 AEneid.
1243 1858 1252 1874 ‘
1270 1857 1315 1888 Et
1331 1862 1449 1887 aurato
1471 1853 1625 1895 fulgebat

926 1907 1085 1949 Apolline
1110 1906 1259 1949 puppis.'
1302 1907 1458 1938 Tutelam
1476 1910 1509 1936 et
1527 1914 1624 1946 para-

925 1968 1041 1991 semon
1076 1967 1255 2000 perperam
1302 1955 1513 1989 confundunt
1563 1956 1625 1986 viri

925 2009 1032 2046 docti,
1056 2018 1129 2050 quae
1147 2013 1182 2040 et
1210 2009 1285 2040 loco
1312 2012 1347 2039 et
1377 2006 1627 2047 significatione

926 2059 1101 2092 differunt.
1144 2060 1270 2091 Tutela
1294 2067 1429 2099 semper
1451 2058 1483 2088 in
1510 2058 1629 2097 puppi,

929 2120 1128 2152 pai-asemon
1155 2119 1290 2151 semper
1313 2110 1345 2140 in
1372 2117 1484 2149 prora,
1506 2117 1627 2147 nempe

930 2161 1122 2193 animalium
1156 2166 1191 2192 nt
1227 2160 1420 2200 plurimum,
1447 2157 1627 2199 aliquando

930 2213 1031 2243 etiam
1049 2213 1096 2243 rei
1118 2211 1304 2252 cujuslibet
1326 2209 1453 2250 effigies
1468 2209 1538 2239 sive
1558 2209 1627 2249 pies

930 2268 1006 2294 tura
1022 2272 1124 2304 supra
1149 2266 1261 2293 rostra
1285 2260 1409 2301 posita,
1432 2259 1521 2290 unde
1539 2252 1629 2289 navi—

931 2313 992 2345 bus
1010 2323 1153 2345 nomen:
1182 2311 1272 2353 apud
1290 2311 1389 2352 Virg.
1426 2311 1435 2327 ‘
1460 2310 1629 2340 Massicus<

931 2370 1038 2396 aerata
1062 2364 1220 2405 princeps
1243 2366 1340 2393 secat
1367 2370 1502 2402 aequora
1531 2360 1630 2401 tigri-¹

932 2416 1052 2451 Navis,
1063 2415 1156 2454 tigris
1168 2413 1272 2452 dicta,
1287 2412 1375 2453 quod
1393 2412 1512 2451 tigrem
1528 2412 1631 2442 liabe-

933 2471 987 2497 ret
1002 2475 1065 2506 pro
1082 2472 1268 2505 parasemo.
1306 2463 1361 2494 Sic
1377 2461 1467 2503 apud
1485 2461 1630 2492 eundem

932 2519 941 2535 ‘
960 2516 1099 2557 pristis,'
1138 2516 1147 2533 ‘
1164 2512 1345 2553 chimaera‚’
1390 2514 1400 2530 ⁴
1417 2511 1634 2550 Centa11¹·us„'

932 2568 941 2583 ⁶
961 2565 1097 2606 Scylla,’
1135 2574 1237 2595 naves
1277 2562 1392 2594 dictae.
1451 2564 1507 2594 Sic
1538 2564 1632 2593 navis

935 2614 1213 2657 Bellerophontis
1230 2612 1323 2644 dicta
1336 2612 1584 2653 Pegasus,qu0d
1602 2612 1633 2642 ei

933 2675 1038 2707 equus
1071 2666 1178 2696 alatus
1208 2668 1283 2695 erat
1321 2662 1465 2703 insigne.
1528 2662 1634 2693 Navis

933 2722 1060 2755 autem,
1075 2725 1149 2757 qua‘
1175 2715 1343 2755 Europam
1367 2714 1473 2751 vexit,
1491 2713 1632 2744 tutelam

934 2766 1032 2801 ,iovis
1053 2765 1168 2797 habuit
1188 2764 1248 2797 suh
1265 2763 1373 2805 effigie
1391 2764 1488 2795 tauri.
1534 2763 1628 2794 Unde
