1835 2906
192 101 276 143 448

508 108 644 139 FESTI
680 108 741 138 DE
778 108 920 137 VERss.
951 105 1129 136 SIGNIF.
1163 105 1257 135 LIB.
1290 103 1362 134 XI.

196 205 322 248 Mille
351 203 514 246 urbium
560 202 731 258 populus
763 200 908 244 stetit¹
940 214 1021 254 pro
1052 212 1182 252 regno
1212 198 1356 238 dixisse
1386 198 1447 238 ait
1451 226 1633 238 .....

251 272 476 314 Veranius
516 271 561 311 in
600 272 740 312 libro:
791 283 904 324 quem
945 266 1146 320 inscripsit
1198 264 1438 306 Priscorum
1471 278 1638 313 vocum,

250 340 374 395 quod
394 339 433 379 ei
456 352 637 379 summae
659 337 850 378 videatur
871 334 1068 389 originem
1088 333 1238 373 dedisse
1259 347 1304 373 ac
1320 346 1499 374 causam
1517 331 1641 373 Grae-

250 421 324 449 cus
345 408 486 448 Sermo
504 407 638 461 χιλιὰς
659 412 694 445 et
714 403 901 458 χιλιάδες,
924 416 978 443 eo
1001 408 1151 443 autem
1173 415 1252 441 non
1273 414 1404 441 omnes
1424 400 1499 440 uti.

853 540 992 573 NOTAE

200 622 275 653 bus:
308 622 442 652 namin
475 620 606 652 schedis
637 621 685 651 ita
720 618 895 657 scriptum,

199 673 208 688 ⁶
224 672 412 713 cujusmodi
429 677 479 702 est
499 671 689 711 parentatio
708 679 773 699 non
795 668 897 698 sacri-

199 723 310 754 ficium
316 744 468 754 ........
481 732 599 761 magno
622 730 669 752 cr,
685 742 712 751 ..
728 742 735 751 .
755 719 898 750 tenebat

202 784 293 805 aram
299 793 545 804 ............
549 772 556 783 ’
587 776 704 812 postea
735 769 897 810 sequeba-

203 832 259 856 tur
272 827 283 841 ⁴
300 825 389 854 mille
407 824 538 854 urbium
562 823 706 862 populus
723 820 844 860 stetit‚’
862 825 899 850 ut

203 884 316 914 supra.
361 874 439 905 Non
456 873 595 904 dubium
619 878 669 903 est
695 872 795 912 igitur
818 871 899 911 quin

203 925 287 956 illud
316 924 487 955 lebatarum
516 923 559 954 sit
590 932 650 963 pro
681 922 750 961 illo,
778 921 901 952 tenebat

203 985 301 1006 aram.
348 975 392 1005 Et
419 975 452 1005 in
478 974 516 1004 iis
541 974 661 1004 Festus
682 971 779 1002 nobis
799 971 900 1001 ritum

206 1026 351 1065 aliquem
382 1023 588 1064 explicabat,
619 1031 717 1063 quem
749 1021 900 1052 divinare

205 1085 348 1116 nequeo.
391 1074 541 1106 Putabat
564 1073 701 1104 doctiss.
726 1072 819 1102 Fulv.
838 1071 903 1102 Ura

207 1127 298 1156 sinus
321 1126 384 1155 huc
409 1125 596 1165 pertinere,
614 1123 700 1163 quod
726 1122 774 1152 ait
796 1122 903 1152 Varro

207 1176 265 1207 lib.
278 1186 311 1206 v.
325 1185 434 1206 rerum
446 1175 632 1205 divinarum
649 1173 736 1214 apud
750 1173 903 1203 Μαι-τοὶ).

208 1228 266 1258 lib.
293 1235 349 1258 111.
376 1236 449 1266 cap.
473 1229 503 1257 2.
531 1235 604 1256 aras
635 1226 779 1265 primum
809 1234 904 1254 ansas

210 1279 334 1316 dictas,
350 1276 438 1317 quod
455 1281 546 1307 esset
563 1276 792 1306 necessarium
811 1285 829 1305 a
855 1284 904 1304 sa-

211 1326 442 1359 crificantibus
458 1335 513 1357 eas
531 1326 650 1356 teneri.
674 1325 797 1365 Virgil.
822 1330 829 1341 ‘
844 1325 907 1355 Ta-

210 1378 299 1409 libus
316 1377 434 1408 orabat
460 1376 558 1408 dictis
584 1385 725 1416 arasque
747 1374 907 1407 tenebat?

950 623 1031 654 Dae.

995 671 1000 691 ¹
1027 673 1120 703 Mille
1134 673 1255 703 urbium
1268 673 1397 712 populus
1413 669 1517 710 stetit]
1544 669 1647 708 Lege,

952 723 1044 754 Mille
1067 723 1189 754 urbium
1210 723 1331 763 populis
1353 721 1441 752 stetit
1463 730 1518 760 pro
1542 728 1649 757 reguo.

953 772 1090 810 Aiebat,
1117 773 1267 813 quisquis
1295 771 1350 802 ilie
1383 770 1438 808 sit,
1469 768 1555 800 uude
1586 768 1648 797 hoc

955 822 1096 853 Verrius
1123 822 1324 862 desumpsit,
1346 830 1406 861 pro
1431 829 1535 860 reguo
1563 818 1649 848 obti-

954 873 1066 903 nendo
1094 873 1236 912 populos
1264 871 1355 902 mille
1382 870 1514 900 urbium
1539 868 1650 909 perdi-

955 922 1057 959 disse,
1074 924 1136 953 &c.
1183 921 1258 952 Hoc
1279 926 1391 952 autem
1414 920 1496 950 mille
1517 918 1650 955 urbium,

956 973 1095 1003 Verrius
1111 971 1265 1010 adduxit,
1281 977 1319 1002 ut
1335 970 1497 1010 probaret
1512 968 1549 998 τὸ
1569 968 1652 998 mille

957 1034 976 1054 a
996 1023 1178 1054 Veteribus
1202 1027 1399 1062 usurpatum
1417 1030 1456 1050 eo
1476 1027 1653 1055 consensu,

959 1083 1023 1114 quo
1041 1073 1156 1104 Graeei
1173 1071 1289 1102 dicunt
1304 1070 1411 1110 χιλιὰς
1426 1070 1507 1100 mille
1521 1069 1652 1102 urbium,

959 1134 1023 1154 nou
1051 1124 1133 1154 mille
1156 1123 1269 1153 urbes.-
1294 1122 1342 1152 sic
1360 1121 1490 1152 Gellius
1513 1119 1569 1149 lib.
1585 1127 1608 1148 ι.
1624 1127 1654 1148 c.

960 1177 1012 1204 16.
1037 1176 1045 1190 ‘
1063 1173 1159 1204 Mille
1177 1183 1241 1203 uon
1260 1182 1321 1212 pro
1345 1181 1385 1202 eo
1404 1171 1550 1211 ponitur,
1565 1168 1654 1210 quod

961 1225 1083 1256 Graece
1099 1221 1196 1262 χίλιοι
1214 1222 1350 1261 dicitnr,
1363 1221 1421 1252 sed
1436 1220 1524 1262 quod
1536 1218 1654 1259 χιλιὰς,

961 1279 996 1305 et
1013 1275 1112 1305 sicuti
1130 1283 1194 1304 una
1215 1271 1331 1312 χιλιὰς,
1347 1278 1381 1303 et
1406 1271 1480 1302 duae
1505 1269 1657 1310 χιλιάδες,

962 1334 1063 1355 unum
1081 1324 1183 1361 misse,
1200 1330 1235 1354 et
1259 1323 1325 1353 duo
1347 1322 1464 1360 millia,
1487 1326 1581 1352 certa
1607 1326 1655 1351 at-

963 1385 1026 1416 que
1044 1375 1173 1406 directa
1191 1374 1324 1405 salione
1342 1372 1490 1405 dicitur)
1516 1372 1612 1402 Idem.
