1835 2906
352 166 415 198 DE
448 165 718 198 VERBORUM
751 161 1157 195 SIGNIFICATIONE
1189 162 1281 193 [ΑΒ.
1314 162 1385 192 ΙΙΙ.

1502 152 1583 193 187

149 262 406 304 Convexum
421 268 437 285 ³
452 266 518 303 est
534 274 590 302 ex
611 260 726 302 omni
742 263 868 313 parte
886 257 1165 306 declinatum,
1180 257 1326 310 qualis
1344 259 1413 297 cst
1428 260 1584 296 natura

201 330 442 383 coeli,quod
457 343 515 370 ex
533 329 651 370 omni
666 331 789 382 parte
807 326 862 367 ad
877 330 1034 367 terram
1051 338 1205 365 versus
1222 325 1483 365 declinatum
1497 326 1584 363 est.

148 396 436 438 Conviciumb
466 410 493 438 a
512 398 640 446 vicis,
661 397 704 436 in
731 394 890 448 quibus
917 394 1062 447 prius³
1094 392 1332 432 habitatum
1363 395 1446 442 est,
1467 389 1585 430 vide-

200 468 269 505 tur
288 464 450 505 dictum
471 477 482 515 3
515 463 586 505 vel
606 464 834 504 immutata
851 461 980 501 litera
1001 459 1128 513 quasi
1149 458 1427 500 convocium.

146 530 366 581 Convotif
396 531 548 571 iisdem
569 530 683 570 votis
716 527 906 580 obligati.

147 597 364 651 Copona,‘¹
394 599 572 651 taberna
588 611 615 638 a
635 596 778 649 copiis
792 599 812 625 4
841 595 974 636 dicta.

147 665 382 718 Coquitare
394 671 408 687 Θ
428 678 505 719 pro
519 664 741 714 coctitare,
758 663 802 704 id
821 667 900 712 est,
913 662 1157 716 frequenter
1176 672 1381 713 coquere,
1397 658 1585 700 Plautus

201 733 368 785 posuit.

748 839 883 851 ιιιιιιι

887 838 982 850 eeeee

188 910 206 937 3
232 906 285 939 Al.
301 907 509 947 primurm—4
533 905 678 940 Quidam
696 904 880 945 conjiciunt
897 905 993 945 cupis.

799 1001 939 1034 NOTAE

190 1085 203 1099 ἃ
222 1079 412 1119 Convexum]
434 1078 537 1111 Quasi
553 1088 739 1109 conversum.
778 1078 840 1108 Isi-

147 1129 221 1160 dor.
248 1129 304 1159 lib.
320 1138 376 1160 111.
395 1128 490 1168 Orig.
519 1128 528 1144 ‘
547 1129 740 1159 Convexum
768 1137 841 1158 cur-

148 1190 223 1210 vum
241 1184 303 1219 est,
325 1179 418 1220 quasi
445 1188 644 1210 conversum
668 1188 727 1209 seu
749 1178 841 1209 incli-

146 1235 263 1260 natum
283 1234 318 1260 ct
341 1229 382 1260 ad
409 1228 542 1260 modum
560 1229 676 1260 circuli
694 1227 842 1260 flexum?

145 1279 212 1310 Sed
232 1290 249 1309 a
264 1280 337 1310 veho
354 1280 464 1319 potius
481 1289 579 1320 quam
607 1289 626 1309 a
650 1283 747 1317 υενιο,
770 1289 840 1309 con-

147 1340 258 1360 vexum
274 1330 465 1361 deducitur.
501 1330 562 1360 Est
575 1329 661 1360 enim
675 1339 841 1360 convexum

145 1380 176 1410 id
195 1380 281 1421 quod
308 1390 410 1420 supra
428 1389 612 1411 concavum
629 1380 840 1410 convehitur.

147 1431 246 1461 Idem.

189 1479 204 1501 b
222 1480 417 1521 Convicium]
431 1480 505 1511 Hac
521 1489 604 1511 voce
623 1479 759 1521 proprie
776 1479 842 1519 sig-

146 1536 248 1563 natur
277 1531 418 1563 confusa
458 1529 670 1565 vociferatio,
701 1540 776 1571 quae
802 1530 842 1561 fit

147 1582 300 1622 pluribus
340 1582 468 1623 pariter
511 1591 578 1612 una.
618 1581 841 1621 loquentibus.

147 1632 259 1672 Vulgo
274 1632 414 1663 dicimus
429 1642 578 1663 vacarme.
624 1632 762 1662 Terent.
778 1631 842 1661 hoc

148 1691 246 1712 sensu
277 1682 375 1718 dixit,
403 1682 550 1721 Adelph.
579 1690 620 1711 11.
651 1684 680 1711 1.
716 1681 725 1696 ‘
751 1680 840 1711 Ante

147 1733 238 1763 aedes
256 1742 320 1763 non
339 1733 459 1763 fecisse
476 1732 541 1762 erit
560 1731 677 1761 melius
692 1731 747 1762 hic
763 1740 841 1761 con-

149 1783 293 1814 vicium.’
344 1783 388 1813 Et
418 1782 554 1822 proprie
586 1781 700 1812 facere
730 1781 843 1812 convi-

148 1833 236 1863 cium
254 1832 377 1864 dicitur
394 1835 559 1863 occentare.
596 1831 684 1862 Vide
701 1832 710 1848 ‘
723 1841 842 1862 occen-

149 1882 294 1914 tassint.’
345 1881 429 1912 Inde
457 1886 553 1922 patet
574 1881 744 1912 conticium
769 1890 842 1912 esse

149 1935 244 1974 quasi
262 1933 449 1971 conrocz‘um,
462 1943 481 1963 a
497 1942 615 1963 vocum
639 1932 840 1968 conlatione,

149 1989 185 2015 et
200 1984 250 2015 ita
277 1985 412 2024 proprie
437 1983 525 2023 apud
549 1982 685 2013 Phaedr.
708 1983 791 2014 Fab.
808 1985 840 2015 6.

148 2035 206 2067 lib.
232 2044 258 2066 1.
294 2035 303 2051 ‘
327 2035 487 2066 Convicio
520 2039 690 2074 permotus
720 2033 841 2075 quaerit

147 2086 286 2127 Jupiter
306 2086 447 2117 Causam
470 2085 642 2125 querelae.¹
685 2085 839 2125 Priorem

149 2142 263 2168 tamen
285 2135 521 2176 etymologiam
537 2138 673 2165 secutus
691 2134 838 2165 Nonius:

148 2188 158 2204 ‘
178 2186 374 2218 Convicium
391 2186 518 2216 dietum
542 2190 593 2216 est
613 2184 707 2225 quasi
723 2193 742 2214 e
759 2184 841 2214 vicis

142 2237 274 2278 jocum,
301 2236 357 2277 qui
380 2235 567 2266 secundum
595 2234 842 2274 ignobilitatem

149 2287 339 2317 maledictis
360 2291 395 2317 et
417 2286 516 2316 dictis
533 2285 689 2325 turpibus
706 2285 843 2316 caville-

152 2336 228 2367 tur.'
266 2337 332 2367 Sed
351 2337 376 2366 is
393 2336 470 2377 quid
485 2341 576 2366 esset
591 2336 761 2366 convicium
777 2345 843 2366 non

150 2387 233 2418 satis
250 2386 428 2416 intellexit.
453 2385 549 2415 Idem.

190 2442 203 2457 ⁰
243 2436 387 2476 Convoti]
419 2434 563 2475 Proprie
594 2435 841 2475 conjuratores,

151 2485 383 2525 συνομνύοντες.
409 2485 505 2516 Idem.

192 2537 207 2558 ‘¹
234 2535 371 2577 Capena]
396 2536 471 2566 Non
489 2533 598 2573 video,
613 2543 716 2575 quare
732 2534 841 2566 doctis

150 2588 231 2617 viris
244 2587 298 2618 hic
322 2586 428 2616 visum
444 2589 574 2615 mutare
590 2594 608 2614 α
624 2585 721 2624 cupis,
736 2594 807 2625 pro,
822 2596 842 2616 α

149 2637 266 2678 copiis;
292 2645 368 2667 nam
396 2635 476 2667 nihil
503 2639 554 2666 est
576 2635 737 2675 apertius.
773 2636 842 2667 Jos.

152 2686 235 2717 Saul.

942 1075 1082 1117 Coponii]
1107 1076 1184 1108 Non
1212 1074 1307 1106 video
1328 1084 1388 1106 cur
1410 1074 1473 1105 viri
1495 1073 1589 1106 docti

896 1137 957 1168 pro
983 1138 1001 1158 a
1024 1128 1122 1166 copiis
1144 1126 1291 1167 legerint
1315 1137 1334 1157 a
1357 1125 1453 1165 cupis.
1501 1125 1588 1156 Nam

894 1188 982 1218 cupa,
994 1183 1031 1209 ut
1043 1178 1185 1208 Veteres
1199 1176 1316 1207 dixere
1330 1185 1391 1215 pro
1404 1185 1488 1215 capa,
1498 1175 1588 1205 idem

895 1232 948 1259 est
978 1237 1017 1258 ac
1043 1236 1168 1267 copona.
1229 1228 1351 1266 Copona
1378 1230 1491 1256 autem
1518 1224 1588 1254 sive

894 1288 970 1317 cupa
986 1279 1037 1308 vel
1055 1287 1139 1316 copa,
1164 1281 1198 1307 et
1221 1276 1393 1307 tabernam
1417 1279 1452 1305 et
1473 1273 1591 1305 mulie-

894 1339 963 1360 rem
996 1327 1177 1368 significat.
1237 1327 1289 1357 De
1320 1325 1465 1356 Muliere
1494 1324 1589 1363 virg,

893 1379 903 1396 ‘
922 1380 1014 1419 Copa
1046 1376 1208 1418 Syrisca3'
1228 1376 1316 1417 quod
1344 1376 1453 1406 Lucil.
1476 1375 1485 1391 ‘
1504 1375 1591 1405 Cau-

896 1440 985 1470 pona
1012 1429 1067 1459 hic
1092 1433 1204 1459 tamen
1234 1437 1298 1457 una
1313 1425 1421 1466 Syra.'
1468 1425 1592 1465 Neque

897 1485 1009 1511 tamen
1033 1489 1051 1509 α
1072 1478 1167 1518 copiis
1189 1477 1281 1508 dicta
1298 1486 1423 1517 copona,
1447 1479 1484 1506 ut
1509 1476 1591 1506 Fes-

898 1535 952 1562 tus
983 1529 1152 1569 opinatur,
1188 1527 1246 1557 sed
1273 1527 1397 1566 potius,
1422 1530 1459 1556 ut
1489 1526 1522 1556 in
1546 1527 1591 1556 al-

897 1580 1045 1621 phabeto
1082 1588 1142 1609 suo
1182 1577 1330 1616 Angelus
1356 1575 1515 1606 Caninius
1556 1580 1592 1605 et

895 1631 1045 1670 Scaliger
1082 1629 1116 1658 in
1155 1626 1404 1667 Conjectaneis‚
1439 1635 1533 1665 caupo
1571 1634 1592 1655 a

897 1682 1020 1712 Graeco
1039 1677 1190 1715 κάπηλος,
1206 1675 1355 1713 κάπηλος,
1372 1674 1487 1709 aetnam,
1510 1679 1547 1706 ut
1572 1685 1591 1705 a

896 1730 1062 1769 κάνθηλος,
1076 1729 1200 1760 κάνθων.
1246 1727 1277 1759 Α
1290 1726 1393 1758 κάπων
1410 1727 1523 1758 Latini
1541 1725 1591 1757 fe-

898 1791 975 1812 cere
992 1791 1098 1820 caupo,
1115 1779 1232 1810 addito
1249 1789 1280 1809 u.
1318 1779 1388 1808 Pro
1404 1784 1470 1818 quo
1486 1777 1590 1808 etiam

897 1831 1014 1862 dixere
1027 1840 1118 1870 copo;
1138 1835 1173 1860 ut
1188 1838 1248 1869 pro
1262 1829 1271 1846 ‘
1283 1827 1382 1866 aula‚’
1398 1829 1406 1844 ¹
1418 1827 1514 1865 olla3'
1528 1832 1562 1858 et
1573 1837 1592 1857 a

896 1881 906 1899 ‘
919 1879 1026 1921 copo,'
1042 1881 1050 1897 ‘
1064 1878 1216 1919 copona.'
1252 1879 1298 1908 Et
1314 1877 1500 1917 antiquitus
1517 1881 1591 1907 ‘co-

897 1931 957 1972 po'
978 1935 1013 1962 et
1040 1931 1049 1948 ⁴
1064 1928 1214 1969 copona’
1243 1937 1307 1958 non
1325 1928 1367 1957 de
1384 1936 1449 1957 una
1466 1935 1500 1957 re
1518 1931 1591 1957 tan-

896 1987 980 2019 tum,
1001 1985 1038 2012 ut
1054 1990 1155 2020 nunc,
1174 1978 1233 2010 sed
1259 1979 1300 2009 ad
1324 1978 1431 2008 multa
1445 1977 1509 2008 alia
1534 1987 1592 2008 ex-

895 2032 1116 2070 tendebatur,
1134 2036 1168 2061 ut
1187 2030 1319 2061 Graecis
1335 2027 1485 2066 κάπηλος.
1509 2028 1590 2058 Duc,

937 2089 950 2105 Ε
977 2081 1159 2124 Coquitare]
1186 2080 1298 2112 Hodie
1315 2079 1388 2110 haec
1413 2089 1478 2110 vox
1500 2078 1590 2119 apud

894 2135 1055 2167 Plautum
1083 2141 1246 2173 nusquam
1277 2130 1413 2170 legitur,
1452 2129 1515 2159 nisi
1544 2129 1591 2159 lo-

896 2196 971 2218 cum
1009 2185 1177 2224 intelligat
1215 2183 1338 2214 Festus
1373 2180 1429 2221 qui
1470 2185 1522 2210 est
1557 2179 1590 2209 in

895 2235 1021 2267 Pseud.
1037 2244 1095 2265 111.
1115 2237 1144 2264 2.
1171 2232 1226 2264 ubi
1249 2240 1335 2262 nunc
1358 2230 1521 2270 coquinare
1544 2230 1591 2259 le-

897 2286 1009 2326 gitur:
1050 2290 1059 2304 ⁴
1083 2284 1173 2314 Hem
1204 2290 1314 2320 mane,
1351 2279 1466 2319 quanti
1502 2279 1590 2310 istuc

896 2345 996 2366 unum
1024 2342 1076 2364 me
1103 2332 1284 2372 coquinare
1312 2328 1510 2370 perdoces?'
1533 2329 1589 2359 ubi

894 2385 1059 2425 coquinare
1087 2387 1138 2413 est
1163 2391 1181 2411 a
1204 2381 1345 2420 coquina,
1371 2383 1409 2410 ut
1436 2383 1471 2410 et
1501 2380 1589 2410 idem

894 2435 1090 2475 coquinatum
1120 2431 1220 2471 paulo
1254 2429 1408 2469 superius
1432 2428 1590 2459 dixerat:

898 2488 907 2504 ‘
924 2487 977 2516 An
1002 2490 1038 2516 tu
1059 2483 1274 2524 coquinatum
1295 2485 1330 2511 te
1348 2481 1397 2510 ire
1423 2489 1589 2520 quoquam

896 2535 1050 2575 postulas
1062 2532 1082 2563 ?'
1122 2533 1165 2563 Et
1184 2531 1297 2562 Aulul.
1314 2540 1369 2561 ιιι.
1389 2533 1416 2561 1.
1440 2530 1449 2547 ‘
1467 2529 1588 2570 Neque

896 2595 959 2625 ego
976 2593 1132 2624 unquam,
1155 2582 1215 2612 nisi
1241 2581 1349 2620 hodie,
1372 2580 1413 2611 ad
1436 2580 1588 2611 Bacchas

898 2635 973 2666 veni
1020 2634 1061 2665 ad
1108 2632 1299 2664 Bacchanal
1350 2630 1588 2672 coquinatum.'

899 2686 995 2716 Idem.
