1835 2906
384 125 447 155 DE
481 123 753 154 VERBORUM
788 121 1198 153 SIGNlFICATIONE
1232 124 1325 153 LlB.
1359 124 1465 154 XIV.

1574 116 1659 157 595

215 222 444 275 Pignosa,g
467 221 669 274 pignora,
687 232 740 260 eo
753 219 899 268 modo,
914 231 1001 273 quo
1014 217 1203 269 Valesii,
1220 223 1262 260 ot
1278 219 1470 270 Auselii,
1496 221 1658 274 [Fsss'r.

272 290 438 339 Pinosi,
460 288 602 329 Pilesi
621 287 652 311 ¹⁸
675 287 951 329 dicebantur.

384 370 486 411 quae
527 356 734 412 parietem
772 359 1003 406 sustentat,
1036 355 1092 396 ab
1124 356 1386 409 opponendo
1402 361 1434 387 ¹9
1483 356 1659 406 [PAUL.

214 356 346 404 Pila,h

270 425 391 466 dicta
412 430 497 467 est.

213 490 356 543 Pilae,i
380 497 426 534 et
446 492 613 546 effigies
633 492 799 542 virileS‚
822 496 865 534 et
884 492 1121 534 muliebres
1145 504 1203 533 ex
1228 491 1328 531 lana
1349 490 1661 545 compitalibus

271 561 651 614 suspendebantur
684 560 731 601 in
764 561 984 615 compitis,
1015 559 1134 614 quod
1167 558 1300 610 (hunc
1331 558 1448 599 diem
1479 558 1663 613 festum)

270 641 371 670 esse
398 629 592 670 Deorum
624 628 913 677 inferorum‚20
943 640 1053 682 quos
1087 629 1248 668 vocant
1273 625 1403 674 lares,
1438 631 1661 678 putarent,

270 697 431 751 quibus
462 700 530 738 tot
556 696 677 750 pilae,
698 700 807 749 quot
827 695 981 749 capita
1002 708 1243 744 servorum,
1265 697 1330 735 tot
1350 691 1532 745 effigies,
1555 699 1664 747 quot

270 768 419 806 essent
447 764 589 815 liberi,
622 765 910 818 ponebantur,
941 768 991 804 ut
1020 762 1134 805 vivis
1166 766 1413 815 parcerent,
1444 764 1485 801 et
1516 766 1665 802 essent

268 833 338 874 his
360 832 466 886 pilis
486 837 531 874 et
553 832 799 873 simulacris
822 832 1034 873 contenti.

215 902 342 952 Pilae,
362 907 398 941 et
430 899 569 941 viriles
598 906 636 940 ec
662 898 876 940 muliebres
906 898 1088 954 effigies
1072 913 1115 939 m
1136 898 1354 952 Compitis
1375 911 1458 938 sus—
1503 897 1664 951 [Fusi.

264 968 548 1023 pendebantur
573 966 838 1023 Compitalib.
861 982 908 1008 er
929 967 1041 1017 Ιαηα,
1063 965 1171 1022 quod
1199 980 1275 1007 esse
1297 967 1490 1008 Deolum
1511 978 1553 1004 m
1578 963 1665 1004 eto-

823 1091 938 1104 ’’’’’’

942 1090 1057 1103 ‘‘‘‘‘‘

258 1165 297 1192 18
320 1162 487 1195 Vet.cod.
505 1163 756 1201 Pe'nosi,P‹1lisz‘.
802 1160 865 1192 Vir
893 1159 986 1190 doct.
1013 1159 1047 1189 in
1075 1167 1181 1199 marg.
1207 1159 1262 1190 ed.
1292 1157 1383 1189 Scal.
1408 1155 1498 1196 conj.
1530 1155 1665 1188 Pinosii,

213 1206 351 1245 Papisii.
396 1206 485 1237 Vide
500 1205 560 1238 inf.
564 1208 650 1237 —19
668 1204 816 1246 Conjicit
831 1202 971 1234 Vossius
986 1202 1023 1232 ab
1039 1202 1212 1241 oppilando.
1215 1203 1299 1232 —20
1322 1200 1386 1232 Vir
1401 1199 1493 1230 doct.
1510 1198 1544 1230 in
1562 1206 1657 1236 marg

213 1248 267 1279 ed.
264 1216 374 1279 pScal.
392 1249 485 1289 conj.
501 1249 699 1287 ivfferz‘mffum

869 1308 1010 1342 NOTAE

213 1382 305 1408 ⁴tuam
323 1383 475 1409 auratam
494 1378 615 1419 patris,
627 1387 702 1419 qnae
721 1376 829 1418 prima
845 1384 914 1405 om-

212 1428 303 1459 nium
342 1428 376 1459 in
407 1428 511 1460 Italia
541 1433 652 1460 statua
681 1431 800 1459 aurata
837 1425 916 1464 fuit,

214 1480 340 1519 posuit.
388 1481 462 1512 Liv.
492 1481 551 1512 lib.
580 1489 641 1512 xl..
665 1480 708 1511 de
735 1479 805 1510 filia
840 1487 914 1518 quae

213 1536 368 1571 matrem,
383 1536 418 1562 et
439 1531 482 1562 de
505 1532 612 1562 altera
630 1540 704 1571 quae
722 1534 866 1571 patrem,
882 1528 916 1559 in

213 1590 352 1613 carcere
367 1582 461 1614 aluit.
506 1582 583 1614 Val.
601 1582 696 1612 Max.
712 1581 773 1612 lib.
790 1589 826 1611 v.
842 1589 917 1620 cap.

212 1634 244 1663 4.
286 1632 378 1673 Hyg.
395 1632 510 1663 fabula
526 1635 602 1664 254.
626 1633 705 1663 Ant.
723 1632 808 1670 Aug.

257 1683 381 1714 Pietati
396 1683 508 1723 cedem]
532 1683 573 1714 In
590 1682 661 1713 foro
679 1682 826 1712 olitorio.
861 1680 914 1711 Li-

214 1733 286 1763 vius
307 1733 367 1765 lib.
385 1743 442 1764 XL·
469 1743 545 1774 cap.
563 1736 616 1764 34.
638 1732 726 1763 Pub.
743 1731 864 1762 Victor
882 1730 915 1760 in

215 1786 267 1814 ll.
299 1783 450 1823 regione.
502 1782 686 1814 Mulierem
716 1781 915 1821 Xantippen

215 1839 316 1865 vocat
333 1834 502 1875 Hyginus,
518 1839 553 1865 et
567 1838 695 1873 patrem
708 1832 915 1872 Myconem:

213 1884 271 1915 alii
296 1885 471 1916 Cimonem
500 1888 633 1925 patrem
658 1882 786 1914 dicunt.
829 1881 915 1912 Soli-

214 1944 275 1966 nus
291 1934 334 1966 de
350 1939 460 1966 matre
483 1939 518 1966 et
540 1934 610 1965 filia
632 1934 719 1965 hanc
740 1932 916 1964 historiam

213 1991 330 2016 narrat
346 1995 423 2026 cap.
439 1988 471 2017 7.
495 1985 577 2016 Dae.

255 2042 271 2064 g
295 2036 450 2076 Pignosa]
476 2035 618 2076 Optime
643 2033 706 2065 viri
733 2032 826 2064 docti
853 2041 916 2072 pro

215 2087 339 2125 Pinosi,
355 2086 661 2126 Pilesz',restituunt
676 2084 801 2119 Pt'nasz',
818 2083 916 2124 Papi-

211 2138 252 2167 si.
298 2137 511 2168 Pinariorum
528 2141 563 2167 et
586 2134 805 2176 Papiriorum
821 2132 917 2164 fami-

216 2188 261 2218 lia
275 2188 356 2218 satis
373 2192 467 2218 nota.
490 2187 592 2218 Idem.

256 2237 271 2257 *¹
294 2237 384 2277 Pila]
400 2239 582 2269 Structura
597 2246 639 2267 ex
652 2233 836 2275 lapidibus,
851 2243 916 2264 cae·

216 2288 338 2319 mentis
356 2294 415 2318 aut
435 2287 598 2318 lateribus
616 2285 659 2316 ad
675 2284 802 2326 aliquid
819 2284 916 2315 susti-

215 2338 374 2369 nendum.
419 2337 486 2369 Sed
504 2336 672 2378 quomodo
689 2335 726 2366 ab
742 2335 917 2374 opponendo

213 2390 302 2429 pila?
347 2388 457 2419 Unice
488 2388 603 2428 placet
636 2385 772 2417 doctiss.
802 2384 917 2415 Vossii

216 2438 291 2478 conj
298 2444 416 2470 ectum
429 2438 467 2468 ab
479 2438 656 2478 oppilando.
706 2435 810 2465 Pilare
829 2435 917 2465 enim

214 2495 268 2519 est
285 2489 428 2529 stipare,
444 2488 600 2526 densare,
615 2485 763 2517 firmare.
794 2484 891 2515 Idem.

258 2540 265 2558 i
289 2539 385 2579 Piloe]
410 2538 476 2569 Illa
506 2537 608 2568 verba
632 2536 728 2577 (hunc
748 2535 829 2566 diem
846 2534 914 2572 fes-

217 2588 298 2629 tum)
312 2588 344 2618 in
362 2588 529 2628 plerisque
546 2585 639 2617 libris
654 2595 720 2616 nou
738 2589 827 2615 sunt.
862 2585 913 2615 De

216 2637 511 2678 ‘Compitalibus'
541 2642 575 2668 et
604 2636 655 2666 his
685 2637 694 2651 ⁴
709 2633 808 2675 pili-sl
838 2634 913 2665 wide

217 2687 370 2721 Macrob.
386 2688 443 2720 lib.
461 2698 485 2720 ι.
504 2688 617 2719 Satur.
641 2686 719 2718 Ant.
741 2686 820 2725 Aug.

1010 1373 1110 1414 Pizoe]
1133 1375 1142 1391 ⁴
1156 1365 1306 1405 Mani'as’
1324 1377 1461 1405 vocatas
1473 1370 1668 1404 aitMacro-

965 1423 1052 1455 bius.
1096 1423 1150 1455 Ad
1178 1433 1293 1455 earum
1310 1424 1414 1455 instar
1431 1420 1668 1454 stramentitize

968 1474 1110 1516 effigies,
1133 1474 1254 1516 quibus
1278 1474 1422 1515 objectis
1443 1472 1531 1504 tauri
1555 1471 1667 1502 irrita-

967 1531 1099 1565 rentur,
1115 1531 1246 1557 vocatae
1263 1532 1342 1556 suut
1358 1525 1450 1565 pilae.
1475 1521 1644 1553 Martialis
1661 1532 1668 1550 :

968 1576 977 1592 ‘
994 1576 1112 1608 Jactat
1140 1579 1179 1606 ut
1203 1575 1375 1616 impositas
1397 1579 1512 1605 taurus
1529 1573 1561 1603 in
1579 1577 1669 1602 astra

967 1626 1077 1667 pilas!
1094 1626 1305 1658 Glossarium
1321 1638 1327 1655 :
1346 1630 1353 1643 ‘
1368 1625 1469 1664 Pnae,
1488 1622 1667 1663 ταυριάριοι,

967 1677 1239 1719 ταυροκαθάπται.’
1282 1676 1385 1708 Unde
1405 1674 1669 1717 proverbialiter

967 1729 976 1744 ⁶
993 1727 1139 1760 foeneos'
1169 1727 1320 1759 homines
1338 1727 1474 1758 dixerat
1490 1725 1610 1756 Cicero
1634 1723 1667 1753 iu

967 1778 1136 1819 principio
1149 1778 1372 1813 Corneliana?j
1386 1776 1540 1808 alludens
1551 1775 1592 1806 ad
1610 1774 1668 1805 lias

968 1828 1097 1870 effigies
1115 1829 1253 1859 foeneas.
1277 1829 1286 1844 ‘
1299 1825 1526 1866 Postumum-,⁵
1548 1824 1669 1865 inquit,

967 1880 976 1895 ‘
995 1880 1084 1920 apud
1102 1889 1155 1910 me
1173 1884 1356 1919 praetorem
1382 1877 1527 1917 primum
1551 1874 1594 1906 de
1612 1884 1669 1915 pe—

967 1931 1074 1962 cuniis
1091 1929 1303 1970 repetundis.
1349 1929 1554 1967 Prospectat
1578 1925 1670 1955 vide-

967 1982 1052 2013 licet
1077 1980 1263 2019 Cominius,
1292 1979 1372 2020 quid
1397 1982 1529 2018 agatur,
1553 1976 1670 2006 videli-

967 2037 1023 2063 cet
1051 2032 1202 2062 homines
1234 2029 1364 2060 foeneos
1393 2029 1427 2059 in
1451 2028 1598 2058 medinm
1627 2027 1669 2057 ad

968 2081 1168 2113 tentandum
1178 2080 1365 2121 periculum
1378 2078 1575 2120 projectos.'
1590 2078 1669 2108 Huc

968 2132 1071 2163 etiam
1088 2130 1262 2162 alludebat
1278 2130 1401 2165 Varro,
1418 2139 1493 2160 cum
1511 2138 1610 2159 unam
1627 2128 1670 2158 de

967 2181 1161 2222 Menippeis
1178 2181 1245 2211 suis
1264 2179 1464 2220 proscripsit
1477 2178 1609 2217 ῖίωὶο,ζ
1624 2178 1671 2208 Α·

962 2233 1051 2273 jacis
1066 2230 1319 2263 Stramentitii.’
1362 2231 1448 2263 Quae
1470 2232 1670 2269 sequuntur,

970 2283 1125 2313 videntur
1157 2280 1200 2311 de
1234 2280 1302 2310 alia
1326 2289 1374 2320 re,
1407 2288 1504 2320 quam
1530 2278 1572 2309 de
1596 2278 1670 2318 pilis-

969 2337 1147 2363 tractasse.
1170 2332 1239 2361 JOS.
1255 2330 1340 2361 Scal.

1013 2382 1110 2422 Pilce]
1143 2381 1230 2412 Vide
1268 2382 1300 2411 in
1339 2384 1347 2397 ¹
1363 2381 1487 2410 Laneae
1518 2376 1671 2418 effigies.’

968 2432 1051 2463 Pila:
1073 2437 1187 2462 autem
1212 2431 1329 2470 capita
1354 2435 1483 2461 tantum
1510 2429 1669 2459 dicebau-

970 2489 1025 2513 tur
1050 2492 1069 2513 a
1091 2482 1218 2513 Graeco
1240 2479 1349 2513 πόλος,
1376 2479 1543 2521 quomodo
1571 2488 1667 2510 omne

969 2532 1149 2563 rotundum
1166 2531 1276 2571 πόλον,
1291 2530 1407 2561 Gracci
1421 2529 1551 2563 (licunt,
1566 2535 1667 2567 caput

968 2584 1069 2614 etiam
1087 2583 1281 2620 humanum,
1311 2588 1346 2612 ut
1371 2590 1410 2611 ex
1436 2580 1576 2611 Polluce
1597 2589 1667 2610 cer·

970 2639 1040 2665 tum
1058 2638 1120 2664 cst.
1147 2632 1226 2663 Dae,
