1835 2906
353 159 414 189 DE
447 158 715 190 VERBORUM
750 158 1158 190 SlGNIFlCATIONE
1194 163 1288 193 [ΑΒ.
1321 165 1351 195 1.

1517 158 1571 197 97

125 251 332 294 Atroces¹
356 254 634 307 appellantur
653 267 710 294 ex
731 254 911 304 Graeco,
944 255 1047 308 quia
1078 256 1144 297 illi
1176 260 1387 300 atrocia¹⁵
1421 263 1574 314 appel-

182 321 288 369 lant,
311 334 410 373 quae
435 322 572 363 cruda
592 326 716 363 sunt:
748 323 842 363 sive
872 327 999 364 atrox
1020 323 1180 365 dicitur
1201 326 1256 366 ab
1278 339 1348 377 eo,
1368 328 1486 381 quod
1507 330 1573 369 ni—

181 387 240 427 hil
261 388 410 428 timeat
428 402 437 429 :
470 386 600 444 τρέσαι
622 389 734 430 enim
756 389 905 432 Graeci
927 391 1081 432 dicunt
1101 393 1268 434 timere.

123 453 246 495 Attae
263 459 288 475 ‘²¹
309 455 603 509 appellantur,
617 457 709 510 qui,
729 462 915 510 propter
926 459 1082 500 vitium
1104 473 1275 501 crurum
1297 467 1374 502 aut
1395 463 1571 516 pedum,

177 520 338 573 plantis
369 522 588 574 insistunt,
611 528 653 565 et
684 525 905 577 attingunt
933 527 1074 580 magis
1109 531 1286 578 terram,
1316 543 1449 582 quam
1480 545 1571 573 am-

178 587 357 631 bulant:
389 591 507 644 quod
529 603 773 644 cognomen
797 590 979 641 Quintio
1000 595 1148 648 poetae
1171 596 1372 637 adhaesit.

121 653 305 696 Attamn
340 671 420 710 pro
447 659 692 699 reverentia
728 660 821 700 seni
857 661 1039 703 cuilibet
1068 663 1280 716 dicimus;
1313 666 1442 719 quasi
1473 679 1571 706 eum

177 724 248 763 avi
272 726 444 765 nomine
461 725 743 778 appellemus.

721 866 839 880 eeeeee

843 868 960 882 eeeeee

160 967 198 994 15
222 964 230 981 ‘
246 964 284 994 In
303 965 339 995 1..
356 974 400 995 m.
417 969 468 995 est
486 964 640 1004 ἄτρωκτα,
658 975 718 1006 pro
734 968 876 1004 atrocia;
901 973 936 999 et
963 969 1097 1010 quidem
1125 970 1256 1002 Latinis
1282 972 1402 1007 literis.
1427 974 1570 1005 alrocla!

118 1007 215 1038 Fulv.
235 1007 345 1038 Ursin.
374 1008 544 1039 Vid.Not.
563 1008 626 1039 inf.

769 1117 909 1148 NOTAE

113 1204 242 1231 mutato
259 1201 290 1231 in
308 1202 339 1232 d.
357 1201 445 1232 Plin.
468 1201 477 1218 ‘
490 1202 574 1234 Quae
593 1207 726 1243 septem
745 1213 812 1234 ma-

113 1251 164 1281 ria
188 1252 417 1291 appellantur,
442 1252 546 1283 nobili
565 1258 666 1293 portu
694 1254 813 1294 oppidi

111 1300 297 1331 Tuscorum
322 1301 446 1341 Atriae,
473 1312 493 1332 a
521 1312 585 1343 quo
603 1302 812 1335 Atriaticum

110 1359 203 1380 mare
219 1356 321 1382 antea
337 1352 584 1392 appellabatur,
609 1353 698 1394 quod
720 1363 811 1387 nunc

109 1400 348 1433 Adriaticum)
375 1403 473 1434 Idem.

151 1450 159 1470 ¹
183 1451 328 1491 Atroees]
354 1453 456 1493 Lege,
481 1454 560 1495 quia
584 1454 631 1485 illi
653 1453 808 1496 ἄτρωκτα,

109 1501 163 1531 vel
183 1501 312 1532 Latinis
338 1503 459 1544 literis,
487 1505 567 1545 quia
593 1505 642 1535 illi
669 1510 809 1538 atrocia.-

109 1550 219 1583 facilis
243 1562 349 1592 error,
369 1554 427 1584 sed
441 1564 507 1585 nou
524 1556 619 1595 parvi
636 1558 809 1588 momenti.

108 1603 196 1634 Sane
212 1603 320 1644 ἀτρὼξ,
345 1610 397 1636 est
421 1616 540 1646 purum
567 1613 685 1647 putum
711 1609 809 1640 Grae-

109 1664 196 1691 cum,
224 1655 333 1696 ἀτρὼξ,
355 1656 506 1698 ἆτρῶγος,
538 1659 626 1699 quod
658 1660 807 1690 nondum

107 1710 273 1736 maturum
299 1707 382 1737 esui.
420 1707 460 1738 In
478 1708 652 1740 Glossario
669 1710 718 1740 ita
734 1719 807 1740 cor-

108 1754 194 1794 rige:
222 1756 340 1796 Atrox,
360 1756 469 1796 δεινὸς,
491 1758 608 1798 σκαιὸς,
623 1758 806 1795 ἀνήκεστος.

107 1804 270 1835 Atrocem
297 1815 378 1836 vero
403 1816 464 1846 pro
488 1807 604 1843 crudo,
631 1810 720 1848 quod
754 1810 807 1842 hic

107 1854 244 1890 dicitur,
260 1856 405 1886 Veteres
419 1866 600 1896 usurpasse
614 1859 709 1889 testis
728 1860 809 1890 Nae-

106 1905 192 1940 vius,
220 1906 275 1946 qui
299 1906 398 1945 dixit,
432 1908 440 1923 ‘
458 1907 563 1938 Simul
591 1913 672 1940 exta
699 1910 806 1950 porri-

106 1960 227 1985 cei-ent
258 1956 387 1987 atrocia
417 1956 687 1990 ministratores.’
734 1960 804 1991 JoS.

106 2004 191 2035 Scal.

146 2054 294 2095 Atroces]
320 2056 461 2096 Optime
487 2057 683 2089 emendavit
698 2059 805 2090 Scali-

103 2114 175 2144 ger,
191 2105 263 2145 quia
276 2106 324 2136 illi
339 2110 460 2138 atrocta
475 2108 642 2147 appellant,
663 2110 714 2148 ᾅτ.
760 2110 805 2140 Et

102 2155 149 2185 ita
165 2156 196 2186 in
214 2156 300 2186 libro
314 2166 373 2187 suo
387 2163 562 2188 exaratum
581 2163 725 2189 testatur
741 2160 804 2190 Ur-

104 2206 206 2237 sinus.
240 2207 328 2237 Sane
352 2211 444 2238 atrox
469 2213 521 2239 est
545 2218 665 2248 purum
686 2215 803 2250 putum

103 2257 264 2288 Graecum
290 2257 399 2297 ἆτρὼξ,
428 2258 579 2298 ἆτρῶγος,
608 2260 697 2300 quod
722 2270 804 2292 non-

104 2306 183 2337 dum
214 2313 379 2339 maturum
405 2310 487 2341 esui.
548 2311 588 2341 In
617 2311 801 2353 Glossario‚

105 2361 143 2386 ut
180 2358 332 2388 correxit
367 2359 493 2400 Scalig.
546 2361 662 2401 Atrox,
697 2361 804 2401 δεινὸς,

104 2406 223 2447 σκαιὸς,
236 2406 415 2444 ἀνήκεστος.
445 2410 574 2449 Saevns,
588 2421 699 2451 asper,
716 2412 802 2444 into-

104 2455 265 2489 lerabilis.
312 2458 397 2489 Inde
414 2463 506 2490 atrox
532 2462 664 2493 Latinis
679 2465 802 2496 crudus.

105 2510 264 2542 Naevius:
304 2512 313 2527 ⁴
338 2511 434 2542 simul
472 2517 551 2543 exta
589 2514 802 2553 porricerent

106 2562 237 2592 atrocia
266 2562 540 2594 ministratores!
591 2563 660 2595 Per
696 2570 802 2597 meta-

104 2611 242 2651 phoram
259 2614 351 2642 atrox
367 2612 408 2642 ad
427 2613 570 2643 animum
589 2613 803 2655 transfertur,

105 2667 143 2692 ut
159 2662 247 2701 apud
262 2662 384 2695 Horat.
398 2664 407 2680 ‘
425 2669 553 2703 praeter
567 2669 716 2695 atrocem
733 2666 802 2696 aui-

106 2720 195 2742 mum
223 2712 396 2744 Catonis:'
427 2713 447 2744 i.
476 2714 666 2756 Integrum,
694 2715 802 2747 invic-

192 2765 305 2805 Delph.
322 2770 350 2797 el
373 2766 447 2798 Vur.
465 2768 549 2800 Clas.

869 1209 952 1245 tuni,
967 1206 1185 1246 impavidum.
1210 1206 1287 1238 Quo
1302 1216 1402 1238 sensu
1417 1208 1567 1249 aliquan-

867 1255 910 1286 do
927 1257 1027 1287 etiam
1045 1258 1053 1273 ‘
1072 1256 1220 1287 crudus.’
1243 1257 1326 1288 Duc.

909 1311 930 1326 ¹¹¹
952 1307 1056 1347 Attoe]
1082 1307 1291 1347 Glossarius,
1311 1309 1319 1325 ‘
1340 1307 1437 1348 Atta,
1459 1310 1475 1339 ὁ
1500 1310 1567 1341 τοῖς

865 1356 957 1388 ποσὶν
980 1356 1151 1398 ἀρχόμενος
1179 1359 1382 1398 περιπατεῖν.’
1440 1359 1494 1391 Ab
1524 1370 1564 1392 eo

864 1408 911 1438 ait
935 1408 1112 1440 Quintium
1141 1407 1277 1448 poetam
1299 1408 1418 1440 Attam
1441 1419 1566 1450 cogno-

863 1459 1039 1490 minatum.
1091 1458 1146 1490 Ad
1178 1459 1268 1500 quod
1297 1464 1380 1500 puto
1413 1461 1566 1493 allusisse

864 1508 1070 1541 Horatium:
1119 1511 1128 1526 ‘
1147 1511 1256 1541 Recte
1287 1519 1395 1541 necne
1427 1521 1562 1544 crocum

862 1558 1031 1601 floresque
1054 1560 1270 1600 perambulet
1292 1560 1387 1592 Attae
1415 1562 1567 1594 Fabula.³

865 1610 1057 1650 Propterea
1093 1610 1181 1640 euim
1218 1611 1321 1642 verbo
1351 1613 1565 1651 perambulare

865 1659 980 1690 utitur.
1002 1661 1069 1689 Jos.
1087 1660 1170 1690 Scal.
1303 1684 1305 1686 .

910 1708 1010 1749 Attoe]
1037 1708 1090 1739 Ab
1112 1709 1325 1750 attingendo,
1351 1710 1461 1752 inquit
1484 1712 1564 1744 Fes-

864 1762 925 1789 tus.
949 1759 1011 1789 Est
1023 1763 1136 1790 antem
1150 1761 1322 1800 attingere
1336 1761 1470 1801 leviter,
1484 1772 1564 1803 qua·

863 1810 890 1840 si
914 1810 1051 1841 summis
1077 1811 1130 1841 vel
1163 1810 1286 1851 pedum
1314 1812 1368 1842 vel
1405 1822 1562 1844 manuum

862 1860 979 1900 digitis
1008 1864 1156 1900 tangere.
1190 1861 1328 1892 Terent.
1347 1861 1492 1903 Adelph.
1521 1873 1562 1895 ιι.

863 1913 892 1941 1.
926 1911 935 1928 ‘
953 1911 1109 1951 Tetigine
1139 1911 1187 1941 tui
1205 1911 1407 1952 quicquam?
1432 1913 1465 1944 Si
1483 1915 1561 1945 atti-

861 1960 980 2000 gisses,
1006 1960 1115 1991 ferres
1144 1960 1391 1992 infortunium?
1426 1962 1563 1994 Glossa-

860 2010 958 2045 rium,
975 2010 986 2026 ‘
1004 2015 1085 2045 atta,
1102 2011 1118 2040 ὁ
1132 2012 1198 2041 τοῖς
1211 2011 1305 2042 ποσὶν
1319 2011 1491 2051 ἀρχόμενος
1506 2026 1560 2045 πε-

859 2062 1020 2102 ριπατεῖν,’
1036 2063 1092 2104 qui
1120 2064 1264 2103 pedibus
1285 2064 1456 2096 ambulare
1481 2067 1563 2097 inci-

860 2114 921 2152 pit·
968 2113 1100 2144 Glossae
1124 2114 1262 2153 Isidori,
1283 2115 1292 2131 ‘
1311 2119 1396 2154 atta,
1419 2116 1474 2155 qui
1493 2116 1561 2154 pri·

860 2163 922 2192 mis
940 2163 1064 2202 plantis
1080 2163 1253 2194 ambulat.'
1274 2164 1341 2194 Sed
1357 2164 1475 2195 melius
1492 2168 1561 2196 utta

860 2213 902 2244 ab
916 2213 1001 2244 ἄττω
1012 2214 1102 2253 salio,
1119 2214 1207 2254 quod
1223 2215 1277 2254 qui
1290 2215 1351 2245 boc
1370 2214 1452 2245 vitio
1468 2215 1559 2245 labo-

859 2268 948 2302 rant,
965 2274 1031 2294 non
1049 2264 1237 2300 ambulant,
1255 2265 1313 2295 sed
1331 2264 1465 2295 saliunt.
1502 2266 1558 2296 Sic

859 2320 999 2346 vocatus
1025 2315 1089 2346 fuit
1115 2315 1218 2356 poeta
1243 2315 1485 2346 celeberrimus
1502 2317 1559 2346 Ti—

858 2371 912 2397 tus
942 2367 1103 2399 Quintius
1136 2365 1234 2405 Atta,
1266 2365 1309 2395 de
1340 2375 1405 2406 quo
1435 2365 1558 2397 Horat.

859 2418 867 2434 ‘
882 2417 991 2447 Recte
1009 2426 1115 2447 necne
1141 2426 1276 2447 crocum
1293 2414 1463 2457 floresque
1482 2427 1558 2457 per-

857 2467 1007 2497 ambulet
1036 2466 1127 2497 Attae
1155 2466 1307 2497 Fabula.’
1354 2466 1422 2497 Ubi
1455 2468 1556 2498 etiam

857 2516 899 2547 ad
918 2517 989 2556 ejus
1015 2516 1130 2546 vitium
1154 2516 1305 2547 allusisse
1330 2522 1425 2548 recte
1442 2522 1557 2548 monet

856 2567 1020 2604 Scaliger.
1047 2567 1127 2598 Duc.

900 2622 913 2637 ¹¹
937 2617 1064 2658 Attum]
1087 2617 1247 2649 Graecum
1269 2622 1321 2649 est
1344 2617 1425 2649 ἄττα
1447 2617 1555 2658 πάτερ.

857 2668 945 2698 Vide
963 2668 1085 2708 supra‘
1107 2669 1249 2701 atavus.'
1270 2670 1338 2700 Jos.
1354 2670 1439 2701 Scal.

714 2770 826 2811 Pomp.
845 2772 929 2803 Fest.
1435 2773 1465 2804 G
