1835 2906
379 141 443 171 DE
476 138 751 170 VERBORUM
785 135 1201 169 SIGNIFICATIONE
1238 137 1330 167 [ΑΒ.
1365 136 1481 167 X111.

207 236 334 292 Orty.

837 233 901 276 ita
919 245 1005 275 non
1026 233 1217 275 Delos.³r
1279 263 1288 273 .

1585 127 1670 168 541,

1505 232 1670 287 [Fesr.

214 303 365 347 Orbius
407 304 533 346 clivus
553 310 566 326 ⁵
623 302 787 345 videtur
826 300 1065 357 appellatus
1117 314 1219 342 esse
1270 301 1326 342 ab
1367 300 1547 342 orbibus
1598 315 1672 355 per

264 372 377 428 cujus
402 371 606 425 flexuosos
647 369 760 412 orbes
787 368 926 411 Tullia
961 369 1053 410 filia
1094 368 1190 410 Ser.
1237 366 1368 409 Tullii
1407 368 1527 424 regis,
1559 376 1596 410 et
1618 370 1670 411 L.

267 439 529 497 Tarquinius
551 440 781 495 Superbus
804 452 946 492 gener,
968 434 1183 493 interfecto
1206 450 1314 492 rege,
1334 445 1673 492 properaverant,

264 510 518 552 tendentes4
548 523 632 550 una
668 508 711 549 in
744 506 864 561 regiae
890 504 1031 546 domus
1053 505 1407 560 possessionem:
1437 512 1599 560 coeptus
1617 512 1674 546 est

265 585 401 620 autem
422 578 455 619 is
479 576 619 619 Clivus
638 575 842 631 appellari
862 574 1023 626 orbius,
1056 574 1179 629 quod
1199 586 1356 628 pronus
1377 586 1465 615 cum
1486 580 1582 614 esset
1594 588 1674 628 per

263 646 374 689 orbes
393 647 439 688 in
461 644 756 703 Exquiliarum
790 647 929 686 collem
963 643 1173 694 duceret,5
1204 641 1321 683 unde
1349 640 1486 682 orbius
1506 641 1557 682 ab
1579 641 1674 697 ipsis

264 715 430 757 orbibus
449 715 505 759 sic
526 714 762 770 appellatus
787 718 872 756 est.

209 786 451 835 Oscum,
471 784 586 825 festa
605 783 651 824 in
671 783 880 825 honorem
903 782 1101 833 Bacchi3
1133 780 1177 822 in
1199 780 1361 835 quibus
1381 778 1463 820 ho-
1494 778 1674 832 [PAUL.

265 854 406 895 mines
428 867 476 895 se
496 865 572 908 per
592 851 721 893 funes
732 851 934 906 jactant:

268 923 399 965 festa.

968 852 1043 893 alii
1066 855 1227 906 putant
1244 849 1471 902 Erigones,
1493 853 1538 890 et
1558 848 1676 890 Icari

214 990 458 1033 Oscillum‘
488 990 650 1032 Santra
677 989 765 1032 dici
800 989 895 1041 ait,6
926 988 1046 1045 quod
1069 988 1290 1038 oscillent,
1312 986 1358 1027 id
1379 990 1460 1036 est,
1509 985 1676 1040 [FEST.

827 1100 946 1113 ‘nm
950 1100 1044 1112 ‘oceo
1048 1100 1066 1111 e

252 1181 272 1210 3
296 1177 531 1219 Supplendum
561 1181 677 1208 monet
702 1177 792 1209 Scal.

843 1178 982 1219 Ortygia
1004 1177 1179 1217 antiquitus
1214 1176 1272 1213 ita,
1298 1183 1360 1206 non
1383 1173 1481 1204 Delos
1506 1171 1678 1202 dicebatur.

210 1222 299 1253 Vide
318 1223 503 1254 Nomia—4
521 1221 585 1252 Ed.
603 1221 692 1252 Scal.
717 1223 959 1261 ‘properaverat
978 1220 1137 1253 tendente
1152 1218 1300 1250 unas—5
1326 1217 1413 1248 Ead.
1429 1216 1484 1248 ed.
1506 1216 1515 1232 ‘
1528 1213 1679 1247 ducere!

210 1268 274 1297 —6
298 1266 368 1297 Pro
384 1264 448 1296 dici
467 1265 515 1296 ait
538 1270 606 1297 vet.
622 1264 680 1297 lib.
696 1264 784 1296 dicit.

882 1386 1025 1420 NOTAE

254 1462 267 1479 1'
290 1458 445 1500 Ortygia]
473 1457 624 1499 Ortygia,
656 1455 832 1496 antiquitas
860 1454 919 1490 ila,

211 1519 272 1540 non
298 1510 406 1549 Delos,
434 1508 607 1540 dicebatur.
652 1506 840 1547 Sequentia
856 1506 920 1536 alio

215 1560 403 1600 pertinent.
446 1558 605 1590 Historia
627 1556 670 1588 de
691 1557 818 1591 Tullia,
846 1557 919 1588 Ser.

212 1611 313 1642 Tullii
331 1611 419 1651 regis
436 1609 517 1645 filia,
534 1609 614 1640 mihi
626 1609 742 1649 ignota
759 1613 810 1639 est
828 1619 836 1639 :
862 1617 920 1639 ne-

213 1671 279 1703 que
305 1661 379 1703 quis
403 1661 447 1692 sit
472 1660 582 1700 vicus,
605 1664 664 1690 aut
691 1659 807 1690 neseio
825 1657 921 1700 quid,

214 1711 304 1754 quod
329 1712 373 1743 ab
401 1711 539 1743 orbibus
565 1710 695 1742 dictum
715 1710 772 1751 sit,
787 1709 924 1741 comini-

214 1763 300 1794 nisci
318 1763 426 1803 potui.
450 1763 519 1793 Jos.
533 1761 619 1793 Scal.

263 1814 403 1855 Ortygia
424 1812 542 1854 Delos]
564 1812 669 1844 Varia
692 1811 765 1852 ejus
787 1811 926 1843 nomina

215 1865 321 1898 tradit
334 1865 426 1896 Plin.
437 1865 446 1881 ‘
460 1864 626 1906 Pyrpile‚’
643 1866 652 1882 ‘
664 1863 823 1899 Asteria‚'
840 1863 924 1894 ‘Pe-

214 1916 348 1957 lasgia,¹
370 1915 518 1956 ‘Lagia,'
534 1917 542 1933 ‘
558 1913 730 1956 Ortygia.'
773 1913 842 1945 Sed
860 1913 925 1954 pri-

214 1977 269 1998 ma
285 1967 359 2008 ejus
376 1966 566 2008 appellatio
594 1969 602 1983 ‘
618 1965 775 2005 Asteria‚’
799 1966 826 1996 si
850 1965 926 1995 Cal-

213 2019 358 2050 limacho
376 2017 474 2056 fides,
490 2017 659 2058 hymnoin
679 2017 816 2048 Delum.
847 2017 923 2047 Mo-

215 2069 289 2100 nuit
305 2069 443 2100 Fulvius
459 2069 605 2100 Ursinus
618 2069 650 2099 in
664 2068 850 2110 exemplari
863 2078 923 2109 pro

215 2130 277 2151 non
303 2121 368 2161 legi
398 2130 490 2151 nunc.
537 2120 603 2150 Sed
634 2129 709 2150 cum
741 2128 761 2149 a
785 2119 924 2150 librario

216 2172 348 2203 duabus
364 2172 474 2204 literis
491 2171 753 2213 superimposita
770 2171 859 2202 linea
876 2170 926 2202 sic

215 2228 259 2255 ηῑι
274 2224 438 2265 scriptum
456 2222 591 2263 fnisset,
607 2232 701 2254 error
717 2222 796 2253 inde
813 2221 926 2261 fluxit,

218 2278 256 2304 ut
288 2283 348 2314 pro
372 2283 464 2309 nunc,
491 2284 552 2305 non
582 2274 712 2304 editum
737 2273 792 2312 sit,
822 2278 926 2314 atque

218 2325 319 2355 unius
344 2324 492 2356 literulae
521 2325 621 2365 lapsu
653 2328 727 2355 tota
756 2325 928 2355 sententia

218 2377 411 2408 immutata.
457 2377 653 2417 Scripserat
669 2376 773 2417 igitur
793 2377 927 2412 Festus,

223 2428 375 2469 Ortygia,
391 2427 566 2468 antiquitus
587 2427 647 2465 ica,
662 2437 743 2458 nunc
760 2427 859 2458 Delos
879 2427 927 2458 di-

219 2479 314 2511 citur.
371 2477 560 2520 Antiquuin
586 2483 700 2508 tar-nen
729 2488 851 2509 nomen
875 2478 926 2519 ip-

219 2540 292 2561 sum
314 2530 430 2561 Delos:
455 2529 583 2570 quippe
600 2538 619 2559 a
634 2528 856 2559 Phoenicibus
873 2539 926 2559 01·-

221 2587 315 2612 tum:
349 2579 530 2611 Phoenices
557 2579 644 2610 enim
674 2579 816 2610 insulam
842 2579 928 2610 Daal

222 2633 276 2663 vel
292 2631 447 2672 ἀρχαϊκῶς
463 2631 543 2662 Deel
559 2630 733 2669 dixerunt,
750 2630 784 2660 id
801 2635 866 2670 est,
880 2631 927 2661 in-

222 2684 329 2715 sulani
346 2683 565 2723 Dei‚nempe
580 2680 768 2723 Apollinis:
789 2681 841 2711 vel
857 2681 929 2721 plu-

224 2735 285 2766 rali
303 2743 442 2766 numero
457 2733 600 2765 insulani
619 2733 746 2764 Daalan
768 2736 827 2764 aut
848 2732 931 2764 Dee-

973 1455 1037 1493 lan,
1054 1453 1196 1485 insulam
1218 1454 1384 1493 Deorum,
1404 1461 1527 1493 nempe
1549 1449 1683 1492 Apolli-

975 1504 1026 1535 nis
1045 1509 1080 1536 et
1095 1506 1227 1537 Dianae.
1274 1505 1362 1536 Vide
1389 1504 1552 1536 Bochart.
1576 1502 1683 1535 Chan.

974 1557 1034 1588 lib.
1050 1566 1073 1588 ι.
1090 1567 1166 1597 (τερ.
1183 1560 1235 1589 14.
1261 1557 1345 1588 Dae.

1018 1613 1028 1627 ⁹
1045 1608 1161 1639 Orbius
1174 1608 1286 1649 clivus]
1306 1608 1409 1639 Hunc
1435 1604 1568 1636 Urbium
1584 1605 1686 1634 vocat

976 1659 1090 1690 Livius
1105 1659 1162 1690 lib.
1178 1669 1204 1691 1.
1231 1663 1362 1691 mutato
1389 1668 1405 1688 o
1432 1657 1465 1688 in
1493 1667 1524 1688 u.
1548 1654 1686 1686 ‘Tullia

975 1719 1052 1740 cum
1079 1719 1115 1740 se
1142 1709 1278 1740 domurn
1304 1708 1488 1749 reciperet,
1514 1704 1686 1747 pervenis-

974 1766 1097 1802 setque
1126 1760 1167 1791 ad
1195 1769 1360 1791 summum
1378 1758 1539 1800 Cyprium
1557 1757 1686 1795 vicum,

977 1811 1034 1842 ubi
1071 1811 1233 1842 Dianium
1263 1819 1374 1851 nuper
1401 1808 1481 1848 fuit,
1518 1806 1685 1838 flectente

977 1867 1178 1903 carpentum
1196 1862 1320 1893 dextra
1336 1862 1368 1892 in
1386 1860 1510 1892 clivum
1526 1857 1689 1895 Urbium,

978 1919 1015 1946 ut
1037 1915 1069 1945 in
1088 1915 1209 1946 collem
1227 1913 1461 1956 Exquiliarnm
1481 1907 1686 1942 veheretur!

974 1964 1082 1996 Solin-
1100 1975 1175 2005 cap.
1194 1968 1224 1997 1.
1249 1965 1258 1982 ‘
1273 1965 1347 1995 Ser.
1373 1962 1502 1993 Tullius
1520 1958 1688 2000 Exquiliis

979 2027 1082 2057 snpra
1099 2017 1223 2048 clivum
1242 2014 1386 2046 Urbium
1402 2012 1423 2043 τ’
1446 2011 1502 2043 ubi
1520 2011 1589 2042 Ms.
1607 2009 1686 2040 Ful-

980 2067 1153 2099 viiUrsini
1170 2066 1275 2097 habet
1299 2065 1442 2096 Orbium.
1466 2062 1577 2093 Idem.

1023 2120 1033 2139 ῑ
1058 2118 1227 2159 Oscillum]
1253 2117 1352 2150 Quod
1370 2116 1402 2146 in
1420 2114 1488 2145 fine
1502 2112 1612 2152 deest,
1629 2120 1688 2151 po-

982 2171 1064 2201 terit
1082 2170 1161 2201 addi
1178 2179 1220 2200 ex
1239 2169 1292 2206 iis,
1307 2177 1383 2209 quae
1397 2165 1515 2197 scribit
1530 2163 1686 2204 Hyginus

981 2221 1100 2253 fabula
1131 2229 1242 2253 cxxx.
1269 2225 1305 2251 et
1336 2218 1392 2249 lib.
1410 2227 1462 2249 xx.
1490 2216 1533 2247 de
1563 2215 1688 2255 signor.

982 2273 1112 2303 coelest.
1144 2271 1296 2311 historia,
1323 2268 1430 2300 verbo
1464 2268 1473 2284 ‘
1491 2265 1688 2306 Arctophy-

982 2323 1074 2355 lax2’
1090 2328 1125 2354 et
1142 2323 1313 2363 interpres
1329 2319 1427 2352 Arati
1443 2319 1599 2358 Latinus,
1614 2326 1688 2347 ver-

983 2375 1027 2406 bo
1049 2375 1057 2391 ‘
1076 2373 1201 2406 Canis!
1247 2373 1294 2404 Hi
1310 2371 1464 2403 oscillum
1482 2369 1531 2400 ita
1551 2367 1625 2399 fieri
1645 2367 1688 2398 ab

982 2424 1253 2456 Atheniensibus
1269 2422 1436 2461 scribunt,
1453 2425 1490 2451 ut
1507 2419 1622 2451 tabula
1638 2418 1688 2449 in-

982 2475 1149 2516 terposita
1166 2475 1356 2516 pendentes
1372 2472 1507 2504 funibus
1524 2481 1559 2502 se
1577 2471 1691 2512 jacta-

983 2532 1070 2563 rent,
1087 2532 1121 2558 et
1139 2531 1240 2557 vento
1257 2528 1488 2557 moverentur.
1524 2522 1689 2554 Nonnihil

982 2579 1044 2609 hac
1072 2578 1115 2609 de
1137 2588 1173 2608 re
1199 2576 1355 2608 Mam-ob.
1378 2576 1436 2608 lib.
1454 2585 1479 2607 1.
1495 2576 1631 2607 Saturn.
1652 2578 1689 2605 et

982 2630 1079 2661 Serv.
1097 2637 1138 2659 u.
1156 2628 1285 2667 Georg.
1309 2627 1387 2658 Ant.
1403 2626 1488 2666 Aug.

1031 2680 1198 2720 Oscillum]
1224 2679 1327 2717 Lege,
1348 2677 1386 2708 ab
1409 2688 1442 2708 co
1466 2677 1546 2717 quod
1580 2685 1612 2705 os
1634 2674 1688 2705 cil-

983 2734 1058 2764 lere.
1104 2732 1233 2764 Notum
1249 2730 1354 2761 cillere
1371 2737 1443 2761 esse
1460 2736 1617 2759 movere:
1643 2725 1687 2755 de
