1835 2906
205 101 292 142 292

665 111 811 142 SEXTl
848 110 1048 141 POMPElI
1086 110 1222 141 FESTI

209 208 398 249 GNAEUS
414 212 430 227 ²²
463 211 509 247 et
543 207 741 261 corporis
775 207 958 260 insigne,
993 211 1036 248 et
1071 219 1344 260 prae-nomen,
1361 219 1387 248 a
1408 209 1653 260 generando

266 275 387 315 dicta
408 286 524 322 esse,
543 279 589 314 et
609 287 663 315 ea
683 275 786 327 ipsa
807 287 864 315 ex
886 273 1047 315 Graeco
1069 271 1265 328 γίγνεσθαι
1282 280 1311 304 ¹⁵
1344 281 1541 330 apparet.

211 340 472 393 Gnarigavit
487 339 518 365 ¹⁶
533 339 549 363 b
565 341 786 394 significat
807 341 925 396 apud
944 341 1134 391 Livium,
1151 342 1355 383 narravit.

211 409 485 454 Gnaruisse,c
504 422 716 450 narrasse.

209 475 422 518 Gnarusd
474 489 573 517 cum
618 475 833 529 significet
864 476 909 516 id
950 474 1070 530 quod
1119 476 1255 527 scius,
1287 476 1477 531 peritus;
1514 481 1656 518 tamen

265 544 513 585 invenimus
544 557 759 597 prognare
783 544 1046 596 significare,
1065 549 1232 597 aperte.

214 610 538 665 Gnephosum,²
573 611 834 653 obscurum:
875 611 1086 653 videlicet
1125 625 1182 653 ex
1223 611 1398 661 Graeco,
1440 610 1560 664 quod
1591 615 1658 651 est

268 676 418 727 κνέφας.

214 746 429 795 Gnitus,¹⁷
446 742 459 766 f
486 748 530 786 et
550 745 708 798 gnixus
725 757 751 785 a
771 744 1003 797 generibus
1022 745 1052 770 ¹8
1077 745 1212 799 prisci
1232 745 1451 785 dixerunt.

832 842 1011 853 mem-veo
1015 842 1032 853 e
1036 842 1053 854 e

254 901 292 928 15
319 897 373 928 Al.
404 897 656 936 Ὑίγνεται.-16.
692 895 857 928 Ed.Scal.
885 896 1083 927 Gnaricavit.

1139 897 1237 928 Voss.
1272 896 1567 927 Gnaruravit.—l7
1604 894 1661 928 Al.

215 941 427 972 Gustum—18
453 939 647 981 Legendum
672 944 785 970 monet
809 939 899 970 Scal.
915 949 934 969 a
951 939 1101 978 genubus.

863 1025 893 1057 N
901 1025 1006 1057 OTAE

253 1097 266 1111 ³
292 1090 423 1130 Gnoeus]
447 1091 511 1122 CN.
529 1090 591 1121 hoc
623 1098 818 1130 praenomen
844 1089 909 1129 sig-

210 1141 342 1172 nificari
358 1141 491 1172 dubitat
508 1151 626 1171 nemo:
651 1145 686 1171 et
711 1140 792 1171 licet
809 1149 908 1171 sonus

211 1191 242 1222 G
260 1192 368 1222 literae
391 1191 560 1230 audiatur,
578 1192 642 1222 CN.
669 1190 848 1221 scribitur:
873 1194 910 1220 ut

210 1241 243 1271 in
285 1241 472 1272 Pandectis
516 1241 723 1272 Florentinis
763 1244 909 1280 apparet

213 1291 348 1322 Gnoeum
370 1297 406 1322 et
435 1291 551 1331 Gajum
576 1291 624 1322 ita
655 1290 758 1322 scribi
780 1295 816 1321 ut
834 1299 908 1330 pro-

211 1342 414 1373 nunciatur:
453 1341 603 1382 corporis
635 1345 747 1372 antem
776 1341 908 1380 insigne

210 1402 326 1423 naevns
354 1392 494 1431 dicitur,
520 1393 609 1423 unde
637 1392 757 1424 Naevia
784 1392 910 1422 familia

210 1453 332 1474 nornen
372 1443 539 1474 deduxit:
573 1442 711 1474 additur
738 1449 853 1474 autem
882 1442 908 1473 C

210 1494 349 1535 antiquo
367 1504 470 1529 rnore,
495 1499 532 1525 nt
545 1504 620 1525 cum
638 1492 910 1533 ‘frncmentum,'

210 1542 387 1581 ‘feretur‚'
417 1543 581 1578 ‘for-ctis!
609 1546 793 1575 ‘enatura’
820 1544 910 1574 dice-

209 1592 335 1624 batur:
359 1603 401 1624 ex
415 1594 553 1625 Valerio
569 1604 586 1624 a
603 1594 697 1626 Jnlio
714 1594 840 1624 Paride
859 1604 910 1624 re-

209 1643 294 1683 lato,
327 1644 383 1684 qui
413 1649 588 1674 enumerat
617 1645 787 1684 triplicem
815 1645 911 1684 liujus

210 1694 428 1733 praenominis
444 1694 615 1725 scribendi
631 1695 794 1725 rationem
815 1706 819 1722 :
844 1695 910 1726 CN.

212 1744 281 1775 GN.
301 1745 346 1775 N.
367 1744 447 1775 Ant.
465 1745 549 1783 Aug.

257 1793 391 1832 Gnccus]
409 1793 504 1824 Idem
520 1794 607 1835 quod
632 1794 770 1833 Naewm,
785 1799 821 1825 nt
844 1795 912 1826 Na-

212 1848 279 1883 tus,
317 1849 463 1884 gnatns:
503 1845 634 1883 Navus,
670 1855 809 1884 gnavus.
846 1847 913 1876 Jos.

211 1893 295 1924 Scal.

258 1944 392 1984 Gnoeus]
422 1945 540 1975 Gnaeus
556 1948 589 1974 et
604 1954 735 1983 gnoevus
754 1945 913 1977 tubercu-

212 1996 281 2026 lum
299 1996 330 2026 iu
349 1995 435 2027 facie
457 2005 670 2030 excrescenS,
688 1998 781 2037 quasi
806 1999 913 2036 Ὑναῖος

214 2047 267 2077 vel
293 2048 438 2086 γναῖφος.
484 2046 513 2076 Α
540 2046 690 2085 γίνεσθαι,
715 2048 826 2079 nasci:
853 2058 910 2079 nn-

213 2097 255 2127 de
288 2107 481 2137 praenomen
511 2097 639 2129 Gnaeus.
685 2097 807 2139 Itaque
837 2107 911 2129 cum

212 2157 297 2177 ⁷1OE118
312 2153 347 2179 et
364 2157 468 2178 παι-ηε
485 2147 646 2178 scribitur
666 2156 690 2186 g
717 2148 817 2187 perit,
845 2157 911 2178 non

213 2203 344 2233 contra,
370 2203 408 2228 ut
439 2197 556 2228 volunt
587 2197 650 2228 viri
681 2197 785 2228 docti.
844 2198 911 2228 Sed

214 2256 394 2287 perperam
412 2248 445 2278 in
460 2258 540 2279 voce
556 2247 695 2286 ’γίνεσθαι
709 2249 856 2288 Etymon
870 2248 912 2278 ri-

214 2303 324 2327 matur
353 2298 485 2328 Festus.
544 2298 704 2329 Graecnm
733 2303 783 2328 est
811 2300 912 2329 κναῖος

215 2346 273 2376 ἀπὸ
288 2349 344 2377 τοῦ
359 2347 464 2386 κναίω,
490 2358 563 2388 quae
580 2347 673 2380 πάθος
696 2353 732 2379 et
748 2349 832 2388 φῦμα
848 2349 913 2388 sig-

217 2395 345 2428 nificat.
391 2398 489 2428 Unde
504 2409 632 2438 ἔνιαι-ηε
651 2399 818 2429 Latinum.
865 2398 914 2429 Ut

218 2444 287 2480 ὠὸν,
303 2456 412 2478 ovum.
456 2448 596 2479 Salmas.
615 2449 648 2478 in
665 2449 771 2479 Solin.
795 2449 878 2479 Dac-

259 2495 272 2515 ὓ
301 2496 509 2538 Gnarigarit]
537 2499 602 2529 Et‘
619 2497 808 2530 Gnarnris.’
846 2498 916 2529 An·

219 2545 349 2576 sonins:
370 2551 377 2563 ‘
392 2547 467 2576 Non
483 2548 591 2578 cultor
609 2548 749 2584 instans,
763 2557 827 2578 non
843 2558 914 2578 ara-

220 2600 273 2625 tor
301 2596 475 2634 gnaruris?
519 2597 621 2637 Apud
646 2598 831 2630 Arnobium
855 2598 914 2630 lib.

220 2653 270 2674 xi.
288 2645 295 2659 ‘
310 2645 379 2675 Cur
396 2654 468 2676 esse
486 2645 606 2676 dicatis
626 2648 656 2677 in
675 2648 746 2678 aliis
763 2657 913 2688 praecep-

965 1088 1112 1120 tionibus
1140 1088 1321 1130 gnarures.’
1380 1088 1473 1119 Male
1500 1086 1601 1118 hodie
1629 1087 1663 1117 in

966 1138 1116 1171 Ausonio
1142 1150 1261 1179 gnarus
1277 1144 1341 1180 est,
1356 1139 1389 1170 in
1408 1137 1570 1178 Arnobio,
1584 1147 1665 1177 gna-

963 1190 1072 1222 riores.
1101 1191 1173 1223 JOS.
1189 1190 1278 1221 Scal.

1009 1240 1217 1280 Gnarigavz't]
1243 1240 1385 1280 Optime
1394 1240 1494 1270 Voss.
1509 1247 1664 1277 gnarum-

963 1290 1021 1322 vit.
1065 1290 1209 1332 Antiqui
1226 1290 1384 1321 dicebant
1404 1289 1565 1328 gnaruris,
1582 1297 1665 1328 gna-

965 1351 1031 1372 rus.
1065 1342 1181 1373 Plaut.
1199 1345 1267 1372 act.
1286 1350 1310 1372 1.
1327 1350 1372 1372 sc.
1388 1343 1419 1370 2.
1437 1341 1446 1356 ‘
1461 1339 1568 1370 Simul
1584 1348 1665 1379 gna-

964 1402 1059 1423 rures
1076 1392 1152 1423 volo
1166 1401 1222 1423 vos
1239 1401 1310 1422 esse
1327 1391 1413 1421 hanc
1426 1399 1495 1420 rem
1509 1388 1665 1420 mecum.’

964 1443 1054 1474 Hinc
1068 1452 1222 1481 gnarum,
1246 1450 1384 1481 gnarum
1403 1439 1520 1471 reddo.
1566 1440 1665 1470 Unde

966 1502 1027 1533 per
1042 1502 1214 1533 syncopen
1229 1498 1265 1523 et
1277 1491 1464 1532 aphec-resin
1477 1500 1564 1528 naro,
1575 1489 1664 1530 quod

964 1552 1053 1573 nunc
1073 1552 1177 1573 narro.
1223 1542 1336 1573 Gloss.
1364 1542 1561 1581 ‘gnarurat‚
1585 1551 1665 1579 ’γνω-

965 1592 1063 1633 ρίζει.’
1086 1597 1093 1609 ¹
1106 1593 1311 1631 Gnarurem,
1326 1591 1500 1631 γνώριμον.’
1523 1591 1667 1622 ‘Guari-

966 1648 1035 1684 tnr,
1051 1641 1254 1683 γνωρίζεται.’
1298 1642 1327 1673 Α
1343 1642 1491 1681 gnaruris
1512 1651 1572 1683 per
1589 1650 1666 1681 syn-

966 1702 1075 1734 copen
1096 1703 1218 1733 gnarus
1239 1691 1455 1733 ἐπιστάμενος,
1472 1693 1593 1731 sciens,
1610 1701 1667 1732 pe·

967 1744 1064 1775 ritus.
1090 1745 1171 1775 Duc.

1010 1800 1022 1814 ⁶
1048 1794 1238 1835 cnm-uisse]
1275 1793 1426 1825 Glossae:
1463 1797 1471 1810 ‘
1488 1792 1667 1832 Gnarum,

966 1843 1174 1884 Ὑνωρίζεται.’
1197 1844 1267 1874 Jos.
1285 1842 1369 1874 Scal.

1012 1896 1198 1936 Gnaruisse]
1215 1894 1302 1926 Vide
1315 1899 1428 1926 notam
1446 1893 1668 1934 superiorem.

968 1947 1048 1977 Dae.

1009 1996 1022 2016 d
1041 1996 1184 2036 Gnarus]
1200 1996 1290 2027 Vide
1306 2005 1419 2035 supra.
1446 1995 1573 2026 Gnarus
1589 2003 1667 2034 pro-

967 2047 1039 2087 prie
1067 2046 1120 2077 cni
1149 2050 1272 2077 cuncta
1295 2055 1397 2084 gnara
1423 2049 1514 2083 snut,
1543 2043 1576 2074 id
1604 2048 1667 2077 est,

967 2097 1116 2136 cognita,
1135 2100 1266 2135 aperta.
1314 2095 1390 2126 Non
1419 2094 1537 2124 mirum
1564 2093 1667 2133 igitur

964 2156 1119 2186 prognnre
1135 2145 1341 2185 significare,
1359 2148 1490 2184 aperte.
1515 2144 1612 2174 Idem.

1020 2200 1033 2215 ⁰
1059 2195 1272 2235 Gnephosum]
1310 2195 1462 2226 Glossar.
1484 2195 1493 2211 ‘
1512 2193 1667 2225 Gnefon-

969 2256 1054 2285 snm,
1070 2245 1240 2277 σκοτεινόν.
1264 2245 1352 2276 Vide
1370 2246 1402 2276 in
1420 2243 1668 2276 ‘Cnefonsnm.'

970 2298 1042 2328 Ful.
1064 2298 1170 2328 Ursin.

1015 2347 1227 2388 Gnephosnm]
1243 2346 1471 2379 Glossarium:
1493 2348 1501 2361 '
1513 2343 1665 2375 Gneton-

970 2406 1054 2432 sum,
1092 2397 1238 2437 ἀμαυρὸν,
1270 2393 1452 2427 amoveam!
1511 2393 1666 2433 Corrige,

972 2448 1172 2485 Gncfimsum.
1195 2448 1268 2479 Jos,
1284 2447 1374 2478 Scal.

1035 2496 1247 2537 Gnephosum]
1293 2494 1379 2526 vide
1424 2498 1431 2510 ‘
1457 2491 1666 2524 Cnefosum.’

971 2546 1081 2578 Gloss.
1096 2549 1105 2564 ⁶
1117 2546 1317 2585 Gnesosum,
1333 2540 1669 2583 ἆμαυρὸν,σκοτεινόν,’

971 2598 1050 2628 Duc.

1013 2647 1022 2667 f
1045 2648 1178 2688 Gnitus]
1213 2649 1326 2687 Lege:
1349 2646 1457 2685 gnitus
1472 2648 1500 2676 et
1515 2645 1633 2683 guimas
1648 2655 1666 2674 a
