<?xml version="1.0" encoding="UTF-8"?>
<!DOCTYPE html PUBLIC "-//W3C//DTD XHTML 1.0 Transitional//EN"
    "http://www.w3.org/TR/xhtml1/DTD/xhtml1-transitional.dtd">
<html xmlns="http://www.w3.org/1999/xhtml" xml:lang="en" lang="en">
 <head>
  <title>
</title>
<meta http-equiv="Content-Type" content="text/html;charset=utf-8" />
  <meta name='ocr-system' content='tesseract 3.04.00' />
  <meta name='ocr-capabilities' content='ocr_page ocr_carea ocr_par ocr_line ocrx_word'/>
</head>
<body>
  <div class='ocr_page' id='page_1' title='image "./mverriiflacciqua01verruoft/mverriiflacciqua01verruoft_0203.png"; bbox 0 0 1835 2906; ppageno 0'>
   <div class='ocr_carea' id='block_1_1' title="bbox 304 170 1356 202">
    <p class='ocr_par' dir='ltr' id='par_1_1' title="bbox 304 170 1356 202">
     <span class='ocr_line' id='line_1_1' title="bbox 304 170 1356 202; baseline 0.002 -2"><span class='ocrx_word' id='word_1_1' title='bbox 304 170 371 200; x_wconf 65' lang='lat' dir='ltr'>‘DE</span> <span class='ocrx_word' id='word_1_2' title='bbox 409 170 678 201; x_wconf 86' lang='lat' dir='ltr'>VERBORUM</span> <span class='ocrx_word' id='word_1_3' title='bbox 714 170 1123 201; x_wconf 79' lang='lat' dir='ltr'>SlGNlFlCATIONE</span> <span class='ocrx_word' id='word_1_4' title='bbox 1160 172 1253 202; x_wconf 70' lang='lat' dir='ltr'>[AB.</span> <span class='ocrx_word' id='word_1_5' title='bbox 1287 174 1356 202; x_wconf 84' lang='lat'>111.</span> 
     </span>
    </p>
   </div>
   <div class='ocr_carea' id='block_1_2' title="bbox 1475 163 1559 204">
    <p class='ocr_par' dir='ltr' id='par_1_2' title="bbox 1475 163 1559 204">
     <span class='ocr_line' id='line_1_2' title="bbox 1475 163 1559 204; baseline 0.012 -1"><span class='ocrx_word' id='word_1_6' title='bbox 1475 163 1559 204; x_wconf 82' lang='lat'>193</span> 
     </span>
    </p>
   </div>
   <div class='ocr_carea' id='block_1_3' title="bbox 110 263 1560 322">
    <p class='ocr_par' dir='ltr' id='par_1_3' title="bbox 110 263 1560 322">
     <span class='ocr_line' id='line_1_3' title="bbox 110 263 1560 322; baseline 0.003 -16"><span class='ocrx_word' id='word_1_7' title='bbox 110 263 376 317; x_wconf 85' lang='lat' dir='ltr'>Crepitulum</span> <span class='ocrx_word' id='word_1_8' title='bbox 393 270 421 289; x_wconf 89' lang='lat'>¹¹</span> <span class='ocrx_word' id='word_1_9' title='bbox 443 264 449 287; x_wconf 90' lang='lat'>¹</span> <span class='ocrx_word' id='word_1_10' title='bbox 483 271 788 307; x_wconf 85' lang='lat' dir='ltr'>ornamentum</span> <span class='ocrx_word' id='word_1_11' title='bbox 810 265 993 319; x_wconf 85' lang='lat' dir='ltr'>capitis:</span> <span class='ocrx_word' id='word_1_12' title='bbox 1028 265 1072 306; x_wconf 84' lang='lat' dir='ltr'>id</span> <span class='ocrx_word' id='word_1_13' title='bbox 1093 267 1202 306; x_wconf 88' lang='lat' dir='ltr'>enim</span> <span class='ocrx_word' id='word_1_14' title='bbox 1224 268 1266 308; x_wconf 88' lang='lat' dir='ltr'>in</span> <span class='ocrx_word' id='word_1_15' title='bbox 1288 269 1451 322; x_wconf 87' lang='lat' dir='ltr'>capitis</span> <span class='ocrx_word' id='word_1_16' title='bbox 1469 282 1560 311; x_wconf 90' lang='lat' dir='ltr'>mo-</span> 
     </span>
    </p>
   </div>
   <div class='ocr_carea' id='block_1_4' title="bbox 164 333 589 386">
    <p class='ocr_par' dir='ltr' id='par_1_4' title="bbox 164 333 589 386">
     <span class='ocr_line' id='line_1_4' title="bbox 164 333 589 386; baseline 0.007 -14"><span class='ocrx_word' id='word_1_17' title='bbox 164 336 210 372; x_wconf 89' lang='lat' dir='ltr'>tu</span> <span class='ocrx_word' id='word_1_18' title='bbox 233 333 446 386; x_wconf 90' lang='lat' dir='ltr'>crepitum</span> <span class='ocrx_word' id='word_1_19' title='bbox 469 333 589 375; x_wconf 82' lang='lat' dir='ltr'>facit.</span> 
     </span>
    </p>
   </div>
   <div class='ocr_carea' id='block_1_5' title="bbox 108 398 1561 456">
    <p class='ocr_par' dir='ltr' id='par_1_5' title="bbox 108 398 1561 456">
     <span class='ocr_line' id='line_1_5' title="bbox 108 398 1561 456; baseline 0.005 -17"><span class='ocrx_word' id='word_1_20' title='bbox 108 398 280 452; x_wconf 87' lang='lat' dir='ltr'>Crepos</span> <span class='ocrx_word' id='word_1_21' title='bbox 300 404 370 423; x_wconf 55' lang='grc' dir='ltr'>’Μ’</span> <span class='ocrx_word' id='word_1_22' title='bbox 403 400 595 442; x_wconf 88' lang='lat' dir='ltr'>Romani</span> <span class='ocrx_word' id='word_1_23' title='bbox 619 400 828 454; x_wconf 82' lang='lat' dir='ltr'>lupercos</span> <span class='ocrx_word' id='word_1_24' title='bbox 859 401 1061 441; x_wconf 87' lang='lat' dir='ltr'><strong>dicebant</strong></span> <span class='ocrx_word' id='word_1_25' title='bbox 1089 414 1114 441; x_wconf 84' lang='lat' dir='ltr'>a</span> <span class='ocrx_word' id='word_1_26' title='bbox 1136 402 1299 455; x_wconf 78' lang='lat' dir='ltr'>crepitu</span> <span class='ocrx_word' id='word_1_27' title='bbox 1330 404 1561 456; x_wconf 87' lang='lat' dir='ltr'>pellicula-</span> 
     </span>
    </p>
   </div>
   <div class='ocr_carea' id='block_1_6' title="bbox 163 469 919 522">
    <p class='ocr_par' dir='ltr' id='par_1_6' title="bbox 163 469 919 522">
     <span class='ocr_line' id='line_1_6' title="bbox 163 469 919 522; baseline 0.003 -15"><span class='ocrx_word' id='word_1_28' title='bbox 163 480 273 517; x_wconf 88' lang='lat' dir='ltr'>rum,</span> <span class='ocrx_word' id='word_1_29' title='bbox 295 480 424 522; x_wconf 90' lang='lat' dir='ltr'>quem</span> <span class='ocrx_word' id='word_1_30' title='bbox 447 469 614 510; x_wconf 89' lang='lat' dir='ltr'>faciunt</span> <span class='ocrx_word' id='word_1_31' title='bbox 630 469 919 510; x_wconf 87' lang='lat' dir='ltr'>verberantes.</span> 
     </span>
    </p>
   </div>
   <div class='ocr_carea' id='block_1_7' title="bbox 982 469 1559 513">
    <p class='ocr_par' dir='ltr' id='par_1_7' title="bbox 982 469 1559 513">
     <span class='ocr_line' id='line_1_7' title="bbox 982 469 1559 513; baseline 0.007 -4"><span class='ocrx_word' id='word_1_32' title='bbox 982 469 1083 510; x_wconf 91' lang='lat' dir='ltr'>Mos</span> <span class='ocrx_word' id='word_1_33' title='bbox 1101 470 1214 510; x_wconf 90' lang='lat' dir='ltr'>enim</span> <span class='ocrx_word' id='word_1_34' title='bbox 1231 475 1324 511; x_wconf 82' lang='lat' dir='ltr'>erat</span> <span class='ocrx_word' id='word_1_35' title='bbox 1342 470 1559 513; x_wconf 88' lang='lat' dir='ltr'>Romanis</span> 
     </span>
    </p>
   </div>
   <div class='ocr_carea' id='block_1_8' title="bbox 164 535 1561 592">
    <p class='ocr_par' dir='ltr' id='par_1_8' title="bbox 164 535 1561 592">
     <span class='ocr_line' id='line_1_8' title="bbox 164 535 1561 592; baseline 0.005 -18"><span class='ocrx_word' id='word_1_36' title='bbox 164 535 208 575; x_wconf 90' lang='lat' dir='ltr'>in</span> <span class='ocrx_word' id='word_1_37' title='bbox 230 535 531 589; x_wconf 83' lang='lat' dir='ltr'>lupercalibus</span> <span class='ocrx_word' id='word_1_38' title='bbox 553 536 694 577; x_wconf 89' lang='lat' dir='ltr'>nudos</span> <span class='ocrx_word' id='word_1_39' title='bbox 713 536 972 586; x_wconf 88' lang='lat' dir='ltr'>discurrere,</span> <span class='ocrx_word' id='word_1_40' title='bbox 985 541 1027 579; x_wconf 88' lang='lat' dir='ltr'>et</span> <span class='ocrx_word' id='word_1_41' title='bbox 1044 537 1234 590; x_wconf 89' lang='lat' dir='ltr'>pellibus</span> <span class='ocrx_word' id='word_1_42' title='bbox 1256 538 1413 579; x_wconf 85' lang='lat' dir='ltr'>obvias</span> <span class='ocrx_word' id='word_1_43' title='bbox 1428 552 1561 592; x_wconf 89' lang='lat' dir='ltr'>quas-</span> 
     </span>
    </p>
   </div>
   <div class='ocr_carea' id='block_1_9' title="bbox 165 603 616 656">
    <p class='ocr_par' dir='ltr' id='par_1_9' title="bbox 165 603 616 656">
     <span class='ocr_line' id='line_1_9' title="bbox 165 603 616 656; baseline 0 -13"><span class='ocrx_word' id='word_1_44' title='bbox 165 615 252 656; x_wconf 89' lang='lat' dir='ltr'>que</span> <span class='ocrx_word' id='word_1_45' title='bbox 270 603 458 645; x_wconf 88' lang='lat' dir='ltr'>feminas</span> <span class='ocrx_word' id='word_1_46' title='bbox 475 604 616 645; x_wconf 88' lang='lat' dir='ltr'>ferire.</span> 
     </span>
    </p>
   </div>
   <div class='ocr_carea' id='block_1_10' title="bbox 108 668 1561 727">
    <p class='ocr_par' dir='ltr' id='par_1_10' title="bbox 108 668 1561 727">
     <span class='ocr_line' id='line_1_10' title="bbox 108 668 1561 727; baseline 0.004 -18"><span class='ocrx_word' id='word_1_47' title='bbox 108 668 284 711; x_wconf 89' lang='lat' dir='ltr'>Cretcre</span> <span class='ocrx_word' id='word_1_48' title='bbox 303 674 364 700; x_wconf 82' lang='lat'>¹³¹¹</span> <span class='ocrx_word' id='word_1_49' title='bbox 401 672 666 713; x_wconf 90' lang='lat' dir='ltr'>vocabulum</span> <span class='ocrx_word' id='word_1_50' title='bbox 705 671 889 712; x_wconf 83' lang='lat' dir='ltr'>trahitur</span> <span class='ocrx_word' id='word_1_51' title='bbox 929 686 956 713; x_wconf 84' lang='lat' dir='ltr'>a</span> <span class='ocrx_word' id='word_1_52' title='bbox 997 677 1177 723; x_wconf 86' lang='lat' dir='ltr'>cratere,</span> <span class='ocrx_word' id='word_1_53' title='bbox 1218 674 1338 727; x_wconf 92' lang='lat' dir='ltr'>quod</span> <span class='ocrx_word' id='word_1_54' title='bbox 1379 687 1458 715; x_wconf 89' lang='lat' dir='ltr'>vas</span> <span class='ocrx_word' id='word_1_55' title='bbox 1498 678 1561 716; x_wconf 83' lang='lat' dir='ltr'>est</span> 
     </span>
    </p>
   </div>
   <div class='ocr_carea' id='block_1_11' title="bbox 163 738 269 778">
    <p class='ocr_par' dir='ltr' id='par_1_11' title="bbox 163 738 269 778">
     <span class='ocr_line' id='line_1_11' title="bbox 163 738 269 778; baseline 0.009 -1"><span class='ocrx_word' id='word_1_56' title='bbox 163 738 269 778; x_wconf 90' lang='lat' dir='ltr'>vini.</span> 
     </span>
    </p>
   </div>
   <div class='ocr_carea' id='block_1_12' title="bbox 107 803 1561 999">
    <p class='ocr_par' dir='ltr' id='par_1_12' title="bbox 107 803 1561 999">
     <span class='ocr_line' id='line_1_12' title="bbox 107 803 1561 863; baseline 0.004 -19"><span class='ocrx_word' id='word_1_57' title='bbox 107 803 237 845; x_wconf 86' lang='lat' dir='ltr'>Crevi</span> <span class='ocrx_word' id='word_1_58' title='bbox 255 810 270 826; x_wconf 84' lang='lat'><strong>⁰</strong></span> <span class='ocrx_word' id='word_1_59' title='bbox 302 805 431 846; x_wconf 91' lang='lat' dir='ltr'>modo</span> <span class='ocrx_word' id='word_1_60' title='bbox 451 806 668 859; x_wconf 86' lang='lat' dir='ltr'>significat</span> <span class='ocrx_word' id='word_1_61' title='bbox 689 806 978 848; x_wconf 85' lang='lat' dir='ltr'>hereditatem</span> <span class='ocrx_word' id='word_1_62' title='bbox 998 809 1088 849; x_wconf 86' lang='lat' dir='ltr'>adii</span> <span class='ocrx_word' id='word_1_63' title='bbox 1108 823 1116 850; x_wconf 75' lang='grc' dir='ltr'>ε</span> <span class='ocrx_word' id='word_1_64' title='bbox 1152 809 1281 849; x_wconf 87' lang='lat' dir='ltr'>modo</span> <span class='ocrx_word' id='word_1_65' title='bbox 1299 809 1441 863; x_wconf 89' lang='lat' dir='ltr'>major</span> <span class='ocrx_word' id='word_1_66' title='bbox 1457 814 1561 850; x_wconf 78' lang='lat' dir='ltr'>aeta-</span> 
     </span>
     <span class='ocr_line' id='line_1_13' title="bbox 163 870 1561 931; baseline 0.004 -19"><span class='ocrx_word' id='word_1_67' title='bbox 163 875 217 921; x_wconf 90' lang='lat' dir='ltr'>tc,</span> <span class='ocrx_word' id='word_1_68' title='bbox 239 870 310 913; x_wconf 90' lang='lat' dir='ltr'>vel</span> <span class='ocrx_word' id='word_1_69' title='bbox 329 886 465 914; x_wconf 88' lang='lat' dir='ltr'>censu</span> <span class='ocrx_word' id='word_1_70' title='bbox 481 880 497 904; x_wconf 79' lang='grc' dir='ltr'>Ρ</span> <span class='ocrx_word' id='word_1_71' title='bbox 529 887 641 924; x_wconf 86' lang='lat' dir='ltr'>sum,</span> <span class='ocrx_word' id='word_1_72' title='bbox 658 875 1005 929; x_wconf 89' lang='lat' dir='ltr'>modojudicavi</span> <span class='ocrx_word' id='word_1_73' title='bbox 1021 891 1030 918; x_wconf 92' lang='lat'>:</span> <span class='ocrx_word' id='word_1_74' title='bbox 1047 882 1062 905; x_wconf 75' lang='lat'>‘³</span> <span class='ocrx_word' id='word_1_75' title='bbox 1094 877 1227 918; x_wconf 91' lang='lat' dir='ltr'>modo</span> <span class='ocrx_word' id='word_1_76' title='bbox 1242 877 1398 918; x_wconf 87' lang='lat' dir='ltr'>divisi:</span> <span class='ocrx_word' id='word_1_77' title='bbox 1418 883 1429 899; x_wconf 72' lang='lat' dir='ltr'>s</span> <span class='ocrx_word' id='word_1_78' title='bbox 1461 891 1561 931; x_wconf 79' lang='lat' dir='ltr'>quae</span> 
     </span>
     <span class='ocr_line' id='line_1_14' title="bbox 162 940 1560 999; baseline 0.004 -20"><span class='ocrx_word' id='word_1_79' title='bbox 162 940 308 981; x_wconf 83' lang='lat' dir='ltr'>omnia</span> <span class='ocrx_word' id='word_1_80' title='bbox 329 954 356 981; x_wconf 88' lang='lat' dir='ltr'>a</span> <span class='ocrx_word' id='word_1_81' title='bbox 383 942 555 982; x_wconf 90' lang='lat' dir='ltr'>duobus</span> <span class='ocrx_word' id='word_1_82' title='bbox 587 942 732 982; x_wconf 89' lang='lat' dir='ltr'>verbis</span> <span class='ocrx_word' id='word_1_83' title='bbox 765 955 919 984; x_wconf 88' lang='lat' dir='ltr'>cresco</span> <span class='ocrx_word' id='word_1_84' title='bbox 953 949 997 985; x_wconf 91' lang='lat' dir='ltr'>et</span> <span class='ocrx_word' id='word_1_85' title='bbox 1029 958 1159 986; x_wconf 84' lang='lat' dir='ltr'>cerno</span> <span class='ocrx_word' id='word_1_86' title='bbox 1192 945 1397 986; x_wconf 89' lang='lat' dir='ltr'>veniunt:</span> <span class='ocrx_word' id='word_1_87' title='bbox 1429 945 1560 999; x_wconf 83' lang='lat' dir='ltr'>cujus</span> 
     </span>
    </p>
   </div>
   <div class='ocr_carea' id='block_1_13' title="bbox 708 1061 827 1072">
    <p class='ocr_par' dir='ltr' id='par_1_13' title="bbox 708 1061 827 1072">
     <span class='ocr_line' id='line_1_15' title="bbox 708 1061 827 1072; baseline 0.008 -1"><span class='ocrx_word' id='word_1_88' title='bbox 708 1061 827 1072; x_wconf 55' lang='lat' dir='ltr'>eeeeeee</span> 
     </span>
    </p>
   </div>
   <div class='ocr_carea' id='block_1_14' title="bbox 831 1061 948 1073">
    <p class='ocr_par' dir='ltr' id='par_1_14' title="bbox 831 1061 948 1073">
     <span class='ocr_line' id='line_1_16' title="bbox 831 1061 948 1073; baseline 0.009 -1"><span class='ocrx_word' id='word_1_89' title='bbox 831 1061 948 1073; x_wconf 62' lang='lat'>‘‘‘‘‘</span> 
     </span>
    </p>
   </div>
   <div class='ocr_carea' id='block_1_15' title="bbox 105 1134 1562 1223">
    <p class='ocr_par' dir='ltr' id='par_1_15' title="bbox 105 1134 1562 1223">
     <span class='ocr_line' id='line_1_17' title="bbox 150 1134 1562 1181; baseline 0.005 -16"><span class='ocrx_word' id='word_1_90' title='bbox 150 1137 184 1165; x_wconf 87' lang='lat' dir='ltr'>ll</span> <span class='ocrx_word' id='word_1_91' title='bbox 211 1134 379 1166; x_wconf 86' lang='lat' dir='ltr'>Scribitur</span> <span class='ocrx_word' id='word_1_92' title='bbox 396 1139 430 1166; x_wconf 88' lang='lat' dir='ltr'>et</span> <span class='ocrx_word' id='word_1_93' title='bbox 449 1136 653 1176; x_wconf 76' lang='lat' dir='ltr'>crepidulum</span> <span class='ocrx_word' id='word_1_94' title='bbox 669 1142 704 1168; x_wconf 90' lang='lat' dir='ltr'>et</span> <span class='ocrx_word' id='word_1_95' title='bbox 719 1138 1005 1178; x_wconf 78' lang='lat' dir='ltr'>cr·e1›iculum.—l2</span> <span class='ocrx_word' id='word_1_96' title='bbox 1031 1139 1097 1170; x_wconf 80' lang='lat' dir='ltr'>Alii</span> <span class='ocrx_word' id='word_1_97' title='bbox 1112 1141 1228 1180; x_wconf 80' lang='lat' dir='ltr'>legunt</span> <span class='ocrx_word' id='word_1_98' title='bbox 1246 1142 1479 1181; x_wconf 80' lang='lat' dir='ltr'>Creppos.-—13</span> <span class='ocrx_word' id='word_1_99' title='bbox 1500 1140 1562 1172; x_wconf 89' lang='lat' dir='ltr'>Ed.</span> 
     </span>
     <span class='ocr_line' id='line_1_18' title="bbox 105 1178 1561 1223; baseline 0.005 -15"><span class='ocrx_word' id='word_1_100' title='bbox 105 1178 193 1208; x_wconf 87' lang='lat' dir='ltr'>Scal.</span> <span class='ocrx_word' id='word_1_101' title='bbox 225 1179 381 1209; x_wconf 73' lang='lat' dir='ltr'>Creterre.</span> <span class='ocrx_word' id='word_1_102' title='bbox 431 1178 628 1219; x_wconf 81' lang='lat' dir='ltr'>Legendum</span> <span class='ocrx_word' id='word_1_103' title='bbox 655 1185 771 1211; x_wconf 86' lang='lat' dir='ltr'>monet</span> <span class='ocrx_word' id='word_1_104' title='bbox 800 1181 889 1212; x_wconf 83' lang='lat' dir='ltr'>Dae.</span> <span class='ocrx_word' id='word_1_105' title='bbox 923 1184 1081 1214; x_wconf 78' lang='lat' dir='ltr'>Creterroe</span> <span class='ocrx_word' id='word_1_106' title='bbox 1113 1185 1165 1214; x_wconf 82' lang='lat' dir='ltr'>ve!</span> <span class='ocrx_word' id='word_1_107' title='bbox 1199 1185 1349 1223; x_wconf 77' lang='lat' dir='ltr'>Creteroe,</span> <span class='ocrx_word' id='word_1_108' title='bbox 1376 1184 1418 1215; x_wconf 88' lang='lat' dir='ltr'>ab</span> <span class='ocrx_word' id='word_1_109' title='bbox 1445 1183 1561 1215; x_wconf 91' lang='lat' dir='ltr'>lonico</span> 
     </span>
    </p>
   </div>
   <div class='ocr_carea' id='block_1_16' title="bbox 107 1221 252 1259">
    <p class='ocr_par' dir='ltr' id='par_1_16' title="bbox 107 1221 252 1259">
     <span class='ocr_line' id='line_1_19' title="bbox 107 1221 252 1259; baseline 0.007 -9"><span class='ocrx_word' id='word_1_110' title='bbox 107 1221 252 1259; x_wconf 81' lang='grc' dir='ltr'>κρητῆρα.</span> 
     </span>
    </p>
   </div>
   <div class='ocr_carea' id='block_1_17' title="bbox 762 1288 900 1319">
    <p class='ocr_par' dir='ltr' id='par_1_17' title="bbox 762 1288 900 1319">
     <span class='ocr_line' id='line_1_20' title="bbox 762 1288 900 1319; baseline 0 0"><span class='ocrx_word' id='word_1_111' title='bbox 762 1288 900 1319; x_wconf 82' lang='lat' dir='ltr'>NOTAE</span> 
     </span>
    </p>
   </div>
   <div class='ocr_carea' id='block_1_18' title="bbox 102 1358 811 2811">
    <p class='ocr_par' dir='ltr' id='par_1_18' title="bbox 102 1358 806 1544">
     <span class='ocr_line' id='line_1_21' title="bbox 152 1358 806 1401; baseline 0.008 -13"><span class='ocrx_word' id='word_1_112' title='bbox 152 1358 157 1378; x_wconf 89' lang='lat'>¹</span> <span class='ocrx_word' id='word_1_113' title='bbox 206 1359 417 1401; x_wconf 75' lang='lat' dir='ltr'>Crepitulum]</span> <span class='ocrx_word' id='word_1_114' title='bbox 469 1359 570 1401; x_wconf 84' lang='lat' dir='ltr'>Apud</span> <span class='ocrx_word' id='word_1_115' title='bbox 607 1361 806 1393; x_wconf 87' lang='lat' dir='ltr'>Tertullian.</span> 
     </span>
     <span class='ocr_line' id='line_1_22' title="bbox 107 1410 806 1451; baseline 0.006 -10"><span class='ocrx_word' id='word_1_116' title='bbox 107 1410 309 1451; x_wconf 76' lang='lat' dir='ltr'>Crepidulum</span> <span class='ocrx_word' id='word_1_117' title='bbox 329 1412 361 1441; x_wconf 91' lang='lat' dir='ltr'>in</span> <span class='ocrx_word' id='word_1_118' title='bbox 378 1411 426 1442; x_wconf 93' lang='lat' dir='ltr'>lib</span> <span class='ocrx_word' id='word_1_119' title='bbox 443 1412 484 1443; x_wconf 92' lang='lat' dir='ltr'>de</span> <span class='ocrx_word' id='word_1_120' title='bbox 504 1412 633 1444; x_wconf 86' lang='lat' dir='ltr'>Pallio:</span> <span class='ocrx_word' id='word_1_121' title='bbox 659 1418 667 1430; x_wconf 91' lang='lat'>‘</span> <span class='ocrx_word' id='word_1_122' title='bbox 683 1419 718 1445; x_wconf 86' lang='lat' dir='ltr'>et</span> <span class='ocrx_word' id='word_1_123' title='bbox 739 1420 806 1445; x_wconf 88' lang='lat' dir='ltr'>sto-</span> 
     </span>
     <span class='ocr_line' id='line_1_23' title="bbox 102 1461 806 1504; baseline 0.007 -13"><span class='ocrx_word' id='word_1_124' title='bbox 102 1461 182 1501; x_wconf 85' lang='lat' dir='ltr'>lam,</span> <span class='ocrx_word' id='word_1_125' title='bbox 206 1471 405 1502; x_wconf 85' lang='lat' dir='ltr'>supparum,</span> <span class='ocrx_word' id='word_1_126' title='bbox 423 1464 654 1504; x_wconf 85' lang='lat' dir='ltr'>crepidulum,</span> <span class='ocrx_word' id='word_1_127' title='bbox 676 1469 711 1496; x_wconf 88' lang='lat' dir='ltr'>et</span> <span class='ocrx_word' id='word_1_128' title='bbox 728 1465 806 1496; x_wconf 91' lang='lat' dir='ltr'>cali-</span> 
     </span>
     <span class='ocr_line' id='line_1_24' title="bbox 104 1512 462 1544; baseline 0.006 -2"><span class='ocrx_word' id='word_1_129' title='bbox 104 1512 267 1542; x_wconf 88' lang='lat' dir='ltr'>andrum.&#39;</span> <span class='ocrx_word' id='word_1_130' title='bbox 290 1513 359 1543; x_wconf 78' lang='lat' dir='ltr'>Jos.</span> <span class='ocrx_word' id='word_1_131' title='bbox 376 1513 462 1544; x_wconf 84' lang='lat' dir='ltr'>Scal.</span> 
     </span>
    </p>

    <p class='ocr_par' dir='ltr' id='par_1_19' title="bbox 102 1563 808 2044">
     <span class='ocr_line' id='line_1_25' title="bbox 151 1563 807 1606; baseline 0.008 -14"><span class='ocrx_word' id='word_1_132' title='bbox 151 1563 363 1604; x_wconf 76' lang='lat' dir='ltr'>Crepitulum]</span> <span class='ocrx_word' id='word_1_133' title='bbox 377 1563 546 1596; x_wconf 87' lang='lat' dir='ltr'>Scribitur</span> <span class='ocrx_word' id='word_1_134' title='bbox 563 1569 598 1596; x_wconf 89' lang='lat' dir='ltr'>et</span> <span class='ocrx_word' id='word_1_135' title='bbox 613 1566 807 1606; x_wconf 76' lang='lat' dir='ltr'>crepidulum</span> 
     </span>
     <span class='ocr_line' id='line_1_26' title="bbox 103 1613 805 1653; baseline 0.004 -10"><span class='ocrx_word' id='word_1_136' title='bbox 103 1618 138 1644; x_wconf 87' lang='lat' dir='ltr'>et</span> <span class='ocrx_word' id='word_1_137' title='bbox 166 1613 368 1653; x_wconf 78' lang='lat' dir='ltr'>crepiculum.</span> <span class='ocrx_word' id='word_1_138' title='bbox 415 1615 576 1646; x_wconf 86' lang='lat' dir='ltr'>Meminit</span> <span class='ocrx_word' id='word_1_139' title='bbox 600 1616 747 1648; x_wconf 86' lang='lat' dir='ltr'>Tertull.</span> <span class='ocrx_word' id='word_1_140' title='bbox 772 1617 805 1647; x_wconf 90' lang='lat' dir='ltr'>in</span> 
     </span>
     <span class='ocr_line' id='line_1_27' title="bbox 103 1663 806 1708; baseline 0.007 -15"><span class='ocrx_word' id='word_1_141' title='bbox 103 1663 163 1694; x_wconf 88' lang='lat' dir='ltr'>lib.</span> <span class='ocrx_word' id='word_1_142' title='bbox 195 1663 237 1694; x_wconf 86' lang='lat' dir='ltr'>de</span> <span class='ocrx_word' id='word_1_143' title='bbox 268 1664 401 1696; x_wconf 83' lang='lat' dir='ltr'>Pallio:</span> <span class='ocrx_word' id='word_1_144' title='bbox 425 1666 433 1682; x_wconf 88' lang='lat'>‘</span> <span class='ocrx_word' id='word_1_145' title='bbox 450 1667 494 1697; x_wconf 85' lang='lat' dir='ltr'>Et</span> <span class='ocrx_word' id='word_1_146' title='bbox 519 1667 655 1706; x_wconf 85' lang='lat' dir='ltr'>stolam,</span> <span class='ocrx_word' id='word_1_147' title='bbox 681 1676 806 1708; x_wconf 87' lang='lat' dir='ltr'>suppa·</span> 
     </span>
     <span class='ocr_line' id='line_1_28' title="bbox 103 1714 808 1754; baseline 0.006 -11"><span class='ocrx_word' id='word_1_148' title='bbox 103 1722 189 1752; x_wconf 87' lang='lat' dir='ltr'>rum,</span> <span class='ocrx_word' id='word_1_149' title='bbox 228 1714 455 1754; x_wconf 84' lang='lat' dir='ltr'>crepidulum,</span> <span class='ocrx_word' id='word_1_150' title='bbox 499 1721 534 1746; x_wconf 91' lang='lat' dir='ltr'>et</span> <span class='ocrx_word' id='word_1_151' title='bbox 566 1716 808 1748; x_wconf 87' lang='lat' dir='ltr'>Caliandrum.’</span> 
     </span>
     <span class='ocr_line' id='line_1_29' title="bbox 102 1763 807 1806; baseline 0.007 -13"><span class='ocrx_word' id='word_1_152' title='bbox 102 1763 169 1793; x_wconf 85' lang='lat' dir='ltr'>Sed</span> <span class='ocrx_word' id='word_1_153' title='bbox 184 1764 266 1794; x_wconf 89' lang='lat' dir='ltr'>mihi</span> <span class='ocrx_word' id='word_1_154' title='bbox 279 1765 429 1805; x_wconf 86' lang='lat' dir='ltr'>suspicio</span> <span class='ocrx_word' id='word_1_155' title='bbox 447 1771 497 1796; x_wconf 87' lang='lat' dir='ltr'>est</span> <span class='ocrx_word' id='word_1_156' title='bbox 515 1766 604 1806; x_wconf 89' lang='lat' dir='ltr'>apud</span> <span class='ocrx_word' id='word_1_157' title='bbox 619 1768 755 1798; x_wconf 81' lang='lat' dir='ltr'>Festum</span> <span class='ocrx_word' id='word_1_158' title='bbox 772 1772 807 1798; x_wconf 89' lang='lat' dir='ltr'>et</span> 
     </span>
     <span class='ocr_line' id='line_1_30' title="bbox 102 1813 806 1858; baseline 0.007 -14"><span class='ocrx_word' id='word_1_159' title='bbox 102 1813 246 1845; x_wconf 81' lang='lat' dir='ltr'>Tei-tull.</span> <span class='ocrx_word' id='word_1_160' title='bbox 272 1815 393 1846; x_wconf 86' lang='lat' dir='ltr'>vitiose</span> <span class='ocrx_word' id='word_1_161' title='bbox 418 1816 581 1857; x_wconf 87' lang='lat' dir='ltr'>scriptum</span> <span class='ocrx_word' id='word_1_162' title='bbox 611 1827 685 1849; x_wconf 89' lang='lat' dir='ltr'>esse</span> <span class='ocrx_word' id='word_1_163' title='bbox 708 1819 806 1858; x_wconf 78' lang='lat' dir='ltr'>crepi-</span> 
     </span>
     <span class='ocr_line' id='line_1_31' title="bbox 103 1863 805 1908; baseline 0.009 -15"><span class='ocrx_word' id='word_1_164' title='bbox 103 1865 220 1904; x_wconf 82' lang='lat' dir='ltr'>dulum,</span> <span class='ocrx_word' id='word_1_165' title='bbox 235 1863 306 1894; x_wconf 89' lang='lat' dir='ltr'>sive</span> <span class='ocrx_word' id='word_1_166' title='bbox 323 1866 520 1905; x_wconf 79' lang='lat' dir='ltr'>crepitqum,</span> <span class='ocrx_word' id='word_1_167' title='bbox 539 1877 600 1907; x_wconf 89' lang='lat' dir='ltr'>pro</span> <span class='ocrx_word' id='word_1_168' title='bbox 619 1868 805 1908; x_wconf 80' lang='lat' dir='ltr'>capidulum.</span> 
     </span>
     <span class='ocr_line' id='line_1_32' title="bbox 106 1913 806 1959; baseline 0.009 -16"><span class='ocrx_word' id='word_1_169' title='bbox 106 1914 194 1944; x_wconf 90' lang='lat' dir='ltr'>Nam</span> <span class='ocrx_word' id='word_1_170' title='bbox 219 1913 251 1944; x_wconf 90' lang='lat' dir='ltr'>in</span> <span class='ocrx_word' id='word_1_171' title='bbox 271 1914 402 1946; x_wconf 80' lang='lat' dir='ltr'>Glossis</span> <span class='ocrx_word' id='word_1_172' title='bbox 419 1915 664 1949; x_wconf 83' lang='lat' dir='ltr'>Arabico-Lat.</span> <span class='ocrx_word' id='word_1_173' title='bbox 681 1918 806 1959; x_wconf 86' lang='lat' dir='ltr'>legitur</span> 
     </span>
     <span class='ocr_line' id='line_1_33' title="bbox 104 1963 803 2008; baseline 0.009 -15"><span class='ocrx_word' id='word_1_174' title='bbox 104 1967 112 1980; x_wconf 87' lang='lat'>‘</span> <span class='ocrx_word' id='word_1_175' title='bbox 131 1963 348 2003; x_wconf 87' lang='lat' dir='ltr'>capedulum‚</span> <span class='ocrx_word' id='word_1_176' title='bbox 383 1965 623 1998; x_wconf 82' lang='lat' dir='ltr'>vestimentum</span> <span class='ocrx_word' id='word_1_177' title='bbox 657 1967 803 2008; x_wconf 86' lang='lat' dir='ltr'>capitis.&#39;</span> 
     </span>
     <span class='ocr_line' id='line_1_34' title="bbox 105 2013 184 2044; baseline 0 -1"><span class='ocrx_word' id='word_1_178' title='bbox 105 2013 184 2044; x_wconf 79' lang='lat' dir='ltr'>Duc.</span> 
     </span>
    </p>

    <p class='ocr_par' dir='ltr' id='par_1_20' title="bbox 104 2063 811 2706">
     <span class='ocr_line' id='line_1_35' title="bbox 150 2063 806 2108; baseline 0.011 -15"><span class='ocrx_word' id='word_1_179' title='bbox 150 2069 172 2083; x_wconf 82' lang='lat'>¹¹¹</span> <span class='ocrx_word' id='word_1_180' title='bbox 201 2063 330 2104; x_wconf 81' lang='lat' dir='ltr'>Crepos]</span> <span class='ocrx_word' id='word_1_181' title='bbox 356 2063 424 2095; x_wconf 86' lang='lat' dir='ltr'>Alii</span> <span class='ocrx_word' id='word_1_182' title='bbox 442 2065 559 2106; x_wconf 86' lang='lat' dir='ltr'>legunt</span> <span class='ocrx_word' id='word_1_183' title='bbox 579 2068 724 2108; x_wconf 75' lang='lat' dir='ltr'>Creppos.</span> <span class='ocrx_word' id='word_1_184' title='bbox 742 2069 806 2099; x_wconf 91' lang='lat' dir='ltr'>Lu·</span> 
     </span>
     <span class='ocr_line' id='line_1_36' title="bbox 104 2114 806 2156; baseline 0.009 -12"><span class='ocrx_word' id='word_1_185' title='bbox 104 2114 198 2154; x_wconf 89' lang='lat' dir='ltr'>perci</span> <span class='ocrx_word' id='word_1_186' title='bbox 216 2115 329 2146; x_wconf 83' lang='lat' dir='ltr'>Panos</span> <span class='ocrx_word' id='word_1_187' title='bbox 351 2115 456 2156; x_wconf 87' lang='lat' dir='ltr'>Lycei</span> <span class='ocrx_word' id='word_1_188' title='bbox 472 2116 676 2149; x_wconf 79' lang='lat' dir='ltr'>Sacerdotes</span> <span class='ocrx_word' id='word_1_189' title='bbox 702 2118 744 2150; x_wconf 91' lang='lat' dir='ltr'>ab</span> <span class='ocrx_word' id='word_1_190' title='bbox 762 2120 806 2150; x_wconf 85' lang='lat' dir='ltr'>E-</span> 
     </span>
     <span class='ocr_line' id='line_1_37' title="bbox 105 2164 809 2208; baseline 0.01 -15"><span class='ocrx_word' id='word_1_191' title='bbox 105 2164 235 2195; x_wconf 87' lang='lat' dir='ltr'>vandro</span> <span class='ocrx_word' id='word_1_192' title='bbox 255 2164 391 2196; x_wconf 82' lang='lat' dir='ltr'>Arcade</span> <span class='ocrx_word' id='word_1_193' title='bbox 411 2167 549 2197; x_wconf 85' lang='lat' dir='ltr'>Romam</span> <span class='ocrx_word' id='word_1_194' title='bbox 574 2168 743 2208; x_wconf 80' lang='lat' dir='ltr'>translati,</span> <span class='ocrx_word' id='word_1_195' title='bbox 760 2178 809 2200; x_wconf 87' lang='lat' dir='ltr'>sa-</span> 
     </span>
     <span class='ocr_line' id='line_1_38' title="bbox 105 2215 809 2258; baseline 0.01 -15"><span class='ocrx_word' id='word_1_196' title='bbox 105 2223 163 2244; x_wconf 88' lang='lat' dir='ltr'>cra</span> <span class='ocrx_word' id='word_1_197' title='bbox 197 2215 386 2255; x_wconf 83' lang='lat' dir='ltr'>lupercalia</span> <span class='ocrx_word' id='word_1_198' title='bbox 413 2217 637 2258; x_wconf 88' lang='lat' dir='ltr'>vocabantur,</span> <span class='ocrx_word' id='word_1_199' title='bbox 663 2221 714 2250; x_wconf 87' lang='grc'>15.</span> <span class='ocrx_word' id='word_1_200' title='bbox 740 2219 809 2250; x_wconf 85' lang='lat' dir='ltr'>Ka-</span> 
     </span>
     <span class='ocr_line' id='line_1_39' title="bbox 107 2264 809 2301; baseline 0.011 -8"><span class='ocrx_word' id='word_1_201' title='bbox 107 2264 225 2295; x_wconf 87' lang='lat' dir='ltr'>lendas</span> <span class='ocrx_word' id='word_1_202' title='bbox 251 2266 363 2297; x_wconf 85' lang='lat' dir='ltr'>Maias</span> <span class='ocrx_word' id='word_1_203' title='bbox 392 2267 503 2298; x_wconf 86' lang='lat' dir='ltr'>solita.</span> <span class='ocrx_word' id='word_1_204' title='bbox 536 2267 640 2299; x_wconf 83' lang='lat' dir='ltr'>Ovid.</span> <span class='ocrx_word' id='word_1_205' title='bbox 665 2269 809 2301; x_wconf 79' lang='lat' dir='ltr'>Fast.11.</span> 
     </span>
     <span class='ocr_line' id='line_1_40' title="bbox 106 2314 811 2354; baseline 0.011 -11"><span class='ocrx_word' id='word_1_206' title='bbox 106 2314 242 2344; x_wconf 87' lang='lat' dir='ltr'>‘Tertia</span> <span class='ocrx_word' id='word_1_207' title='bbox 259 2320 336 2354; x_wconf 83' lang='lat' dir='ltr'>post</span> <span class='ocrx_word' id='word_1_208' title='bbox 361 2316 433 2347; x_wconf 85' lang='lat' dir='ltr'>idus</span> <span class='ocrx_word' id='word_1_209' title='bbox 456 2318 562 2348; x_wconf 90' lang='lat' dir='ltr'>nudos</span> <span class='ocrx_word' id='word_1_210' title='bbox 587 2318 720 2350; x_wconf 90' lang='lat' dir='ltr'>Aurora</span> <span class='ocrx_word' id='word_1_211' title='bbox 746 2320 811 2350; x_wconf 87' lang='lat' dir='ltr'>Lu-</span> 
     </span>
     <span class='ocr_line' id='line_1_41' title="bbox 110 2364 810 2405; baseline 0.009 -11"><span class='ocrx_word' id='word_1_212' title='bbox 110 2374 231 2405; x_wconf 86' lang='lat' dir='ltr'>percos</span> <span class='ocrx_word' id='word_1_213' title='bbox 249 2364 393 2405; x_wconf 82' lang='lat' dir='ltr'>Aspicit,</span> <span class='ocrx_word' id='word_1_214' title='bbox 409 2371 444 2396; x_wconf 85' lang='lat' dir='ltr'>et</span> <span class='ocrx_word' id='word_1_215' title='bbox 461 2368 567 2398; x_wconf 90' lang='lat' dir='ltr'>Fauni</span> <span class='ocrx_word' id='word_1_216' title='bbox 584 2378 682 2400; x_wconf 88' lang='lat' dir='ltr'>sacra</span> <span class='ocrx_word' id='word_1_217' title='bbox 699 2369 810 2402; x_wconf 86' lang='lat' dir='ltr'>bicor-</span> 
     </span>
     <span class='ocr_line' id='line_1_42' title="bbox 108 2414 808 2457; baseline 0.01 -13"><span class='ocrx_word' id='word_1_218' title='bbox 108 2414 158 2444; x_wconf 91' lang='lat' dir='ltr'>nis</span> <span class='ocrx_word' id='word_1_219' title='bbox 189 2415 294 2446; x_wconf 87' lang='lat' dir='ltr'>eunt.’</span> <span class='ocrx_word' id='word_1_220' title='bbox 356 2416 448 2446; x_wconf 87' lang='lat' dir='ltr'>Nudi</span> <span class='ocrx_word' id='word_1_221' title='bbox 475 2417 603 2457; x_wconf 84' lang='lat' dir='ltr'>luperci</span> <span class='ocrx_word' id='word_1_222' title='bbox 639 2418 808 2450; x_wconf 88' lang='lat' dir='ltr'>discurre-</span> 
     </span>
     <span class='ocr_line' id='line_1_43' title="bbox 111 2464 810 2508; baseline 0.007 -13"><span class='ocrx_word' id='word_1_223' title='bbox 111 2464 206 2504; x_wconf 85' lang='lat' dir='ltr'>bant,</span> <span class='ocrx_word' id='word_1_224' title='bbox 222 2465 310 2505; x_wconf 89' lang='lat' dir='ltr'>pelle</span> <span class='ocrx_word' id='word_1_225' title='bbox 330 2465 478 2506; x_wconf 88' lang='lat' dir='ltr'>Caprina</span> <span class='ocrx_word' id='word_1_226' title='bbox 496 2471 608 2498; x_wconf 85' lang='lat' dir='ltr'>tamen</span> <span class='ocrx_word' id='word_1_227' title='bbox 627 2469 756 2508; x_wconf 83' lang='lat' dir='ltr'>amicti,</span> <span class='ocrx_word' id='word_1_228' title='bbox 773 2475 810 2500; x_wconf 87' lang='lat' dir='ltr'>ut</span> 
     </span>
     <span class='ocr_line' id='line_1_44' title="bbox 111 2516 808 2558; baseline 0.004 -12"><span class='ocrx_word' id='word_1_229' title='bbox 111 2521 148 2547; x_wconf 89' lang='lat' dir='ltr'>et</span> <span class='ocrx_word' id='word_1_230' title='bbox 164 2516 271 2556; x_wconf 86' lang='lat' dir='ltr'>ipsius</span> <span class='ocrx_word' id='word_1_231' title='bbox 290 2516 354 2547; x_wconf 92' lang='lat' dir='ltr'>Dei</span> <span class='ocrx_word' id='word_1_232' title='bbox 371 2517 600 2556; x_wconf 84' lang='lat' dir='ltr'>simulacrum,</span> <span class='ocrx_word' id='word_1_233' title='bbox 614 2522 650 2549; x_wconf 85' lang='lat' dir='ltr'>et</span> <span class='ocrx_word' id='word_1_234' title='bbox 667 2527 727 2558; x_wconf 89' lang='lat' dir='ltr'>per</span> <span class='ocrx_word' id='word_1_235' title='bbox 743 2519 808 2550; x_wconf 83' lang='lat' dir='ltr'>las-</span> 
     </span>
     <span class='ocr_line' id='line_1_45' title="bbox 109 2567 809 2608; baseline 0.004 -11"><span class='ocrx_word' id='word_1_236' title='bbox 109 2567 231 2597; x_wconf 87' lang='lat' dir='ltr'>civiam</span> <span class='ocrx_word' id='word_1_237' title='bbox 256 2567 487 2598; x_wconf 79' lang='lat' dir='ltr'>discurrentes</span> <span class='ocrx_word' id='word_1_238' title='bbox 516 2567 660 2608; x_wconf 87' lang='lat' dir='ltr'>pellibus</span> <span class='ocrx_word' id='word_1_239' title='bbox 698 2569 809 2601; x_wconf 81' lang='lat' dir='ltr'>eaede-</span> 
     </span>
     <span class='ocr_line' id='line_1_46' title="bbox 111 2615 807 2659; baseline 0.003 -12"><span class='ocrx_word' id='word_1_240' title='bbox 111 2616 192 2647; x_wconf 86' lang='lat' dir='ltr'>bant</span> <span class='ocrx_word' id='word_1_241' title='bbox 209 2615 337 2648; x_wconf 80' lang='lat' dir='ltr'>obvios,</span> <span class='ocrx_word' id='word_1_242' title='bbox 383 2617 482 2649; x_wconf 90' lang='lat' dir='ltr'>Unde</span> <span class='ocrx_word' id='word_1_243' title='bbox 500 2627 518 2648; x_wconf 88' lang='lat' dir='ltr'>a</span> <span class='ocrx_word' id='word_1_244' title='bbox 544 2618 680 2658; x_wconf 84' lang='lat' dir='ltr'>pellium</span> <span class='ocrx_word' id='word_1_245' title='bbox 699 2619 807 2659; x_wconf 83' lang='lat' dir='ltr'>crepi-</span> 
     </span>
     <span class='ocr_line' id='line_1_47' title="bbox 112 2667 594 2706; baseline 0.002 -9"><span class='ocrx_word' id='word_1_246' title='bbox 112 2671 161 2701; x_wconf 83' lang='lat' dir='ltr'>tu,</span> <span class='ocrx_word' id='word_1_247' title='bbox 177 2667 259 2706; x_wconf 82' lang='lat' dir='ltr'>crepi</span> <span class='ocrx_word' id='word_1_248' title='bbox 277 2672 355 2697; x_wconf 88' lang='lat' dir='ltr'>sunt</span> <span class='ocrx_word' id='word_1_249' title='bbox 373 2667 465 2699; x_wconf 88' lang='lat' dir='ltr'>dicti.</span> <span class='ocrx_word' id='word_1_250' title='bbox 498 2668 594 2698; x_wconf 82' lang='lat' dir='ltr'>Idem.</span> 
     </span>
    </p>

    <p class='ocr_par' dir='ltr' id='par_1_21' title="bbox 156 2718 750 2757">
     <span class='ocr_line' id='line_1_48' title="bbox 156 2718 750 2757; baseline 0.005 -11"><span class='ocrx_word' id='word_1_251' title='bbox 156 2722 170 2736; x_wconf 80' lang='lat'>¹¹</span> <span class='ocrx_word' id='word_1_252' title='bbox 198 2718 337 2757; x_wconf 79' lang='lat' dir='ltr'>Cretere]</span> <span class='ocrx_word' id='word_1_253' title='bbox 361 2719 450 2749; x_wconf 84' lang='lat' dir='ltr'>Vide</span> <span class='ocrx_word' id='word_1_254' title='bbox 469 2720 627 2750; x_wconf 85' lang='lat' dir='ltr'>Nonium.</span> <span class='ocrx_word' id='word_1_255' title='bbox 654 2719 750 2751; x_wconf 83' lang='lat' dir='ltr'>Idem.</span> 
     </span>
    </p>

    <p class='ocr_par' dir='ltr' id='par_1_22' title="bbox 200 2770 550 2811">
     <span class='ocr_line' id='line_1_49' title="bbox 200 2770 550 2811; baseline 0.011 -10"><span class='ocrx_word' id='word_1_256' title='bbox 200 2770 312 2811; x_wconf 70' lang='lat' dir='ltr'>Daph.</span> <span class='ocrx_word' id='word_1_257' title='bbox 328 2776 357 2803; x_wconf 81' lang='lat' dir='ltr'>et</span> <span class='ocrx_word' id='word_1_258' title='bbox 378 2772 451 2803; x_wconf 76' lang='lat' dir='ltr'>Var.</span> <span class='ocrx_word' id='word_1_259' title='bbox 466 2773 550 2805; x_wconf 70' lang='lat' dir='ltr'>Clas.</span> 
     </span>
    </p>
   </div>
   <div class='ocr_carea' id='block_1_19' title="bbox 860 1363 1565 2752">
    <p class='ocr_par' dir='ltr' id='par_1_23' title="bbox 860 1363 1564 1707">
     <span class='ocr_line' id='line_1_50' title="bbox 905 1363 1563 1406; baseline 0.003 -12"><span class='ocrx_word' id='word_1_260' title='bbox 905 1368 918 1383; x_wconf 86' lang='lat'>⁰</span> <span class='ocrx_word' id='word_1_261' title='bbox 950 1363 1060 1404; x_wconf 78' lang='lat' dir='ltr'>Crevi]</span> <span class='ocrx_word' id='word_1_262' title='bbox 1101 1365 1179 1395; x_wconf 91' lang='lat' dir='ltr'>Non</span> <span class='ocrx_word' id='word_1_263' title='bbox 1219 1364 1354 1406; x_wconf 81' lang='lat' dir='ltr'>proprie</span> <span class='ocrx_word' id='word_1_264' title='bbox 1393 1364 1563 1405; x_wconf 85' lang='lat' dir='ltr'>significat</span> 
     </span>
     <span class='ocr_line' id='line_1_51' title="bbox 861 1414 1561 1447; baseline 0.001 -2"><span class='ocrx_word' id='word_1_265' title='bbox 861 1415 1111 1446; x_wconf 79' lang='lat' dir='ltr'>‘hereditatem</span> <span class='ocrx_word' id='word_1_266' title='bbox 1141 1414 1244 1446; x_wconf 82' lang='lat' dir='ltr'>adii:’</span> <span class='ocrx_word' id='word_1_267' title='bbox 1281 1414 1339 1446; x_wconf 85' lang='lat' dir='ltr'>sed</span> <span class='ocrx_word' id='word_1_268' title='bbox 1371 1416 1561 1447; x_wconf 84' lang='lat' dir='ltr'>cretionem</span> 
     </span>
     <span class='ocr_line' id='line_1_52' title="bbox 861 1465 1564 1508; baseline 0 -12"><span class='ocrx_word' id='word_1_269' title='bbox 861 1465 967 1497; x_wconf 86' lang='lat' dir='ltr'>aditio</span> <span class='ocrx_word' id='word_1_270' title='bbox 983 1466 1187 1497; x_wconf 86' lang='lat' dir='ltr'>hereditatis</span> <span class='ocrx_word' id='word_1_271' title='bbox 1211 1466 1327 1497; x_wconf 88' lang='lat' dir='ltr'>statim</span> <span class='ocrx_word' id='word_1_272' title='bbox 1344 1466 1564 1508; x_wconf 83' lang='lat' dir='ltr'>sequebatur.</span> 
     </span>
     <span class='ocr_line' id='line_1_53' title="bbox 860 1516 1561 1559; baseline 0.001 -13"><span class='ocrx_word' id='word_1_273' title='bbox 860 1516 969 1547; x_wconf 82' lang='lat' dir='ltr'>Vetus</span> <span class='ocrx_word' id='word_1_274' title='bbox 986 1516 1198 1547; x_wconf 79' lang='lat' dir='ltr'>Glossarium</span> <span class='ocrx_word' id='word_1_275' title='bbox 1217 1526 1225 1547; x_wconf 90' lang='lat'>:</span> <span class='ocrx_word' id='word_1_276' title='bbox 1253 1521 1261 1534; x_wconf 82' lang='lat'>‘</span> <span class='ocrx_word' id='word_1_277' title='bbox 1275 1517 1498 1559; x_wconf 85' lang='lat' dir='ltr'>Cernitoque,</span> <span class='ocrx_word' id='word_1_278' title='bbox 1512 1518 1561 1548; x_wconf 77' lang='grc' dir='ltr'>καὶ</span> 
     </span>
     <span class='ocr_line' id='line_1_54' title="bbox 861 1566 1562 1607; baseline 0.003 -11"><span class='ocrx_word' id='word_1_279' title='bbox 861 1566 1104 1607; x_wconf 79' lang='grc' dir='ltr'>ἐγχειρησοὶτω.’</span> <span class='ocrx_word' id='word_1_280' title='bbox 1157 1567 1212 1598; x_wconf 84' lang='lat' dir='ltr'>Ita</span> <span class='ocrx_word' id='word_1_281' title='bbox 1250 1568 1339 1598; x_wconf 88' lang='lat' dir='ltr'>enim</span> <span class='ocrx_word' id='word_1_282' title='bbox 1379 1568 1562 1607; x_wconf 85' lang='lat' dir='ltr'>legendum</span> 
     </span>
     <span class='ocr_line' id='line_1_55' title="bbox 862 1617 1563 1657; baseline 0.001 -10"><span class='ocrx_word' id='word_1_283' title='bbox 862 1623 925 1648; x_wconf 85' lang='lat' dir='ltr'>est.</span> <span class='ocrx_word' id='word_1_284' title='bbox 969 1618 1073 1649; x_wconf 77' lang='lat' dir='ltr'>Quasi</span> <span class='ocrx_word' id='word_1_285' title='bbox 1109 1617 1254 1655; x_wconf 88' lang='lat' dir='ltr'>diceret,</span> <span class='ocrx_word' id='word_1_286' title='bbox 1280 1622 1318 1648; x_wconf 89' lang='lat' dir='ltr'>nt</span> <span class='ocrx_word' id='word_1_287' title='bbox 1351 1627 1424 1648; x_wconf 90' lang='lat' dir='ltr'>eam</span> <span class='ocrx_word' id='word_1_288' title='bbox 1455 1618 1563 1657; x_wconf 87' lang='lat' dir='ltr'>possit</span> 
     </span>
     <span class='ocr_line' id='line_1_56' title="bbox 863 1666 1542 1707; baseline 0 -10"><span class='ocrx_word' id='word_1_289' title='bbox 863 1666 980 1698; x_wconf 86' lang='lat' dir='ltr'>adire:</span> <span class='ocrx_word' id='word_1_290' title='bbox 1006 1671 1097 1707; x_wconf 86' lang='lat' dir='ltr'>agat,</span> <span class='ocrx_word' id='word_1_291' title='bbox 1115 1667 1345 1706; x_wconf 76' lang='lat' dir='ltr'>aggrediatur.</span> <span class='ocrx_word' id='word_1_292' title='bbox 1369 1667 1439 1698; x_wconf 84' lang='lat' dir='ltr'>Jos.</span> <span class='ocrx_word' id='word_1_293' title='bbox 1458 1666 1542 1698; x_wconf 84' lang='lat' dir='ltr'>Scal.</span> 
     </span>
    </p>

    <p class='ocr_par' dir='ltr' id='par_1_24' title="bbox 860 1715 1565 2305">
     <span class='ocr_line' id='line_1_57' title="bbox 908 1715 1562 1756; baseline 0.002 -10"><span class='ocrx_word' id='word_1_294' title='bbox 908 1717 1014 1755; x_wconf 79' lang='lat' dir='ltr'>Crevi,</span> <span class='ocrx_word' id='word_1_295' title='bbox 1050 1716 1255 1747; x_wconf 78' lang='lat' dir='ltr'>hereditatem</span> <span class='ocrx_word' id='word_1_296' title='bbox 1289 1715 1372 1756; x_wconf 77' lang='lat' dir='ltr'>adii]</span> <span class='ocrx_word' id='word_1_297' title='bbox 1411 1716 1562 1747; x_wconf 85' lang='lat' dir='ltr'>Cernere</span> 
     </span>
     <span class='ocr_line' id='line_1_58' title="bbox 862 1766 1563 1808; baseline 0.001 -11"><span class='ocrx_word' id='word_1_298' title='bbox 862 1766 1088 1797; x_wconf 83' lang='lat' dir='ltr'>hereditatem</span> <span class='ocrx_word' id='word_1_299' title='bbox 1123 1776 1190 1797; x_wconf 87' lang='lat' dir='ltr'>non</span> <span class='ocrx_word' id='word_1_300' title='bbox 1221 1768 1361 1808; x_wconf 86' lang='lat' dir='ltr'>proprie</span> <span class='ocrx_word' id='word_1_301' title='bbox 1393 1767 1563 1807; x_wconf 84' lang='lat' dir='ltr'>significat</span> 
     </span>
     <span class='ocr_line' id='line_1_59' title="bbox 860 1817 1561 1856; baseline 0.001 -8"><span class='ocrx_word' id='word_1_302' title='bbox 860 1817 1088 1848; x_wconf 82' lang='lat' dir='ltr'>hereditatem</span> <span class='ocrx_word' id='word_1_303' title='bbox 1112 1817 1221 1854; x_wconf 85' lang='lat' dir='ltr'>adire,</span> <span class='ocrx_word' id='word_1_304' title='bbox 1246 1817 1305 1848; x_wconf 88' lang='lat' dir='ltr'>sed</span> <span class='ocrx_word' id='word_1_305' title='bbox 1332 1817 1460 1856; x_wconf 81' lang='lat' dir='ltr'>videre,</span> <span class='ocrx_word' id='word_1_306' title='bbox 1489 1827 1561 1849; x_wconf 89' lang='lat' dir='ltr'>cer-</span> 
     </span>
     <span class='ocr_line' id='line_1_60' title="bbox 860 1867 1562 1907; baseline 0 -9"><span class='ocrx_word' id='word_1_307' title='bbox 860 1877 954 1903; x_wconf 86' lang='lat' dir='ltr'>nere.¹</span> <span class='ocrx_word' id='word_1_308' title='bbox 970 1877 1009 1898; x_wconf 87' lang='lat' dir='ltr'>an</span> <span class='ocrx_word' id='word_1_309' title='bbox 1028 1867 1117 1898; x_wconf 86' lang='lat' dir='ltr'>illam</span> <span class='ocrx_word' id='word_1_310' title='bbox 1146 1867 1310 1907; x_wconf 88' lang='lat' dir='ltr'>expediat</span> <span class='ocrx_word' id='word_1_311' title='bbox 1327 1868 1422 1898; x_wconf 88' lang='lat' dir='ltr'>adire</span> <span class='ocrx_word' id='word_1_312' title='bbox 1440 1877 1562 1898; x_wconf 82' lang='lat' dir='ltr'>necne.</span> 
     </span>
     <span class='ocr_line' id='line_1_61' title="bbox 861 1917 1565 1949; baseline 0.001 -1"><span class='ocrx_word' id='word_1_313' title='bbox 861 1917 961 1949; x_wconf 89' lang='lat' dir='ltr'>Unde</span> <span class='ocrx_word' id='word_1_314' title='bbox 985 1918 1082 1949; x_wconf 77' lang='lat' dir='ltr'>cretio</span> <span class='ocrx_word' id='word_1_315' title='bbox 1100 1917 1280 1949; x_wconf 89' lang='lat' dir='ltr'>dicebatur</span> <span class='ocrx_word' id='word_1_316' title='bbox 1307 1923 1476 1949; x_wconf 84' lang='lat' dir='ltr'>certorum</span> <span class='ocrx_word' id='word_1_317' title='bbox 1494 1918 1565 1949; x_wconf 91' lang='lat' dir='ltr'>die-</span> 
     </span>
     <span class='ocr_line' id='line_1_62' title="bbox 861 1968 1563 2009; baseline 0.001 -11"><span class='ocrx_word' id='word_1_318' title='bbox 861 1978 933 1999; x_wconf 89' lang='lat' dir='ltr'>rum</span> <span class='ocrx_word' id='word_1_319' title='bbox 960 1968 1120 2008; x_wconf 88' lang='lat' dir='ltr'>spatium,</span> <span class='ocrx_word' id='word_1_320' title='bbox 1147 1968 1235 2009; x_wconf 88' lang='lat' dir='ltr'>quod</span> <span class='ocrx_word' id='word_1_321' title='bbox 1261 1969 1417 2000; x_wconf 86' lang='lat' dir='ltr'>instituto</span> <span class='ocrx_word' id='word_1_322' title='bbox 1447 1969 1563 2000; x_wconf 89' lang='lat' dir='ltr'>heredi</span> 
     </span>
     <span class='ocr_line' id='line_1_63' title="bbox 861 2018 1562 2051; baseline 0.001 -2"><span class='ocrx_word' id='word_1_323' title='bbox 861 2018 1008 2049; x_wconf 85' lang='lat' dir='ltr'>dabatur</span> <span class='ocrx_word' id='word_1_324' title='bbox 1030 2018 1071 2050; x_wconf 88' lang='lat' dir='ltr'>ad</span> <span class='ocrx_word' id='word_1_325' title='bbox 1099 2019 1356 2050; x_wconf 85' lang='lat' dir='ltr'>deliberandum</span> <span class='ocrx_word' id='word_1_326' title='bbox 1377 2025 1489 2051; x_wconf 87' lang='lat' dir='ltr'>utrum</span> <span class='ocrx_word' id='word_1_327' title='bbox 1507 2020 1562 2050; x_wconf 87' lang='lat' dir='ltr'>he-</span> 
     </span>
     <span class='ocr_line' id='line_1_64' title="bbox 860 2069 1562 2108; baseline 0 -8"><span class='ocrx_word' id='word_1_328' title='bbox 860 2069 1041 2100; x_wconf 82' lang='lat' dir='ltr'>reditatem</span> <span class='ocrx_word' id='word_1_329' title='bbox 1065 2069 1160 2100; x_wconf 86' lang='lat' dir='ltr'>adire</span> <span class='ocrx_word' id='word_1_330' title='bbox 1191 2070 1307 2108; x_wconf 86' lang='lat' dir='ltr'>vellet,</span> <span class='ocrx_word' id='word_1_331' title='bbox 1339 2074 1375 2100; x_wconf 88' lang='lat' dir='ltr'>et</span> <span class='ocrx_word' id='word_1_332' title='bbox 1408 2069 1562 2100; x_wconf 83' lang='lat' dir='ltr'>formulae</span> 
     </span>
     <span class='ocr_line' id='line_1_65' title="bbox 861 2119 1563 2160; baseline 0 -11"><span class='ocrx_word' id='word_1_333' title='bbox 861 2124 1068 2160; x_wconf 84' lang='lat' dir='ltr'>comparatae</span> <span class='ocrx_word' id='word_1_334' title='bbox 1087 2120 1127 2150; x_wconf 87' lang='lat' dir='ltr'>ad</span> <span class='ocrx_word' id='word_1_335' title='bbox 1152 2119 1336 2151; x_wconf 86' lang='lat' dir='ltr'>cretionem</span> <span class='ocrx_word' id='word_1_336' title='bbox 1354 2123 1454 2150; x_wconf 86' lang='lat' dir='ltr'>erant</span> <span class='ocrx_word' id='word_1_337' title='bbox 1473 2119 1563 2158; x_wconf 88' lang='lat' dir='ltr'>ejus-</span> 
     </span>
     <span class='ocr_line' id='line_1_66' title="bbox 865 2170 1563 2209; baseline -0.001 -8"><span class='ocrx_word' id='word_1_338' title='bbox 865 2170 976 2201; x_wconf 88' lang='lat' dir='ltr'>modi:</span> <span class='ocrx_word' id='word_1_339' title='bbox 1002 2172 1011 2188; x_wconf 90' lang='lat'>‘</span> <span class='ocrx_word' id='word_1_340' title='bbox 1025 2171 1133 2201; x_wconf 86' lang='lat' dir='ltr'>Titius</span> <span class='ocrx_word' id='word_1_341' title='bbox 1154 2171 1253 2201; x_wconf 86' lang='lat' dir='ltr'>heres</span> <span class='ocrx_word' id='word_1_342' title='bbox 1277 2179 1370 2201; x_wconf 81' lang='lat' dir='ltr'>meus</span> <span class='ocrx_word' id='word_1_343' title='bbox 1388 2174 1474 2209; x_wconf 90' lang='lat' dir='ltr'>esto,</span> <span class='ocrx_word' id='word_1_344' title='bbox 1489 2179 1563 2200; x_wconf 85' lang='lat' dir='ltr'>eer-</span> 
     </span>
     <span class='ocr_line' id='line_1_67' title="bbox 865 2219 1559 2261; baseline -0.001 -11"><span class='ocrx_word' id='word_1_345' title='bbox 865 2220 1002 2261; x_wconf 83' lang='lat' dir='ltr'>nitoque</span> <span class='ocrx_word' id='word_1_346' title='bbox 1029 2221 1061 2251; x_wconf 91' lang='lat' dir='ltr'>in</span> <span class='ocrx_word' id='word_1_347' title='bbox 1080 2220 1200 2251; x_wconf 83' lang='lat' dir='ltr'>diebus</span> <span class='ocrx_word' id='word_1_348' title='bbox 1216 2226 1352 2251; x_wconf 80' lang='lat' dir='ltr'>centum</span> <span class='ocrx_word' id='word_1_349' title='bbox 1377 2219 1559 2259; x_wconf 80' lang='lat' dir='ltr'>proximis:</span> 
     </span>
     <span class='ocr_line' id='line_1_68' title="bbox 866 2269 1530 2305; baseline -0.002 -4"><span class='ocrx_word' id='word_1_350' title='bbox 866 2270 927 2301; x_wconf 88' lang='lat' dir='ltr'>nisi</span> <span class='ocrx_word' id='word_1_351' title='bbox 946 2270 991 2301; x_wconf 86' lang='lat' dir='ltr'>ita</span> <span class='ocrx_word' id='word_1_352' title='bbox 1014 2270 1173 2305; x_wconf 86' lang='lat' dir='ltr'>creverit,</span> <span class='ocrx_word' id='word_1_353' title='bbox 1191 2279 1309 2301; x_wconf 83' lang='lat' dir='ltr'>exeres</span> <span class='ocrx_word' id='word_1_354' title='bbox 1326 2269 1424 2300; x_wconf 68' lang='lat' dir='ltr'>esto!</span> <span class='ocrx_word' id='word_1_355' title='bbox 1449 2269 1530 2300; x_wconf 75' lang='lat' dir='ltr'>Dae.</span> 
     </span>
    </p>

    <p class='ocr_par' dir='ltr' id='par_1_25' title="bbox 864 2318 1563 2451">
     <span class='ocr_line' id='line_1_69' title="bbox 906 2318 1562 2358; baseline -0.002 -7"><span class='ocrx_word' id='word_1_356' title='bbox 906 2326 921 2346; x_wconf 80' lang='grc' dir='ltr'><strong>Ρ</strong></span> <span class='ocrx_word' id='word_1_357' title='bbox 946 2321 1040 2351; x_wconf 84' lang='lat' dir='ltr'>Modo</span> <span class='ocrx_word' id='word_1_358' title='bbox 1070 2320 1167 2358; x_wconf 78' lang='lat' dir='ltr'>major</span> <span class='ocrx_word' id='word_1_359' title='bbox 1196 2323 1299 2354; x_wconf 76' lang='lat' dir='ltr'>oetate,</span> <span class='ocrx_word' id='word_1_360' title='bbox 1332 2320 1378 2350; x_wconf 84' lang='lat' dir='ltr'>vel</span> <span class='ocrx_word' id='word_1_361' title='bbox 1400 2318 1505 2358; x_wconf 81' lang='lat' dir='ltr'>censu]</span> <span class='ocrx_word' id='word_1_362' title='bbox 1532 2318 1562 2350; x_wconf 93' lang='lat' dir='ltr'><strong>A</strong></span> 
     </span>
     <span class='ocr_line' id='line_1_70' title="bbox 864 2368 1563 2410; baseline -0.003 -9"><span class='ocrx_word' id='word_1_363' title='bbox 864 2371 967 2401; x_wconf 87' lang='lat' dir='ltr'>verbo</span> <span class='ocrx_word' id='word_1_364' title='bbox 984 2380 1084 2401; x_wconf 81' lang='lat' dir='ltr'>cresco</span> <span class='ocrx_word' id='word_1_365' title='bbox 1110 2370 1198 2410; x_wconf 91' lang='lat' dir='ltr'>quod</span> <span class='ocrx_word' id='word_1_366' title='bbox 1215 2379 1234 2400; x_wconf 88' lang='lat' dir='ltr'>a</span> <span class='ocrx_word' id='word_1_367' title='bbox 1252 2368 1395 2410; x_wconf 83' lang='grc' dir='ltr'>κραίνειν,</span> <span class='ocrx_word' id='word_1_368' title='bbox 1411 2370 1563 2410; x_wconf 82' lang='lat' dir='ltr'>implere,</span> 
     </span>
     <span class='ocr_line' id='line_1_71' title="bbox 864 2421 1166 2451; baseline 0 0"><span class='ocrx_word' id='word_1_369' title='bbox 864 2421 1050 2451; x_wconf 83' lang='lat' dir='ltr'>absolvere.</span> <span class='ocrx_word' id='word_1_370' title='bbox 1068 2421 1166 2451; x_wconf 83' lang='lat' dir='ltr'>Idem.</span> 
     </span>
    </p>

    <p class='ocr_par' dir='ltr' id='par_1_26' title="bbox 862 2469 1563 2652">
     <span class='ocr_line' id='line_1_72' title="bbox 906 2469 1562 2509; baseline 0.002 -10"><span class='ocrx_word' id='word_1_371' title='bbox 906 2476 919 2495; x_wconf 61' lang='lat'>[³</span> <span class='ocrx_word' id='word_1_372' title='bbox 945 2470 1042 2500; x_wconf 86' lang='lat' dir='ltr'>Modo</span> <span class='ocrx_word' id='word_1_373' title='bbox 1061 2469 1220 2509; x_wconf 73' lang='lat' dir='ltr'>judicavi]</span> <span class='ocrx_word' id='word_1_374' title='bbox 1246 2470 1373 2501; x_wconf 86' lang='lat' dir='ltr'>Pacuv.</span> <span class='ocrx_word' id='word_1_375' title='bbox 1401 2470 1433 2500; x_wconf 90' lang='lat' dir='ltr'>in</span> <span class='ocrx_word' id='word_1_376' title='bbox 1451 2479 1562 2500; x_wconf 83' lang='lat' dir='ltr'>armo-</span> 
     </span>
     <span class='ocr_line' id='line_1_73' title="bbox 863 2520 1560 2561; baseline 0 -10"><span class='ocrx_word' id='word_1_377' title='bbox 863 2530 934 2551; x_wconf 90' lang='lat' dir='ltr'>rum</span> <span class='ocrx_word' id='word_1_378' title='bbox 956 2520 1111 2560; x_wconf 87' lang='lat' dir='ltr'>judicio:</span> <span class='ocrx_word' id='word_1_379' title='bbox 1138 2524 1146 2536; x_wconf 89' lang='lat'><em>‘</em></span> <span class='ocrx_word' id='word_1_380' title='bbox 1161 2521 1205 2551; x_wconf 89' lang='lat' dir='ltr'>Et</span> <span class='ocrx_word' id='word_1_381' title='bbox 1224 2530 1355 2561; x_wconf 84' lang='lat' dir='ltr'>aequum</span> <span class='ocrx_word' id='word_1_382' title='bbox 1377 2526 1412 2552; x_wconf 89' lang='lat' dir='ltr'>et</span> <span class='ocrx_word' id='word_1_383' title='bbox 1430 2525 1560 2551; x_wconf 84' lang='lat' dir='ltr'>rectum</span> 
     </span>
     <span class='ocr_line' id='line_1_74' title="bbox 862 2570 1563 2611; baseline -0.001 -10"><span class='ocrx_word' id='word_1_384' title='bbox 862 2577 915 2601; x_wconf 83' lang='lat' dir='ltr'>est</span> <span class='ocrx_word' id='word_1_385' title='bbox 943 2570 1032 2611; x_wconf 87' lang='lat' dir='ltr'>quod</span> <span class='ocrx_word' id='word_1_386' title='bbox 1068 2571 1233 2610; x_wconf 83' lang='lat' dir='ltr'>postulas,</span> <span class='ocrx_word' id='word_1_387' title='bbox 1255 2572 1363 2611; x_wconf 82' lang='lat' dir='ltr'>jurati</span> <span class='ocrx_word' id='word_1_388' title='bbox 1396 2570 1563 2603; x_wconf 86' lang='lat' dir='ltr'>cernant.&#39;</span> 
     </span>
     <span class='ocr_line' id='line_1_75' title="bbox 870 2622 967 2652; baseline -0.01 -1"><span class='ocrx_word' id='word_1_389' title='bbox 870 2622 967 2652; x_wconf 84' lang='lat' dir='ltr'>Idem.</span> 
     </span>
    </p>

    <p class='ocr_par' dir='ltr' id='par_1_27' title="bbox 863 2670 1561 2752">
     <span class='ocr_line' id='line_1_76' title="bbox 905 2670 1561 2711; baseline 0.002 -11"><span class='ocrx_word' id='word_1_390' title='bbox 905 2676 917 2690; x_wconf 56' lang='grc' dir='ltr'>Γ</span> <span class='ocrx_word' id='word_1_391' title='bbox 933 2671 1028 2701; x_wconf 83' lang='lat' dir='ltr'>Modo</span> <span class='ocrx_word' id='word_1_392' title='bbox 1043 2670 1153 2711; x_wconf 68' lang='lat' dir='ltr'>divisi]</span> <span class='ocrx_word' id='word_1_393' title='bbox 1169 2671 1268 2702; x_wconf 88' lang='lat' dir='ltr'>Unde</span> <span class='ocrx_word' id='word_1_394' title='bbox 1292 2671 1299 2686; x_wconf 56' lang='grc' dir='ltr'>ί</span> <span class='ocrx_word' id='word_1_395' title='bbox 1317 2671 1473 2709; x_wconf 81' lang='lat' dir='ltr'>increta,’</span> <span class='ocrx_word' id='word_1_396' title='bbox 1492 2672 1501 2687; x_wconf 86' lang='lat'>‘</span> <span class='ocrx_word' id='word_1_397' title='bbox 1513 2671 1561 2701; x_wconf 85' lang='lat' dir='ltr'>in-</span> 
     </span>
     <span class='ocr_line' id='line_1_77' title="bbox 863 2719 1414 2752; baseline 0.005 -4"><span class='ocrx_word' id='word_1_398' title='bbox 863 2719 992 2751; x_wconf 66' lang='lat' dir='ltr'>divisa!</span> <span class='ocrx_word' id='word_1_399' title='bbox 1024 2720 1111 2751; x_wconf 85' lang='lat' dir='ltr'>Vide</span> <span class='ocrx_word' id='word_1_400' title='bbox 1129 2730 1188 2751; x_wconf 73' lang='lat' dir='ltr'>suo</span> <span class='ocrx_word' id='word_1_401' title='bbox 1206 2721 1291 2752; x_wconf 81' lang='lat' dir='ltr'>loco.</span> <span class='ocrx_word' id='word_1_402' title='bbox 1318 2721 1414 2752; x_wconf 80' lang='lat' dir='ltr'>Idem.</span> 
     </span>
    </p>
   </div>
   <div class='ocr_carea' id='block_1_20' title="bbox 721 2774 1472 2813">
    <p class='ocr_par' dir='ltr' id='par_1_28' title="bbox 721 2774 1472 2813">
     <span class='ocr_line' id='line_1_78' title="bbox 721 2774 1472 2813; baseline 0.001 -9"><span class='ocrx_word' id='word_1_403' title='bbox 721 2774 827 2813; x_wconf 75' lang='lat' dir='ltr'>Pomp.</span> <span class='ocrx_word' id='word_1_404' title='bbox 850 2774 936 2804; x_wconf 71' lang='lat' dir='ltr'>Fesl.</span> <span class='ocrx_word' id='word_1_405' title='bbox 1443 2775 1472 2805; x_wconf 82' lang='lat' dir='ltr'>N</span> 
     </span>
    </p>
   </div>
  </div>
 </body>
</html>
