1835 2906
164 72 249 114 540
624 81 774 113 sssx‘rl
810 81 1013 112 POMPEu
1048 80 1186 112 FEsrr

224 180 453 234 Originum
493 179 609 221 libro
641 179 793 221 tertio:
837 182 1013 232 equos²
1049 176 1312 232 respondit:
1351 190 1479 219 oreas
1512 177 1618 219 mihi

220 249 336 299 inde,
358 248 439 290 tibi
468 261 582 302 cape
621 247 854 300 flagellum.
915 245 1088 287 Coelius
1120 258 1199 300 pro
1240 259 1287 286 se
1320 246 1442 300 apud
1475 259 1620 300 popu-

220 318 312 359 lum
336 331 345 356 :
382 330 614 371 equusque
635 316 743 358 mihi
766 317 847 357 sub
878 314 1332 368 foeminibusjoccisus
1354 319 1462 366 erat,
1489 327 1619 356 oreas

222 386 402 427 detraho
424 387 694 440 inspectante
716 385 857 426 Lucio
879 382 1106 425 Stertinio.

166 453 296 496 Oreae
318 454 443 504 freni,
465 453 581 509 quod
605 454 667 495 ori
695 454 951 501 inserantur,
973 450 1095 492 dicti.
1437 450 1618 504 [PAUL.

166 521 309 562 Oreus
337 521 470 563 Liber
498 525 641 577 pater,
674 524 716 561 et
748 519 977 561 OreadesP
1012 519 1221 575 nymphae
1245 532 1273 560 a
1293 518 1519 559 montibus
1541 532 1620 573 ap—

220 590 455 645 pellantur.

165 657 306 700 Oreos
327 659 461 700 Liber
479 660 617 712 pater,
630 661 672 699 et
693 657 887 700 Oreades
907 659 1112 715 nymphae
1132 656 1428 712 appellantur,
1454 655 1620 708 [FEsr.

221 727 341 782 quod
363 728 406 767 in
426 727 649 767 montibus
667 726 912 781 frequenter
932 732 1161 784 apparent.

164 794 296 845 Oriri,
313 797 456 851 nasci,
478 795 550 836 vel
572 808 765 850 surgere.
1439 792 1566 848 [PAU
1580 803 1619 833 L.

164 862 394 916 Originum
415 865 552 905 libros
570 864 689 918 quod
710 865 936 920 inscripsit
953 864 1088 918 Cat03
1110 879 1195 907 non
1213 864 1322 906 satis
1341 863 1433 917 ple-
1453 862 1619 916 [FEST.

219 945 324 973 num
355 932 530 973 titulum
560 933 780 987 propositi
813 935 883 975 sui
912 934 1083 975 videtur
1123 934 1394 988 amplexus:
1445 929 1620 986 quando

217 1007 497 1054 praegravant
528 1014 597 1052 ea,
628 1015 728 1057 quae
768 1007 865 1044 sunt
904 992 1050 1045 rerum
1086 1007 1304 1056 gestarum
1335 999 1492 1055 populi
1526 998 1620 1041 Ro-

220 1082 354 1110 mam.

163 1136 202 1177 O
220 1142 252 1177 q.
370 1169 380 1179 .
504 1172 513 1180 .
637 1171 647 1180 .
767 1172 776 1181 .
894 1145 1088 1194 quantae.

163 1272 355 1316 Ornatus
390 1275 564 1327 dicitur,
599 1282 645 1317 et
679 1275 814 1317 bonis
851 1277 1021 1318 artibus
1063 1278 1319 1325 instructus,
1359 1277 1402 1315 et
1432 1274 1620 1314 honores

218 1342 407 1398 adeptus
431 1357 458 1385 a
477 1346 661 1399 populo,
682 1349 725 1386 et
744 1345 855 1385 bene
877 1350 1027 1399 aptus,
1048 1349 1097 1385 ut
1116 1344 1259 1393 miles,
1285 1346 1362 1384 aut
1382 1341 1620 1395 gladiator,

217 1413 260 1451 et
300 1415 478 1454 acturus
510 1412 712 1455 fabulas:
744 1416 877 1467 atque
907 1414 1037 1454 etiam
1069 1416 1250 1454 ornatus
1282 1411 1444 1452 dicitur
1474 1409 1619 1451 cultus

216 1479 314 1532 ipse
335 1493 421 1533 quo
442 1480 546 1534 quis
579 1485 770 1530 ornatur,
802 1485 853 1522 ut
886 1494 988 1523 cum
1009 1481 1198 1522 dicimus
1220 1480 1414 1534 aliquem
1435 1477 1621 1531 tragico,

216 1548 287 1588 vel
310 1549 480 1590 comico
501 1554 659 1590 ornatu
687 1549 874 1603 prodire.

161 1615 356 1657 Ornatus
379 1616 553 1668 dicitur,
576 1622 619 1659 et
648 1619 777 1659 bonis
801 1619 968 1660 artibus
989 1618 1245 1668 instructus,
1266 1616 1403 1658 etho·
1439 1615 1619 1669 [PAUL.

216 1698 348 1726 nores
371 1685 577 1739 adeptus.
636 1685 993 1741 Appellaturquo
1016 1690 1211 1737 ornatus,
1231 1686 1377 1728 cultus
1398 1685 1512 1739 ipse,
1530 1694 1618 1737 quo

217 1754 319 1806 quis
342 1758 530 1794 ornatur.

161 1819 361 1875 Ortygia,
380 1822 520 1864 Delos
541 1822 702 1864 insula.

776 1954 1017 1967 eeeeeeeeeeee

200 2056 220 2084 2
244 2052 306 2085 Vir
322 2054 416 2087 doct.
431 2055 464 2086 in
482 2065 589 2099 marg.
608 2056 761 2098 ejusdem
782 2057 838 2090 ed.
856 2058 946 2099 conj.
963 2067 1068 2098 equus.

822 2196 963 2230 NOTAE

158 2279 262 2320 Equos
277 2285 448 2324 respondit,
469 2286 522 2324 &a
547 2290 600 2316 est
619 2284 708 2316 enim
725 2283 861 2316 notissi-
915 2283 1012 2325 plura
1027 2281 1231 2314 notabimus.
1281 2280 1323 2312 In
1340 2278 1474 2312 schedis
1494 2278 1619 2320 legitur

156 2338 229 2360 mus
257 2333 434 2373 apologus,
463 2335 519 2375 qui
546 2340 600 2366 est
627 2334 716 2375 apud
749 2334 861 2365 Hora·
915 2334 1033 2374 etiam,
1067 2331 1291 2364 ‘Orestiades
1321 2330 1478 2373 nymphae
1496 2329 1620 2361 monti-

157 2380 258 2412 tium:
285 2386 293 2399 ¹
308 2383 436 2415 Cervus
450 2395 571 2426 equom
591 2394 704 2426 pugna
718 2380 861 2416 melior!
916 2394 970 2416 um
981 2382 1169 2416 cultrices.’
1207 2383 1296 2414 Vide
1314 2381 1466 2423 Hesych.
1478 2380 1617 2421 Ὀρεστι-

156 2429 196 2461 In
220 2432 413 2465 testimonio
445 2436 544 2467 Coelii
574 2436 650 2476 lege
674 2446 779 2477 equus,
794 2435 858 2476 qui.
915 2434 996 2466 άδες.
1021 2436 1120 2466 Idem.

155 2481 246 2514 Dac-
957 2491 972 2512 ⁴1
1000 2487 1029 2516 0
1042 2509 1049 2517 .
1066 2508 1074 2516 .
1089 2506 1115 2516 ..
1129 2483 1163 2524 .]
1186 2483 1271 2515 Haec
1289 2482 1367 2514 mihi
1388 2482 1502 2523 ignota
1518 2485 1618 2512 sunt:

194 2536 209 2558 ἱ)
222 2532 323 2563 Oreus
336 2538 365 2565 et
379 2535 532 2576 Oreades]
544 2536 678 2577 Ὄρειος,
692 2534 860 2578 Ὀρειάδες,
914 2547 979 2568 nou
996 2546 1071 2567 esse
1089 2540 1204 2567 tamen
1220 2534 1319 2575 hujus
1338 2534 1404 2564 loci
1428 2538 1504 2563 tuto
1526 2531 1617 2563 affir-

157 2580 216 2612 ἀπὸ
231 2583 288 2613 τοῦ
303 2582 399 2624 ὄρεος,
412 2586 420 2602 ‘
437 2595 455 2616 a
469 2588 608 2619 monte.¹
632 2587 717 2619 Inde
735 2587 858 2619 Horat.
914 2597 1008 2618 mare
1026 2596 1126 2628 posse
1143 2585 1273 2625 videor,
1287 2589 1321 2616 et
1333 2584 1373 2615 ad
1389 2582 1616 2622 fragmentum

157 2633 227 2665 Od.
248 2637 299 2666 19.
315 2635 372 2665 lib.
390 2644 431 2666 11.
454 2635 463 2652 ‘
480 2637 652 2669 Bacchum
669 2639 702 2669 in
720 2639 859 2669 remotis
914 2639 997 2670 illud
1022 2639 1207 2678 pertinere,
1230 2635 1317 2677 quod
1334 2638 1409 2676 post
1427 2634 1511 2664 Orca
1527 2633 1616 2675 posi·

156 2684 306 2717 carmina
320 2685 457 2727 rupibus
469 2686 549 2718 Vidi
561 2688 767 2721 docentem!
793 2688 860 2720 Ubi
916 2695 987 2721 tum
1005 2694 1067 2726 est,
1084 2711 1091 2720 .
1103 2712 1111 2721 .
1125 2710 1151 2719 ..
1167 2710 1191 2719 ..
1206 2687 1295 2719 muloe
1305 2689 1399 2717 antoe.
1422 2683 1531 2716 Idem.
