1835 2906
206 433 467 512 SEX.
546 429 1113 509 POMPEII
1198 430 1540 506 FESTI

847 619 910 649 DE

157 763 715 822 VERBORUM
769 757 1602 821 SIGNIFICATIONE

698 929 763 976 LI
772 928 916 978 BER

971 928 1062 975 VI.

160 1247 199 1293 F
202 1267 230 1295 A
240 1266 337 1296 ΒΑΜ
355 1261 369 1277 ⁸
390 1268 466 1296 nec
486 1258 661 1307 tangere
683 1266 762 1294 nec
782 1253 1004 1293 nominare
1023 1250 1144 1291 Diali
1166 1250 1329 1290 flamini
1346 1249 1465 1297 licet,
1483 1245 1603 1300 quod.

214 1336 266 1364 ea
298 1327 470 1376 putatur
500 1322 555 1363 ad
587 1326 786 1362 mortuos
811 1320 1036 1374 pertinere.

1097 1318 1217 1359 Nam
1248 1320 1291 1358 et
1321 1315 1603 1357 lemuralibus

206 1391 367 1444 jacitur
397 1391 544 1440 larvis,
568 1395 613 1430 et
640 1388 940 1443 parentalibus
972 1386 1200 1427 adhibetur
1232 1383 1475 1433 sacrificiis,
1497 1386 1539 1423 et
1561 1381 1605 1421 in

213 1459 320 1499 flore
338 1458 434 1512 ejus
455 1459 604 1499 luctus
624 1458 765 1498 literae
785 1467 994 1510 apparere
1015 1454 1225 1494 videntur.

160 1526 349 1568 Fabiani
365 1526 380 1548 ὓ
411 1531 454 1567 et
478 1525 740 1576 Quintiliani
760 1523 1097 1577 appellabantur
1126 1520 1320 1574 Luperci
1348 1532 1375 1559 a
1396 1516 1536 1559 Fabio
1562 1519 1605 1556 et

216 1593 432 1644 Quintilio
455 1593 706 1648 praepositis
729 1592 842 1632 suis.

806 1699 947 1731 NOTAE

200 1783 214 1798 '¹¹
238 1778 370 1818 Fabam]
393 1777 476 1809 Vide
491 1777 638 1809 Gellium
652 1776 711 1807 lib.
731 1785 855 1816 x.cap.

160 1832 210 1859 15.
236 1829 286 1859 De
297 1828 381 1859 fabis
394 1826 854 1869 quaslemuribusjaciebant

155 1879 189 1910 in
215 1888 330 1910 eorum
359 1879 475 1915 sacris
489 1878 597 1908 Varro
619 1877 661 1907 (le
679 1878 747 1907 vita
765 1876 853 1916 Pop.

157 1928 255 1959 Rom.
284 1928 380 1961 lib.1.
404 1929 413 1945 ⁴
431 1927 561 1960 Quibus
588 1926 794 1967 temporibus
819 1927 851 1957 in

156 1978 259 2009 saeris
275 1977 384 2009 sabam
394 1978 528 2019 jactant
550 1982 664 2012 noctu,
681 1987 719 2008 ac
736 1977 852 2008 dicunt

155 2038 189 2059 se
203 2028 347 2058 lemures
365 2028 463 2059 domo
485 2032 582 2059 extra
597 2028 736 2068 januam
753 2027 853 2067 ejice-

156 2078 217 2109 re.’
261 2078 376 2109 Ritnm
404 2083 523 2118 aperte
550 2076 649 2108 docet
668 2077 772 2108 Ovid.
796 2077 851 2107 lib.

157 2136 191 2158 v.
220 2128 313 2159 Fast.
336 2132 344 2145 ‘
362 2128 423 2159 Ille
449 2137 574 2158 memor
601 2128 725 2158 veteris
757 2127 853 2166 ritus,

156 2179 359 2221 timidusque
384 2179 535 2210 Deorum
557 2178 697 2219 Surgit:
728 2178 853 2209 liabent

155 2230 278 2268 gemini
304 2229 436 2261 vincula
458 2229 548 2260 nulla
570 2228 674 2270 pedes
694 2239 699 2257 :
730 2228 851 2268 Signa-

156 2288 221 2319 que
251 2279 310 2310 dat
337 2280 450 2320 digitis
480 2279 591 2311 medio
617 2289 692 2310 cum
730 2278 850 2319 pollice

148 2329 291 2369 junctis,
309 2329 477 2360 Occurrat
500 2330 603 2364 tacito
620 2340 661 2361 ne
678 2330 761 2361 levis
780 2339 850 2360 um-

156 2378 216 2408 bra
233 2378 294 2409 sibi
310 2389 316 2407 :
341 2379 476 2419 Terque
492 2377 606 2409 manus
623 2388 722 2418 puras
740 2378 850 2409 fonta-

157 2437 198 2458 na
223 2429 350 2469 perluit
366 2429 476 2459 unda:
502 2428 667 2463 Vertitur,
682 2432 717 2459 et
738 2429 852 2467 nigras

157 2479 282 2519 accipit
300 2488 356 2510 ore
371 2478 479 2509 fabas.
517 2478 851 2519 Aversusquejacit:

157 2529 215 2560 sed
245 2530 322 2561 dum
343 2529 442 2569 jacit,
464 2530 534 2559 haec
560 2538 623 2568 ego
647 2529 758 2567 mitto,
778 2529 851 2563 His,

156 2581 281 2620 inquit,
296 2580 424 2611 redimo
441 2588 561 2620 meque
579 2588 737 2619 meosque
754 2578 851 2611 fabis.

159 2629 235 2660 Hoc
260 2630 374 2660 novies
397 2629 495 2668 dicit,
512 2638 573 2659 nec
598 2628 755 2669 respicit:
782 2638 852 2659 um-

157 2678 218 2709 bra
235 2684 373 2719 putatur
393 2679 576 2719 Colligere,
594 2682 628 2709 et
643 2678 734 2709 nullo
757 2683 852 2719 terga

160 2727 297 2760 vidente
312 2729 428 2770 sequi-¹
472 2728 573 2760 Hunc
600 2737 723 2760 rnorem
741 2728 768 2759 si
788 2737 850 2768 ego

909 1773 1076 1815 hodieque
1105 1772 1228 1803 alicubi
1268 1768 1439 1802 observari
1472 1777 1603 1808 moneo,

909 1824 1023 1854 nescio
1048 1833 1088 1853 an
1112 1824 1227 1863 plures
1253 1821 1314 1852 sim
1340 1819 1527 1856 habiturus,
1547 1819 1604 1858 qui

908 1872 1009 1903 facile
1026 1872 1124 1902 fidem
1144 1870 1345 1907 adhibeant;
1364 1868 1458 1908 atqui
1475 1872 1604 1899 certum

908 1922 1061 1958 est,illud
1079 1922 1167 1952 idem
1181 1921 1283 1952 etiam
1296 1929 1384 1951 nunc
1395 1919 1427 1950 in
1437 1918 1605 1949 Vasconia

908 1982 1029 2013 pueros
1046 1971 1217 2005 factitare,
1236 1971 1293 2012 qui
1311 1980 1386 2001 eum
1400 1970 1510 2000 larvas
1530 1969 1604 1999 illas

908 2024 1087 2054 lemurales
1118 2026 1306 2062 expavent,
1339 2019 1434 2050 fabas
1470 2019 1605 2059 aliaque

907 2073 1075 2113 legumina
1102 2081 1163 2113 per
1190 2071 1347 2103 cubicula
1369 2079 1429 2100 sua
1454 2068 1604 2099 disserui„

907 2133 1000 2161 nant,
1016 2132 1051 2157 et
1076 2126 1122 2157 ita
1139 2126 1320 2166 opinantur
1343 2132 1379 2153 se
1405 2131 1462 2152 eas
1478 2130 1496 2151 e
1513 2120 1606 2151 cubi-

908 2178 984 2208 culo
1002 2177 1132 2217 fugare,
1149 2181 1185 2206 et
1202 2179 1298 2205 extra
1311 2173 1446 2204 domum
1463 2171 1603 2211 ejicere.

908 2229 989 2260 Dac.

948 2278 962 2299 ¹³
986 2277 1135 2317 Fabiani]
1170 2275 1259 2306 Vide
1288 2278 1296 2292 ‘
1315 2272 1454 2306 Quintia
1482 2269 1606 2311 prata!

908 2329 985 2360 Ant.
1000 2329 1086 2367 Aug.

952 2379 1085 2410 Fabiani
1101 2380 1130 2408 et
1151 2373 1358 2413 Quintiliani]
1383 2371 1522 2403 Fabiani
1536 2371 1603 2403 Re-

908 2429 952 2459 mi
979 2428 1073 2462 socii,
1103 2425 1233 2457 Romuli
1267 2423 1409 2457 Quintil.
1439 2422 1542 2453 Ovid.
1562 2431 1604 2453 Π.

909 2480 999 2509 Fast.
1023 2483 1031 2495 ‘
1046 2477 1151 2508 Dicta
1174 2475 1267 2510 facit,
1290 2474 1454 2514 Fabiique
1482 2473 1602 2504 simul:

907 2528 1002 2561 venit
1025 2527 1138 2558 irritus
1161 2526 1240 2556 illuc
1266 2525 1440 2562 Romulus,
1457 2529 1491 2555 et
1511 2533 1603 2554 men-

907 2588 958 2608 sas
976 2585 1117 2618 ossaque
1141 2574 1231 2605 nuda
1249 2574 1351 2605 videt.
1398 2573 1485 2604 Risit
1501 2577 1536 2603 et
1552 2573 1602 2603 in-

907 2628 1026 2667 doluit,
1058 2626 1178 2657 Fabios
1208 2625 1359 2666 potuisse
1393 2625 1603 2665 Remumque

906 2678 1065 2712 Vincere,
1107 2676 1287 2710 Quintilios
1334 2684 1400 2706 non
1450 2674 1602 2715 potuisse

907 2728 1005 2760 suos?
1052 2727 1115 2758 His
1138 2731 1253 2768 postea
1280 2736 1300 2758 a
1325 2726 1363 2758 C.
1380 2726 1516 2757 Caesare
1545 2724 1601 2755 ade
