1835 2906
323 162 386 191 DE
420 155 1133 202 VERBORUM‘SIGNlFICATIONE
1168 158 1262 189 LlB.
1300 158 1372 187 ΙΙΙ.

131 256 398 305 Caesariati‚'‘
422 255 602 296 comati.

1488 147 1571 188 129

132 325 364 366 Caesonesy
400 323 673 376 appellantur
694 332 750 361 ex
772 325 899 360 utero
922 319 1077 360 matris
1099 320 1287 360 exsecti.

132 392 308 433 Caestus
322 397 335 412 ²
353 395 566 432 vocantur
586 395 629 430 et
650 391 697 438 ii,
722 388 884 441 quibus
913 387 1084 440 pugiles
1104 386 1340 428 dimicant:
1375 390 1416 428 et
1442 399 1573 439 genus

189 458 417 512 quoddam
431 464 446 479 ἢ
464 457 689 498 muliebris
711 457 905 496 ornatus.

131 526 333 568 Calassis
349 530 366 551 ⁴
381 526 396 548 *³
417 526 574 567 tunicae
598 536 748 577 genus,
769 522 887 576 quod
910 521 1057 563 Graeci
1079 519 1279 574 καλάσιριν
1297 520 1459 561 dicunt.
1482 521 1575 561 Alii

188 594 339 635 dicunt
359 593 524 634 nodum
545 605 644 633 esse
662 590 828 632 tunicae
848 589 1089 640 muliebris,
1112 602 1199 643 quo
1222 600 1431 630 connexa
1458 589 1577 629 circa

189 661 406 703 cervicem
427 660 575 702 tunica
591 657 877 699 submittitur.

735 777 850 788 eeeeee

855 776 971 788 tttttt

178 861 197 890 4
220 857 368 898 Scaliger
383 860 418 888 et
435 856 647 897 Augustinus
665 854 762 886 unica
777 855 787 884 l
802 853 970 884 scribunt.

791 973 930 1005 NOTAE

138 1063 221 1091 rem,
239 1062 336 1094 quem
359 1053 431 1093 jam
459 1052 621 1093 puberem
645 1056 679 1082 et
704 1051 832 1083 Gallias

138 1103 351 1142 subigentem
387 1107 528 1132 matrem
564 1102 711 1133 amisisse
750 1100 832 1131 satis

137 1157 283 1183 constat.
329 1152 395 1183 Sed
421 1152 509 1182 aliud
527 1151 663 1182 omnino
678 1159 831 1191 quaereu-

138 1203 217 1233 dum
231 1208 301 1240 est3
319 1212 391 1232 nam
410 1202 675 1233 vetustissimum
688 1200 832 1232 Caesaris

137 1261 269 1287 nomen,
284 1253 408 1292 quippe
421 1257 456 1283 et
468 1256 546 1283 ante
561 1252 685 1283 bellum
701 1251 831 1282 Samni-

136 1303 240 1333 ticum
256 1302 393 1343 quidam
418 1304 427 1320 ‘
443 1302 603 1334 Claudius
619 1304 751 1334 Caesar’
775 1311 833 1332 ex-

137 1352 220 1384 titit.
265 1353 353 1384 Saue
373 1353 492 1388 Coesar,
508 1357 543 1384 nt
559 1353 685 1394 optime
701 1352 835 1383 notavit

136 1402 332 1440 Salmasius,
356 1404 494 1444 antiqua
516 1413 581 1435 vox
607 1403 740 1439 Latina,
758 1413 834 1444 quae

136 1451 193 1483 τὸν
223 1455 354 1492 κυριῶτα
380 1453 559 1494 significat,
575 1454 664 1485 unde
693 1453 837 1485 caesaries

138 1503 191 1533 vel
207 1504 348 1539 coesuria,
364 1503 382 1541 ἡ
399 1504 478 1541 κόμη
494 1505 638 1545 κυριῶσα.
663 1504 760 1535 Idem.

179 1557 196 1571 X
220 1554 404 1594 Caesarintz‘]
430 1555 544 1586 Plaut.
560 1555 593 1585 in
609 1555 737 1586 milite:
755 1554 765 1571 ‘
780 1553 834 1594 qui

138 1603 234 1634 miles
251 1604 472 1636 admutiletur
486 1605 704 1637 caesariatus?
737 1605 834 1635 Idem.

180 1659 194 1679 Y
221 1654 376 1694 Caesones]
411 1655 563 1687 Plinius:
594 1655 836 1696 ‘Auspicatius

140 1708 261 1736 enecta
276 1711 416 1745 parente
429 1706 612 1746 gignuntur
623 1705 645 1735 :’
666 1705 753 1735 sicut
766 1703 838 1734 Sci-

139 1756 196 1796 pio
214 1755 394 1787 Africanus
409 1758 502 1796 prior
516 1760 627 1794 natus,
640 1755 838 1795 primusque

140 1806 312 1837 Caesarum
331 1816 350 1836 a
365 1815 452 1837 caeso
468 1805 583 1836 matris
596 1809 693 1835 utero
708 1804 836 1835 dictus:

141 1865 206 1896 qua
218 1856 260 1886 de
275 1865 377 1887 causa
387 1865 538 1887 caesones
549 1854 722 1896 appellati.
738 1853 837 1886 Quod

141 1906 190 1936 ait
205 1906 248 1937 de
263 1906 423 1947 Scipione
438 1910 472 1936 et
489 1905 578 1946 apud
592 1903 837 1936 Tertullianum

139 1956 265 1996 legitur
291 1956 377 1987 libro
406 1955 449 1986 de
475 1956 607 1987 anima:
634 1954 838 1985 ‘Possumus

140 2006 216 2036 illos
242 2015 376 2046 quoque
402 2005 605 2046 recogitare,
621 2005 677 2045 qui
699 2009 838 2035 exsecto

140 2056 259 2087 matris
291 2060 387 2086 utero
417 2056 482 2086 vivi
506 2055 616 2086 aerem
645 2055 841 2092 hauserunt,

141 2106 259 2138 Liberi
275 2106 392 2146 aliqui,
410 2110 445 2136 et
461 2103 655 2146 Scipiones.'
677 2105 745 2134 Jos.
758 2104 839 2135 Scal.

188 2155 342 2195 Caesones]
368 2155 399 2186 A
429 2155 606 2194 caedendo,
637 2155 715 2196 quia
745 2159 837 2185 secto

142 2205 260 2236 matris
297 2210 394 2236 utero
435 2204 467 2235 in
509 2205 619 2236 lucem
655 2204 835 2245 prodeunt.

144 2257 225 2287 Dae.

186 2311 199 2325 2
223 2305 359 2346 Coestus]
379 2305 527 2336 Laminae
553 2305 672 2336 Ferreae
697 2309 755 2336 aut
781 2314 838 2335 an-

145 2356 218 2387 nuli
244 2356 398 2395 connexi,
427 2356 548 2397 quibus
575 2356 705 2396 pugiles
732 2365 839 2386 arma-

145 2406 230 2437 bant
259 2406 404 2437 brachia.
457 2406 572 2437 Clavae
600 2406 702 2436 etiam
732 2406 839 2445 plum-

144 2456 226 2487 beas
251 2457 336 2497 pilas
361 2455 439 2487 loris
461 2455 590 2485 bubulis
606 2464 769 2495 appensas
785 2456 841 2486 ha-

145 2507 267 2539 bentes
295 2511 420 2538 caestus
448 2505 649 2537 dicebantur
680 2515 741 2546 per
768 2516 796 2536 σε
823 2516 843 2537 a

149 2557 322 2588 caedendo.
350 2557 447 2587 Idem.

191 2611 207 2627 a
229 2608 272 2637 Et
286 2616 385 2646 genus
400 2605 563 2646 quoddam]
599 2605 777 2645 Cingulum
794 2605 843 2636 in-

149 2657 286 2697 telligit,
317 2656 376 2687 sed
407 2656 459 2687 hic
491 2655 618 2686 frustra
645 2659 699 2686 est
723 2656 843 2687 Festus

150 2708 219 2738 sive
249 2707 387 2746 Paulus,
417 2716 492 2737 nam
524 2716 599 2737 cum
631 2716 692 2747 pro
723 2710 843 2738 ornatu

234 2760 348 2799 Delph.
371 2764 401 2791 et
423 2761 498 2793 Var.
526 2760 610 2792 Clas.

887 1048 1059 1084 muliebri,
1072 1057 1132 1088 per
1144 1057 1158 1078 e
1169 1047 1339 1083 scribitur,
1349 1057 1367 1078 a
1379 1047 1502 1078 Graeco
1511 1044 1583 1077 κέσ-

886 1109 950 1133 τος,
966 1098 1053 1138 quod
1068 1098 1156 1138 apud
1175 1097 1373 1136 Homerum,
1386 1097 1582 1130 Lucianum,

888 1154 924 1180 et
938 1149 1018 1180 alibi
1035 1157 1169 1190 quoque
1186 1147 1376 1179 observavi.
1421 1147 1506 1177 Cum
1529 1155 1583 1177 ve-

887 1208 925 1230 ro
939 1207 1000 1239 pro
1013 1199 1111 1229 armis
1125 1198 1285 1239 pugilum,
1296 1207 1358 1238 per
1368 1206 1406 1231 α’,
1420 1207 1438 1226 a
1452 1195 1585 1227 caeden-

887 1248 944 1284 do,
973 1253 1008 1279 et
1033 1248 1082 1280 ita
1109 1248 1252 1279 sensisse
1276 1247 1411 1278 videtur
1435 1247 1584 1278 Servius.

888 1298 956 1329 Sed
987 1299 1152 1338 cogitanti
1189 1298 1268 1329 mihi
1305 1297 1474 1328 succurrit
1505 1296 1587 1327 nihil

890 1360 973 1391 opus
1000 1361 1074 1382 esse
1098 1351 1237 1382 dividua
1259 1351 1326 1382 ista
1342 1350 1586 1391 o=·iginatione;

889 1406 1003 1432 cestus
1020 1402 1108 1432 enim
1126 1402 1276 1442 pugilum
1293 1406 1330 1432 et
1343 1406 1457 1432 cestus
1470 1401 1587 1432 mulie-

890 1452 957 1483 bris
976 1461 1035 1492 per
1048 1461 1063 1483 e
1075 1452 1232 1492 simplex,
1250 1462 1269 1482 a
1285 1450 1407 1486 κεστὸς,
1425 1451 1514 1491 quod
1531 1450 1589 1481 ad-

883 1501 1027 1542 jective,
1039 1512 1056 1532 a
1072 1501 1198 1537 κεντέω,
1213 1511 1337 1542 pungo.
1376 1501 1496 1532 Cestus
1509 1509 1589 1540 qua-

890 1552 918 1582 si
935 1561 997 1583 acu
1015 1552 1126 1593 pictus
1143 1556 1179 1583 et
1195 1550 1511 1591 compunctionibus
1523 1551 1589 1580 ela-

891 1602 1029 1633 boratus
1045 1608 1080 1633 et
1107 1602 1302 1638 distinctus,
1317 1611 1383 1641 quo
1408 1600 1506 1631 modo
1523 1600 1591 1629 Ve-

890 1652 980 1682 neris
1007 1652 1175 1692 cingulum
1206 1651 1275 1682 sive
1303 1651 1451 1682 balteum
1479 1648 1591 1679 κεστὸν

890 1700 1002 1740 ἱμάντα
1018 1702 1104 1732 dixit
1121 1701 1263 1732 Homer.
1276 1700 1374 1731 Iliad.
1387 1702 1413 1738 ξ.
1460 1700 1503 1730 Et
1518 1699 1590 1730 He-

891 1751 1027 1791 sychius
1059 1751 1307 1790 interpretatur
1337 1749 1491 1780 ποικίλον.
1535 1748 1590 1779 Ab

891 1810 932 1831 eo
962 1801 1064 1840 igitur
1090 1800 1202 1831 Latini
1230 1800 1441 1830 substantive
1468 1798 1592 1830 forma-

892 1858 969 1882 runt
982 1856 1108 1890 cestus⁷
1121 1850 1219 1889 cesti,
1231 1850 1273 1881 de
1287 1849 1442 1881 muliebri
1455 1854 1591 1886 ornatu;

892 1906 927 1932 et
940 1905 1064 1936 cestus,
1078 1900 1174 1941 hujus
1187 1905 1313 1935 cestus,
1324 1899 1367 1930 de
1383 1899 1483 1929 armis
1498 1899 1593 1939 pugi-

892 1953 972 1983 lum.
1017 1951 1080 1982 Ille
1099 1951 1185 1992 quod
1208 1960 1272 1982 acu
1297 1950 1503 1990 variegatus,
1528 1949 1593 1980 iste

894 2002 983 2044 quod
1001 2002 1128 2033 inserto
1145 2000 1235 2033 ferro
1253 2004 1289 2032 et
1311 2000 1476 2041 plumbeis
1492 1999 1592 2031 bullis

893 2054 965 2085 sive
977 2053 1155 2093 sphaerulis
1170 2052 1263 2094 quasi
1278 2050 1592 2092 compunctionibus

897 2102 1173 2142 distingueretur.
1197 2103 1296 2133 Mem.

936 2154 950 2174 '³
986 2153 1140 2192 Calassz's]
1167 2152 1257 2183 Vide
1282 2152 1291 2168 ‘
1304 2149 1473 2181 Aelassis.’

891 2203 977 2242 Aug.

923 2254 1074 2294 Calassis]
1096 2253 1282 2284 Manifesto
1299 2252 1458 2283 Graecum
1472 2258 1592 2280 nomen

894 2302 1043 2343 χάλασις,
1056 2304 1284 2334 laxamentum
1302 2300 1426 2332 tunicae
1443 2299 1530 2331 nodo
1544 2307 1593 2330 re·

896 2359 1040 2386 tentum.
1064 2354 1134 2384 Jos.
1151 2352 1232 2383 Scal-

941 2404 1092 2443 Calassz's]
1111 2403 1137 2433 A
1153 2412 1236 2433 voce
1250 2400 1406 2442 AEgyptia
1420 2398 1594 2439 καλοίσιρις,

896 2455 929 2485 id
948 2459 1013 2493 est,
1030 2454 1133 2484 vestis
1156 2454 1258 2494 linea,
1277 2453 1318 2484 ad
1333 2453 1419 2483 talos
1435 2452 1592 2485 demissa,

895 2504 1065 2545 AEgyptiis
1097 2504 1245 2544 propria.
1291 2503 1459 2534 Herodot.
1496 2502 1595 2532 Ἔνδε-

897 2555 1006 2586 δύκασι
1024 2554 1056 2585 δὲ
1069 2557 1195 2586 κιθῶνας
1210 2553 1328 2585 λινέους
1340 2552 1409 2593 περὶ
1421 2552 1462 2583 τὰ
1476 2551 1595 2583 σκέλεα

898 2605 1100 2642 ewam-roias,
1117 2604 1167 2637 οὓς
1182 2604 1329 2636 καλέουσι
1345 2603 1515 2643 καλασίρις.
1552 2603 1593 2634 Id

898 2662 962 2696 est,
980 2656 1105 2688 ‘induti
1119 2661 1198 2688 sunt
1210 2661 1322 2687 vestes
1334 2656 1450 2689 lineas,
1467 2656 1593 2686 circum

899 2716 1000 2738 crura
1016 2705 1214 2746 fimbriatas,
1237 2715 1319 2747 quas
1340 2708 1461 2737 vocant
1478 2703 1594 2734 calasi-

1517 2149 1594 2180 Ant.

763 2760 872 2801 Pomp.
893 2760 974 2792 Fest‚
1491 2756 1508 2786 1
