1835 2906
208 75 294 117 594
673 83 821 115 sexTi
856 84 1060 115 POMPEM
1096 82 1232 114 Fes'rr

211 180 403 224 Picumd
422 193 547 224 avem
561 185 591 210 ¹³
613 179 792 234 quidam
815 180 980 222 dictum
1011 183 1170 235 putant
1191 193 1218 222 a
1239 179 1351 222 Pico
1377 191 1478 235 rege
1498 180 1659 223 Abori-

270 250 427 304 ginum,
450 247 604 303 quod
592 261 632 289 1s
653 248 808 290 solitus
832 249 906 290 sit.
912 253 948 278 ¹4

212 317 438 360 Pierides
456 329 597 358 musae
611 321 788 371 propter
811 316 1123 367 amoenitatem,
1145 330 1198 358 ac
1221 317 1503 358 solitudinem
1524 317 1661 358 Pierii

268 386 433 427 montis
463 384 597 426 dictae
625 384 983 438 videntu1‚quod
1000 389 1032 413 ¹⁵
1064 398 1129 426 eae
1153 386 1332 427 secretis
1353 385 1462 426 locis
1483 389 1661 440 propter

271 454 417 496 studia
431 453 632 495 liberalia
650 452 933 494 delectentur.

213 521 417 564 Pierides
436 535 574 563 musae
591 534 617 562 a
640 520 788 561 Pierio
806 523 952 561 monte
974 519 1107 561 dictae
1132 524 1252 562 sunt.

214 591 435 632 Pietatem
455 593 502 630 ut
522 590 648 630 Deos
670 592 838 629 ceteros
856 588 1058 629 colebant
1075 587 1286 628 Romani.

213 658 406 700 Pietatif
432 658 574 700 aedem
605 657 660 697 ab
701 655 850 698 Acilio
882 661 1190 697 consecratam
1221 656 1356 705 aiunt,
1397 668 1450 696 eo
1501 655 1666 708 [Fsss'r.

271 728 390 777 loco,
405 739 494 780 quo
508 724 729 779 quondam
744 722 777 748 ¹⁶
792 724 945 765 mulier
958 723 1222 765 habitaverit
1235 736 1335 778 quae
1349 728 1521 777 patrem
1537 735 1666 764 suum

1480 519 1662 574 [PAUL.

271 794 494 835 inclusum
523 805 697 834 carcere
724 792 925 833 mammis
947 792 1039 832 suis
1061 793 1172 833 clam
1195 791 1367 842 aluerit,
1390 792 1447 833 ob
1471 790 1555 831 hoc
1576 790 1668 831 fac-

271 867 363 903 tum
383 861 620 916 impunitas
639 861 682 901 ei
703 872 919 901 concessa
940 861 1044 901 sit-¹⁷

217 930 394 983 Pigere,
416 929 631 971 interdum
651 942 732 983 pro
755 928 933 978 tardari,
955 927 1169 970 interdum
1194 940 1274 982 pro
1304 927 1446 982 poeni·
1490 925 1615 977 [PAU
1626 936 1667 966 1„

276 1003 366 1040 tere
389 998 494 1052 poni
517 998 645 1039 solet.

833 1118 871 1130 φφ
876 1117 1071 1130 θθθθθθθθθ

264 1222 303 1252 13
327 1219 399 1252 jos,
412 1219 503 1250 Scal.
518 1218 739 1250 notavithaec
753 1217 888 1259 quidem
912 1226 987 1248 esse
1014 1216 1118 1252 lesti,
1136 1214 1194 1246 sed
1224 1224 1290 1246 non
1311 1224 1353 1245 ex
1385 1219 1452 1245 vet.
1468 1212 1526 1244 lib.
1545 1216 1669 1244 sumta.

219 1265 304 1293 -14
328 1262 390 1293 Ed.
418 1261 508 1293 Scal.
523 1271 580 1302 quo
596 1262 763 1292 dissoluaeus
778 1261 832 1291 sit.
835 1263 917 1291 —15
942 1259 1028 1291 Ead.
1045 1259 1099 1291 ed.
1116 1261 1270 1299 qum—10
1293 1259 1373 1289 Vet.
1400 1257 1460 1288 lib.
1475 1257 1626 1298 quendam.
1629 1272 1670 1278 -—

219 1309 257 1337 17
284 1306 364 1337 Vet.
379 1305 437 1336 lib.
453 1305 626 1345 impunitus
643 1305 846 1336 eiconcessus
859 1303 912 1334 sit.

875 1427 1017 1459 NOTJE

260 1505 276 1527 ‘¹
305 1505 429 1545 Picum]
466 1505 518 1535 De
538 1505 624 1536 Pico
641 1513 722 1545 rege
739 1504 772 1534 iu
790 1513 885 1534 avem
904 1514 923 1535 a

222 1557 318 1588 Circe
336 1565 501 1588 converso
517 1556 614 1596 Virg.
631 1555 689 1586 lib.
706 1563 771 1586 vu.
792 1553 923 1586 AEneid.

222 1607 324 1639 ovid.
350 1608 405 1639 lib.
429 1617 508 1638 Xiv.
525 1606 669 1638 Metam.
717 1605 818 1637 Hunc
835 1606 923 1646 opti-

220 1667 312 1688 mum
330 1666 492 1697 augurem
509 1655 624 1695 fuisse,
641 1661 676 1687 et
692 1655 805 1696 picum
828 1665 924 1686 avem

223 1707 420 1748 diligentius
433 1706 557 1738 ceteris
570 1706 781 1746 observasse,
795 1705 926 1736 aitSer-

222 1759 296 1788 vius
326 1767 368 1788 ex
394 1756 488 1787 libris
516 1755 748 1787 Pontificalib.
779 1754 926 1786 Videud.

224 1808 315 1838 l'liu.
348 1809 404 1839 lib.
430 1816 464 1838 Χ.
488 1816 564 1847 cap.
593 1808 644 1837 18.
690 1806 741 1837 Ex
762 1805 812 1836 bis
831 1805 926 1836 Festi

222 1858 339 1897 verba,
357 1868 429 1898 quae
453 1857 705 1897 desiderantur,
727 1856 925 1897 suspicabe-

223 1908 280 1939 ris.
304 1909 383 1940 Ant.
401 1909 484 1947 Aug.

267 1958 382 1989 Picum
411 1957 513 1997 avem]
537 1958 623 1990 Quae
654 1957 709 1988 hic
732 1956 855 1987 desunt
877 1957 925 1987 sic

223 2008 313 2040 forte
331 2008 521 2049 supplenda
540 2014 639 2040 sunt:
664 2009 693 2040 Α
717 2017 791 2047 rege
813 2008 926 2039 Abori·

221 2061 344 2098 gitium,
360 2060 438 2100 quod
454 2060 481 2090 is
500 2059 610 2090 solitus
626 2059 665 2090 sit
684 2069 718 2090 eo
734 2059 764 2089 in
779 2058 927 2099 auspiciis

221 2111 282 2141 uti.
328 2111 418 2141 Nam
436 2110 558 2141 Picum
583 2110 718 2141 Saturni
744 2108 848 2139 filium
866 2119 924 2150 op-

224 2162 340 2193 timum
352 2171 510 2202 augurem
524 2160 643 2200 fuisse,
656 2166 690 2192 et
703 2161 814 2201 picum
829 2171 924 2192 avem

224 2212 348 2243 ceteris
373 2212 570 2252 diligentius
596 2211 795 2242 observasse
820 2211 926 2242 tradit

223 2262 359 2293 Servius
368 2272 410 2292 ex
423 2262 517 2293 libris
532 2261 803 2293 Pontificalibus.
824 2267 832 2279 ‘
847 2261 925 2293 Hoc

223 2313 388 2354 fingitur-‚³
414 2314 536 2355 iuquit,
561 2313 673 2354 ‘quod
698 2312 802 2343 Picus
818 2322 925 2353 augur

223 2362 303 2402 fuit,
320 2368 353 2393 et
370 2363 461 2394 domi
477 2363 595 2394 habuit
609 2363 735 2403 picum,
749 2372 810 2403 per
825 2372 924 2404 quem

224 2412 339 2444 sutura
377 2415 554 2454 noscebat,
579 2414 666 2455 quod
702 2413 924 2445 Pontificales

225 2463 378 2495 indicant
395 2464 494 2496 libri!
538 2465 636 2496 Idem
650 2464 772 2496 Isidor.
783 2464 842 2496 lib.
856 2474 925 2497 xu.

226 2513 345 2553 origin.
392 2515 458 2545 Sed
483 2514 560 2546 vide
584 2514 672 2546 infra
695 2514 730 2545 in
752 2513 820 2545 fine
843 2515 925 2546 ‘Pi-

227 2571 286 2592 cus
305 2563 388 2593 rex!
408 2564 503 2595 Picus
516 2569 628 2596 autem
640 2565 683 2596 ab
695 2565 814 2596 eodem
829 2564 924 2597 fonte

227 2622 294 2652 quo
320 2617 327 2629 ¹
344 2614 467 2654 phica,'
489 2615 606 2655 ‘pica‚'
630 2625 732 2656 supra
748 2616 781 2647 in
801 2617 810 2633 ‘
825 2616 926 2647 Pica—

228 2662 296 2694 ti2'
322 2672 443 2704 nempe
467 2674 486 2695 a
506 2665 626 2707 picehu,
651 2665 782 2706 videns,
807 2665 839 2697 id
863 2669 927 2707 est,

973 1502 1146 1534 Hebraica
1169 1501 1295 1544 phrasi,
1322 1505 1430 1532 vates.
1476 1500 1521 1531 Et
1543 1500 1588 1531 ita
1604 1500 1675 1531 dic·

975 1557 1028 1584 tus
1046 1554 1156 1593 Picus,
1171 1552 1262 1594 quod
1280 1561 1340 1593 per
1354 1551 1514 1583 vaticinia
1528 1551 1674 1583 celebris

975 1609 1077 1643 esset,
1093 1607 1158 1635 διε.
1183 1605 1265 1634 Duc.

1017 1658 1030 1674 e
1056 1654 1214 1693 Pierides]
1244 1655 1312 1685 Cur
1330 1662 1432 1684 musae
1447 1652 1550 1684 dictae
1568 1652 1675 1683 Pieri-

975 1707 1039 1745 des,
1054 1706 1137 1736 mire
1156 1705 1301 1736 Veteres
1324 1703 1543 1743 dissentiunt,
1566 1703 1640 1734 aliis
1658 1714 1677 1734 a

976 1755 1091 1786 Pierio
1114 1759 1240 1792 moute,
1256 1754 1330 1785 aliis
1348 1763 1367 1784 a
1387 1753 1503 1784 Pierio
1519 1752 1678 1794 quodam,

976 1812 1012 1837 et
1040 1806 1113 1837 aliis
1145 1805 1280 1836 aliunde
1311 1813 1430 1836 nomen
1457 1804 1676 1835 ducentibus.

975 1856 1048 1897 Ego
1067 1865 1139 1896 quae
1157 1866 1198 1887 ex
1217 1855 1351 1886 assidua
1372 1854 1522 1886 lectione
1546 1854 1678 1886 discere

977 1906 1085 1946 potui,
1115 1906 1168 1937 vel
1195 1906 1395 1947 conjectura
1411 1906 1512 1936 etiam
1531 1906 1678 1945 assequi,

976 1956 1128 1987 breviter
1151 1965 1330 1997 exponam.
1390 1956 1510 1987 Pieres
1525 1955 1677 1987 Thraciae

975 2007 1054 2038 olim
1072 2007 1190 2047 populi
1208 2007 1316 2047 fuere,
1332 2007 1401 2048 qui,
1427 2006 1574 2048 propriis
1590 2006 1678 2037 sedi·

978 2057 1037 2089 bus
1057 2058 1200 2096 relictis,
1227 2058 1440 2089 Macedoniae
1465 2061 1595 2098 partem
1620 2057 1678 2087 ali-

976 2119 1090 2150 quam,
1107 2108 1233 2139 deinde
1261 2109 1362 2138 etiam
1387 2107 1554 2138 Boeotiam
1580 2116 1678 2138 occu·

976 2168 1113 2198 pavere,
1139 2163 1174 2189 et
1200 2159 1233 2188 in
1256 2158 1391 2189 Boeotia
1411 2158 1626 2197 Heliconem,
1641 2161 1678 2188 et

975 2215 1108 2240 antrum
1127 2208 1361 2240 Libethridum
1378 2209 1627 2249 Nympharum,
1643 2213 1679 2238 et

974 2262 1007 2292 in
1025 2261 1232 2293 Macedonia
1251 2261 1413 2301 Pieriam,
1437 2267 1472 2292 et
1487 2261 1678 2301 Pimpleam

975 2311 1087 2344 fontes
1125 2312 1386 2343 dedicaverunt.
1432 2311 1531 2342 Unde
1566 2311 1676 2341 Musae

974 2367 983 2380 ⁴
998 2362 1266 2401 Heliconiades‚’
1289 2364 1298 2378 ‘
1315 2360 1553 2400 Libethrides,’
1576 2364 1584 2378 ⁸
1599 2360 1677 2391 Pie-

976 2413 1088 2453 rides,’
1112 2417 1147 2444 et
1175 2414 1183 2429 ‘
1200 2412 1432 2452 Pimpleides.’
1475 2410 1562 2442 vide
1586 2410 1674 2441 infra

976 2469 984 2482 ‘
996 2462 1232 2504 Pimplehles!
1257 2463 1354 2494 Idem.

1018 2515 1029 2537 f
1049 2515 1187 2555 Pietati]
1211 2516 1290 2546 Eam
1310 2515 1416 2546 audem
1433 2512 1526 2545 vovit
1537 2513 1675 2544 Manius

976 2565 1104 2597 Acilius
1134 2565 1289 2603 Glabrio,
1312 2565 1369 2605 qui
1398 2563 1606 2595 Proconsule
1631 2563 1674 2593 de

976 2625 1057 2657 rege
1085 2615 1254 2646 Antiocho
1278 2613 1511 2654 triumphavit,
1539 2611 1675 2643 dedica-

977 2665 1025 2697 vit
1039 2664 1126 2697 filius
1144 2665 1176 2696 in
1197 2664 1269 2696 foro
1291 2664 1439 2704 olitorio,
1465 2668 1500 2695 et
1521 2663 1590 2694 illic
1607 2669 1673 2693 sta-
