1835 2906
400 159 462 188 DE
498 155 768 187 VERBORUM

802 150 1211 183 SIGNIFlCATIONE
1248 151 1339 180 LlB.
1375 150 1405 180 l.

1541 139 1623 180 105

239 268 327 296 rum
359 252 609 304 nationum3
652 250 759 291 dicti
789 261 847 289 ex
879 247 1039 289 Graeco
1069 246 1290 287 vocabulo
1320 244 1484 295 αὔξησις,
1508 246 1622 297 qnod

237 335 318 363 nos
339 321 529 362 dicimus
552 332 690 360 rerum
711 316 1001 359 crescentium
1031 314 1297 356 auctionem.

182 390 397 438 Auxilla‚²
418 389 507 429 olla
527 387 721 441 parvula.

181 456 472 497 AXAMENTA
488 461 504 477 ὃ
524 455 781 496 dicebantur
800 450 992 492 carmina
1010 449 1204 499 saliaria,
1227 461 1328 502 quae
1349 461 1375 488 a
1397 447 1533 488 Saliis
1554 459 1625 487 sa-

829 583 972 616 NOTAE

180 666 239 703 tio,
265 674 361 696 nemo
390 673 456 695 non
487 663 588 694 videt.
645 661 734 694 Quin
766 659 874 691 audeo

180 715 347 746 affirmare
390 723 432 744 ne
474 712 558 744 illud
601 711 736 753 quidem
770 719 876 740 rerum

181 766 273 797 Festi
300 774 388 797 esse.
447 764 562 797 Quare
599 771 767 803 expunge.
803 761 873 791 Jos.

181 817 265 848 ιςθαι.

221 866 419 907 Auxiliares]
442 865 486 897 Et
509 863 645 898 auxilia,
662 861 800 901 milites,
817 861 873 902 qui

180 927 198 947 a
215 916 315 948 sociis
341 916 393 947 vel
416 914 592 946 foederatis
616 912 775 954 gentibus
798 912 874 943 mit-

180 966 352 998 tebantur.
409 967 519 997 Varro
545 964 605 995 lib.
630 972 679 994 ιν.
704 963 746 994 de
772 963 809 994 L.
834 962 873 993 L.

179 1018 188 1033 ‘
208 1017 381 1048 Auxilium
399 1015 592 1057 appellatur
607 1013 649 1045 ab
667 1017 780 1049 auctu,
797 1023 873 1044 cum

179 1070 392 1098 accesserant
428 1066 485 1106 qui
523 1065 718 1105 adjumento
762 1068 875 1094 essent

179 1115 399 1156 alienigenae-³
431 1116 517 1148 Quae
535 1120 719 1155 sequuntur
735 1122 873 1153 corrup-

180 1172 216 1197 ta
247 1170 337 1205 sunt,
362 1175 469 1206 eaque
499 1164 547 1196 sic
569 1164 697 1204 optime
724 1163 875 1194 restituit

178 1216 342 1256 Scaliger,
367 1217 420 1246 Ex
447 1215 558 1246 Graeco
579 1214 722 1245 vocabulo
747 1214 832 1253 αὔξη,
855 1224 874 1245 α

177 1278 234 1308 qno
252 1277 304 1298 nos
319 1267 449 1298 dicimus
464 1276 567 1297 rerum
579 1265 790 1306 crescentiam,
801 1275 874 1296 auc-

176 1319 301 1349 tionem.
346 1318 414 1349 Ubi
441 1318 542 1349 etiam
567 1316 604 1347 ‘rb
627 1327 729 1348 rerum
745 1325 874 1357 expun-

177 1368 324 1410 gendum
341 1368 538 1400 arbitratur.
562 1368 686 1408 Neque
704 1372 812 1398 tamen
831 1366 874 1397 ab

178 1420 251 1458 αὔξη
281 1419 475 1451 immediate
504 1418 681 1450 auxiliaris.
734 1418 801 1449 Sed
832 1416 875 1448 ab

177 1475 185 1488 ‘
204 1470 334 1511 augeo,’
359 1471 368 1488 ‘
386 1470 490 1510 auxi,'
515 1472 525 1488 ‘
541 1469 727 1508 auxiliun1‚’
757 1473 764 1487 ‘
781 1469 875 1500 auxi-

177 1521 246 1560 lia‚'
281 1521 503 1552 ‘auxiliaris-¹
560 1521 572 1539 ‘
591 1519 729 1561 Augeo'
759 1525 873 1551 autem

177 1572 218 1603 ab
234 1571 340 1611 αὐξέω.
365 1573 446 1604 Duc.

218 1629 230 1643 Ζ
253 1622 401 1663 Auxilla]
425 1622 651 1654 Glossarium:
685 1622 695 1639 ‘
716 1620 875 1663 Auxillae,

174 1672 372 1712 μικρόπτερα,
389 1673 428 1704 ὡς
439 1671 583 1713 Βοίῤῥων.’
630 1671 684 1703 Ab
702 1681 743 1702 eo
761 1676 874 1702 autem

174 1725 184 1740 ‘
204 1725 280 1755 011ae
292 1724 301 1737 ’
321 1724 462 1763 dictum,
478 1728 516 1754 ut
533 1723 575 1754 ab
592 1723 601 1740 ‘
617 1722 756 1761 Axilla,’
778 1721 787 1737 ‘
801 1721 875 1753 ala.'

176 1773 231 1804 Sic
252 1776 261 1791 ‘
276 1773 422 1805 Axilites
435 1773 443 1786 '
461 1783 521 1814 pro
537 1775 545 1791 ‘
560 1772 694 1804 Alites.’
737 1772 874 1803 Glossa-

176 1823 278 1854 rium:
297 1825 305 1841 ‘
317 1822 628 1863 Anxilites‚b'pm9÷s,
639 1821 758 1854 otmunt!
783 1822 874 1853 Scri·

177 1874 321 1905 bendum
334 1875 496 1907 Axillites.
542 1874 609 1907 Qui
625 1883 720 1905 error
737 1883 802 1904 non
820 1877 873 1903 est

175 1924 315 1961 librarii.
352 1926 412 1957 sed
441 1926 547 1966 ipsius
577 1925 746 1956 auctoris:
783 1924 874 1965 quod

175 1980 322 2015 apparet
354 1984 397 2006 ex
429 1975 546 2006 ordine
581 1974 769 2006 literarum.
803 1974 872 2005 Jos.

174 2024 258 2056 Scal.

216 2075 364 2117 Auxilla]
389 2076 399 2093 ‘
413 2074 524 2115 Aula,'
539 2075 548 2092 ‘
564 2074 715 2114 auxilla‚’
734 2079 772 2105 ut
798 2079 873 2115 ‘pa-

175 2126 245 2161 lus‚’
267 2127 276 2143 ‘
291 2125 461 2167 paxillus)
500 2125 566 2157 Sed
583 2124 709 2157 frustra
725 2130 778 2156 est
795 2125 873 2156 doc-

176 2176 324 2207 tissimus
356 2176 509 2216 Scaliger
533 2186 609 2206 cum
632 2176 699 2207 huc
723 2175 874 2207 traducit

175 2227 284 2257 locum
308 2227 400 2258 illum
421 2227 600 2267 Glossarii,
628 2226 637 2242 ‘
653 2226 801 2266 auxillae,
825 2238 874 2264 μι-

176 2276 341 2317 κρόπτερα,
367 2277 405 2309 ὣς
430 2276 573 2317 Βάῤῥων.’
634 2277 756 2318 Neque
784 2277 873 2307 enim

176 2326 239 2357 ista
260 2327 465 2358 conveniunt
485 2326 675 2367 μικρόπτερα
697 2336 773 2357 cum
797 2327 806 2344 ‘
825 2327 873 2357 ol-

175 2378 238 2409 lis.¹
283 2379 372 2409 Sane
399 2386 560 2419 corrupte
576 2380 704 2420 legitur
720 2379 753 2409 in
771 2378 871 2410 Glos-

177 2428 264 2459 sario
288 2428 443 2464 αιιπὶῑὶιες
472 2428 724 2460 rescribendum
760 2429 873 2459 avicel-

175 2480 237 2515 loe;
258 2479 417 2510 avicellas
439 2478 528 2508 enim
546 2477 744 2518 μικρόπτερα,
760 2477 782 2508 ἰ.
796 2487 874 2518 par-

177 2538 234 2559 vas
263 2538 354 2566 aves,
375 2527 464 2558 dixit
489 2527 615 2568 Varro,
631 2536 696 2558 non
719 2528 871 2558 auxillas.

176 2578 285 2609 Locus
302 2582 356 2609 est
370 2577 429 2609 lib.
442 2586 508 2609 vu.
524 2577 566 2608 de
583 2578 620 2608 L.
638 2578 676 2608 L.
698 2578 781 2609 Dae.

218 2633 232 2648 ³
242 2627 434 2668 Axamenta]
448 2627 674 2659 Glossarium:
688 2627 872 2659 ‘Axamen-

178 2687 225 2717 ta,
243 2678 350 2718 στίχοι
364 2678 413 2710 ἐπὶ
429 2680 540 2709 θυσιῶν
552 2677 763 2717 Ἡρακλέουςῖ
805 2678 871 2708 Ubi

176 2728 359 2760 notandum
377 2735 428 2760 est
443 2727 619 2764 sacrificia,
634 2738 709 2769 quae
728 2728 807 2759 Salii
823 2727 871 2759 fa-

928 657 1075 697 ciebant,
1089 667 1155 688 non
1170 656 1290 697 Marti,
1303 655 1361 687 sed
1376 654 1518 687 Herculi
1532 654 1626 685 fieri:

929 717 1003 739 cum
1032 714 1146 739 tamen
1171 707 1253 738 Salii
1283 707 1349 737 sint
1372 705 1494 736 Martis
1516 714 1627 736 sacer-

928 759 1038 791 dotes.
1094 759 1208 791 Quare
1238 757 1385 798 scriptor
1415 755 1627 787 doctissimus

927 809 1016 840 illius
1042 809 1207 841 Glossarii
1230 813 1366 839 secutus
1391 812 1444 838 est
1469 810 1627 837 auctores

928 870 998 895 eOS,
1021 869 1101 901 quos
1124 865 1160 891 et
1181 858 1355 899 Virgilius,
1372 857 1451 888 (lum
1470 856 1629 888 attribuit

927 910 1033 942 Salios
1061 909 1216 948 Herculi,
1243 918 1308 939 non
1338 908 1458 939 Marti.
1500 906 1568 938 Sed
1592 910 1628 938 et

928 960 1096 992 Antonius
1115 960 1243 1000 Nipho,
1259 964 1293 990 et
1311 958 1474 990 Octavius
1494 957 1629 988 Heren-

927 1012 1001 1043 nius
1026 1012 1105 1042 olim
1121 1010 1342 1042 ostenderant
1357 1009 1467 1040 Salios
1485 1007 1629 1038 Herculi

928 1062 1058 1093 dicatos
1081 1071 1165 1093 esse·
1209 1061 1318 1092 Porro
1334 1060 1512 1091 Axamenta
1534 1057 1630 1088 dicta

927 1116 1006 1144 sunt
1021 1113 1062 1143 ab
1079 1112 1206 1143 Axare:
1230 1112 1292 1142 hoc
1308 1115 1372 1145 est,
1393 1115 1430 1141 ut
1453 1108 1523 1149 ipse
1548 1108 1629 1138 Fes-

928 1167 982 1193 tus
999 1162 1162 1203 explicat‚
1176 1160 1362 1192 nominare.
1398 1158 1628 1190 Glossarium:

927 1214 936 1230 ‘
955 1212 1129 1252 Anaxant,
1145 1209 1351 1250 ὀνομάζουσι.’
1397 1208 1464 1240 Sed
1481 1217 1547 1239 non
1564 1217 1632 1238 ma-

929 1263 979 1303 gis
996 1268 1079 1304 puto
1094 1272 1190 1294 axure
1205 1260 1342 1302 proprie
1358 1268 1433 1290 esse
1448 1258 1631 1295 nominare,

931 1323 1030 1353 quam
1056 1312 1145 1354 apud
1177 1312 1315 1343 Graecos
1345 1310 1562 1348 στηλιτεῦσαι,
1590 1307 1628 1337 τὸ

930 1363 1089 1402 δημεῦσαι,
1106 1367 1164 1393 aut
1182 1362 1220 1392 τὸ
1236 1359 1379 1401 ὑβρίζειν.
1423 1360 1490 1391 Sed
1507 1360 1540 1390 in
1559 1359 1628 1390 axi-

930 1414 992 1445 bus
1010 1423 1070 1445 seu
1087 1413 1210 1444 tabulis
1226 1413 1282 1443 illa
1295 1412 1444 1443 carmina
1459 1409 1631 1442 describe-

928 1464 1025 1504 bant,
1040 1464 1121 1495 item
1139 1469 1175 1494 ut
1193 1464 1286 1504 leges
1299 1472 1375 1493 suas
1388 1461 1503 1493 Graeci
1520 1462 1553 1491 ἐν
1565 1460 1631 1490 τοῖς

929 1515 1033 1555 ἅξωσι.
1080 1514 1173 1548 Quia
1188 1514 1278 1545 enim
1297 1513 1444 1554 legitime
1460 1516 1632 1551 concepta

929 1572 1026 1600 erant
1042 1568 1098 1598 illa
1114 1567 1276 1606 carmina,
1287 1569 1470 1606 propterea
1486 1572 1551 1594 non
1570 1563 1632 1593 mi-

929 1629 992 1650 nus
1016 1617 1258 1649 ediscebantur
1274 1626 1293 1646 a
1309 1615 1418 1653 Saliis,
1436 1623 1534 1655 quam
1550 1623 1569 1644 a
1583 1613 1631 1644 le-

929 1669 1036 1710 guleis
1049 1669 1214 1706 actiones,
1224 1672 1259 1698 et
1271 1665 1424 1697 formulae
1434 1664 1535 1705 juris.
1560 1663 1631 1694 Ita·

929 1729 993 1760 que
1007 1723 1042 1750 et
1052 1718 1174 1749 Cicero
1187 1718 1236 1748 ait
1250 1726 1268 1747 a
1283 1715 1396 1757 pueris
1411 1714 1630 1755 praetextatis

928 1777 1065 1800 carmen
1095 1767 1225 1798 Saliare
1263 1770 1424 1807 tanquam
1462 1764 1630 1804 legitimas

929 1819 1091 1851 formulas
1107 1819 1191 1850 disci
1209 1817 1360 1848 solitum.
1395 1815 1462 1847 Sed
1480 1820 1517 1846 et
1533 1820 1632 1846 erant

930 1871 996 1901 alia
1011 1868 1174 1904 carmina,
1192 1877 1267 1909 quae
1287 1877 1306 1898 a
1322 1866 1436 1907 pueris
1451 1864 1631 1896 disceban-

930 1925 997 1960 tur,
1022 1924 1061 1951 ut
1085 1928 1222 1950 carmen
1241 1917 1343 1949 Nelei
1359 1916 1402 1947 de
1418 1915 1579 1954 moribus,
1595 1919 1631 1945 et

928 1970 1064 2002 similia.
1108 1970 1196 2002 Quae
1216 1968 1296 2009 quia
1319 1967 1476 2007 religiose
1498 1965 1629 1996 edisce·

928 2021 1066 2060 bantur,
1084 2024 1119 2051 et
1135 2018 1321 2050 solenniter
1335 2021 1504 2057 concepta
1519 2019 1629 2054 erant,

928 2071 1008 2101 nibil
1025 2069 1168 2111 impedit
1184 2068 1335 2108 legitima
1352 2067 1431 2098 dici.
1475 2065 1532 2096 Sic
1549 2065 1631 2095 Ter-

929 2121 1088 2153 tullianus
1110 2118 1348 2151 disertissimus
1377 2127 1416 2147 ac
1444 2113 1630 2147 eruditissi-

928 2182 1000 2203 mus
1013 2170 1208 2212 scriptor,in
1221 2169 1306 2200 libro
1320 2167 1362 2198 de
1375 2165 1629 2207 persecutione,

927 2222 1115 2253 orationem
1134 2219 1351 2252 Dominicam
1376 2216 1548 2256 legitimam
1571 2225 1627 2246 vo-

927 2272 1019 2304 cavit
1035 2270 1306 2311 elegantissime:
1328 2267 1418 2309 quod
1436 2277 1455 2298 a
1470 2266 1580 2305 nobis,
1594 2270 1630 2297 et

927 2324 968 2354 ab
991 2322 1159 2361 omnibus,
1182 2320 1237 2361 qui
1260 2319 1396 2350 Christo
1417 2321 1628 2349 sacramento

928 2374 1100 2407 dixerunt,
1131 2376 1170 2402 ut
1199 2369 1355 2400 carminis
1386 2369 1441 2399 lex
1471 2366 1627 2409 quaedam

928 2424 1092 2455 discatur.
1114 2423 1185 2453 Jos.
1202 2421 1287 2452 Scae.

970 2473 1164 2513 Axamenta]
1189 2470 1243 2502 Ab
1259 2471 1268 2487 ‘
1282 2468 1372 2501 axis’
1391 2469 1520 2507 tabula,
1536 2468 1627 2509 quod

928 2524 960 2554 in
980 2523 1103 2554 tabulis
1125 2521 1310 2561 descripta.
1356 2519 1484 2550 Eadem
1508 2519 1517 2535 ‘
1537 2527 1628 2549 assa-

926 2572 1064 2613 menta,’
1091 2570 1183 2613 quod
1213 2570 1222 2587 ‘
1239 2569 1341 2601 assis'
1372 2568 1532 2600 dicebant
1564 2576 1626 2607 pro

927 2627 935 2643 ‘
960 2623 1057 2655 axis.’
1117 2622 1347 2655 Glossarium:
1387 2621 1396 2637 ‘
1423 2624 1626 2656 assamenta,

927 2675 1033 2714 στίχοι
1059 2674 1108 2705 ἐπὶ
1133 2676 1241 2705 θυσιῶν
1269 2670 1480 2713 Ἡρακλέους]
1524 2669 1625 2700 Unde

928 2726 1087 2758 discimus
1104 2728 1285 2756 axamenta
1308 2721 1411 2753 fuisse
1437 2729 1552 2751 versus
1569 2718 1624 2759 qui
