1835 2906
364 184 425 213 DE
457 181 726 212 VERBORUM
760 177 1163 209 SIGNlFch'rloNE
1199 176 1291 206 11115.
1329 176 1409 204 Vll.

165 279 350 329 Guotu,g
370 278 560 330 cognitu.

1524 163 1609 203 :293

165 344 534 394 GRACCHURIS,*¹
557 345 659 385 urbs
684 343 823 383 lberae
846 340 1051 393 regionis,
1076 338 1194 379 dicta
1217 350 1242 377 a
1264 336 1468 378 Graccho
1487 335 1613 376 Sem-

221 414 392 467 pronio,
411 426 512 466 quae
535 418 668 454 antea
689 409 862 453 Illurcis
884 407 1203 449 nominabatur.

167 479 400 522 Graeculii
433 494 459 521 a
480 493 589 521 sono
623 480 709 520 oris
740 477 915 518 vocati:
947 476 1039 515 sive
1074 487 1100 514 a
1134 472 1322 526 gerendo
1351 470 1475 519 dicti,
1498 469 1614 523 quod

214 549 340 602 jacta
371 554 573 601 segetum
606 546 771 587 semina
809 544 1042 597 plurimum
1071 544 1246 594 gerant:
1278 539 1363 588 vel,
1392 538 1514 592 quod
1558 549 1616 576 ex

223 616 394 656 olivetis
413 617 608 656 cubitum
636 626 684 654 se
706 612 968 665 recipientes
991 610 1101 650 duas
1120 608 1308 662 pedibus
1330 607 1513 654 baccas,
1535 609 1616 644 ter-

224 683 329 723 tiam
347 697 422 724 ore
439 683 594 724 ferant.

168 749 390 791 Gradivus
406 749 420 771 2‘
445 750 567 791 Mars
603 748 854 803 appellatus
887 750 955 787 est
987 758 1013 785 a
1041 743 1273 797 gradiendo
1294 743 1335 783 in
1360 740 1480 782 bella
1500 737 1615 778 ultro

827 868 967 900 NOTAE

110 971 112 973 ,
165 936 298 977 genibus
310 937 407 976 prisci
430 936 588 967 dixerunt.
634 936 724 966 Scal.
744 935 790 965 sic
817 934 865 964 iu-

170 987 223 1018 fra
240 988 273 1017 in
290 988 297 1003 ‘
312 987 380 1018 nixi
398 986 419 1018 :’
448 987 457 1002 ⁴
477 987 557 1018 Nixi
578 986 632 1017 Dii
651 986 868 1026 appellantur

171 1037 237 1068 tria
263 1037 356 1075 signa
381 1037 413 1067 in
440 1036 625 1076 Capitolio,
652 1042 731 1066 ante
748 1035 866 1066 cellam

170 1087 335 1117 Minervae
353 1086 493 1126 genibus
510 1085 610 1116 nixa.'
646 1086 733 1125 Ergo
747 1084 868 1123 guilor,

171 1136 261 1177 quod
279 1146 366 1167 nunc
382 1137 477 1175 nitor,
502 1136 596 1176 quasi
622 1136 759 1174 genitor,
776 1134 868 1173 geni-

170 1186 233 1217 bus
259 1186 424 1217 incumbo.
469 1185 499 1216 A
526 1185 684 1225 ‘gnitum’
711 1184 869 1226 ‘gnisus‚’

170 1237 304 1278 guituS,’
328 1241 362 1267 et
386 1236 394 1251 ‘
413 1235 555 1275 gnixnsss
579 1235 676 1266 Idem.

209 1291 224 1313 g
254 1284 377 1324 Gnotn]
401 1285 557 1316 Gtossae:
580 1285 765 1324 ‘Gnotum‚
790 1286 868 1323 γνῶ-

171 1347 231 1374 σιν,
247 1334 434 1374 διάγνωσιν.’
456 1336 526 1366 dos.
543 1335 628 1366 Scal.

217 1387 336 1426 Gnotu,
355 1386 496 1426 cognitu]
519 1386 549 1417 A
573 1385 714 1425 ’γινώσκω
740 1384 868 1416 factum

168 1447 295 1476 gnos-co.
332 1437 431 1468 Varr.
461 1438 470 1454 ‘
488 1437 631 1473 Adeste,
649 1437 776 1472 adeste,
794 1446 869 1477 quae

173 1489 348 1528 feramque
366 1488 532 1527 gnoscite,
547 1488 691 1518 Domum
703 1493 737 1518 ut
751 1486 871 1518 feratis

172 1549 190 1569 e
207 1538 339 1570 theatro
357 1536 491 1568 literas.'

172 1599 273 1620 nosco.
308 1591 317 1605 ‘
337 1586 478 1627 Guotu,'

537 1537 564 1568 A
581 1547 694 1576 gnosco
719 1536 834 1568 demto
848 1546 872 1576 g

516 1587 525 1604 ‘
551 1586 658 1618 notu.'
719 1586 872 1617 Glossar.

166 1639 288 1680 ‘gnot,'
302 1639 394 1679 (lege
402 1636 875 1678 gnoscit‚)‘E365v‚÷'vrt7zvcho·tc-

174 1689 222 1720 ει.’
257 1690 407 1725 ‘Gnotu,
431 1690 558 1728 γνῶσιν,
585 1686 770 1726 διάγνωσιν.’
798 1686 874 1717 Fal-

174 1741 290 1771 luntur
306 1741 409 1780 igitur
425 1739 481 1780 qui
498 1740 529 1770 in
545 1748 657 1778 gnosco
673 1743 707 1768 et
721 1740 836 1776 gnotus
849 1747 874 1776 g

174 1789 321 1821 credunt
336 1794 521 1819 assumtum
535 1788 568 1818 in
585 1787 647 1818 his.
678 1787 874 1818 Priscianus

176 1841 234 1873 lib.
264 1850 306 1872 ιι.
331 1842 340 1858 ‘
361 1841 422 1871 Est
447 1838 584 1881 quando
613 1840 645 1870 N
675 1838 874 1879 principalis

176 1891 316 1932 syllabae
333 1895 411 1922 ante
428 1899 463 1920 se
485 1889 624 1920 assumit
641 1889 686 1929 G,
709 1894 747 1920 ut
763 1893 875 1923 natus,

176 1946 318 1982 gnatus:
344 1945 456 1979 notus,
473 1945 595 1979 gnotus
611 1938 762 1979 antique,
785 1937 875 1968 uude

176 1992 310 2030 ignotus
324 2002 333 2030 ;
349 2000 467 2028 nosen,
482 1999 629 2029 gnosco;
644 1988 734 2026 novi,
751 1987 876 2028 gnovi.’

176 2042 245 2073 Sed
262 2047 381 2074 contra
405 2040 588 2072 Diomedes
615 2039 675 2070 lib.
694 2049 718 2070 1.
745 2039 753 2055 ‘
768 2039 876 2070 Gnos-

176 2093 236 2133 cit,
260 2094 308 2124 ait
326 2091 496 2130 Caecilius,
520 2090 675 2131 quoniam
693 2096 728 2121 et
744 2099 876 2129 praepo—

177 2144 300 2175 sitione
317 2142 446 2182 addita,
462 2142 643 2182 adgnosco,
659 2146 694 2172 et
710 2149 877 2181 cognosco

178 2192 345 2224 dicimus.'
369 2193 447 2224 Dae.

219 2243 233 2263 ¹¹
260 2242 464 2283 Gracchuris]
497 2242 603 2274 Ilerda
629 2242 818 2273 Ptolemaeo
843 2242 875 2272 in

181 2294 350 2333 Hispania
366 2293 622 2323 Tarraconensi.
648 2292 748 2323 Idem.

223 2344 230 2364 i
255 2342 419 2381 Graeculi]
456 2343 567 2373 Varro
596 2342 653 2373 lib.
684 2351 733 2373 iv.
761 2343 769 2358 ‘
787 2341 875 2382 quod

182 2393 348 2435 gregatim
375 2391 514 2423 volent.'
558 2392 624 2422 Sed
653 2392 770 2422 melius
799 2393 876 2422 Fes-

182 2451 249 2480 tus,
275 2454 294 2474 a
320 2452 399 2473 sono
429 2442 509 2481 oris,
533 2447 570 2472 ut
595 2447 630 2472 et
653 2442 803 2472 Isidorus
819 2441 879 2472 lib.

182 2503 251 2526 xn.
273 2503 346 2534 cap.
362 2495 393 2523 7.
417 2491 426 2508 ‘
441 2491 608 2523 Graculus
632 2501 652 2522 a
677 2491 879 2531 garrulitate

181 2549 408 2584 nuncupatus,
424 2552 504 2580 non,
528 2547 564 2572 ut
591 2541 726 2582 quidam
750 2541 880 2579 volunt,

183 2605 244 2636 pro
271 2604 311 2625 eo
338 2592 428 2634 quod
454 2591 619 2632 gregatim
647 2592 772 2626 volent,
804 2600 878 2622 cum

183 2645 227 2676 sit
247 2643 459 2675 manifestum
483 2651 525 2672 ex
553 2651 635 2672 voce
660 2651 736 2672 eum
754 2651 879 2673 nuncu-

184 2695 268 2734 pari.
314 2695 375 2725 Est
391 2698 503 2725 autem
525 2692 797 2732 loquacissimum
824 2701 879 2732 ge-

186 2753 260 2784 uus7
276 2748 311 2775 et
335 2742 473 2775 vocibus
490 2741 741 2782 importunum.’
786 2741 880 2772 Idem

924 930 1124 963 Quintilian.
1153 929 1209 961 lib.
1234 939 1259 960 1.
1286 938 1360 968 cap.
1386 929 1437 957 10.
1459 925 1622 964 gracculus

923 981 1158 1013 diminutivum
1182 990 1201 1010 a
1224 988 1368 1018 graccus,
1394 981 1429 1007 et
1451 984 1583 1014 graccus
1605 983 1624 1004 a

920 1044 1022 1073 graaeo
1038 1038 1096 1063 aut
1111 1042 1218 1072 groco,
1241 1030 1329 1072 quod
1358 1040 1376 1060 a
1401 1026 1511 1067 κράζω.
1555 1025 1623 1057 Sed

925 1094 1041 1115 verum
1060 1088 1194 1124 etymon
1220 1081 1350 1112 invenit
1377 1078 1625 1110 eruditissimus

924 1141 959 1166 et
978 1133 1249 1175 elegantissimus
1266 1130 1416 1171 AEgidius
1443 1128 1624 1167 Menagius

924 1185 1051 1215 amicus
1068 1188 1197 1222 noster,
1221 1182 1276 1222 qui
1293 1180 1410 1212 scribit
1427 1178 1488 1210 ἀπὸ
1502 1179 1559 1208 τοῦ
1574 1176 1625 1207 κό-

924 1245 1016 1274 ρακος
1051 1232 1253 1264 diminutiva
1290 1230 1398 1262 forma
1433 1230 1441 1246 ‘
1457 1227 1628 1266 coracus,'

924 1288 932 1303 ‘
951 1284 1153 1321 coracnlusss
1177 1285 1186 1301 ‘
1206 1282 1383 1321 craculus,'
1408 1282 1417 1298 ‘
1439 1279 1628 1323 graculus3'

924 1337 1081 1376 graculus
1110 1335 1199 1366 enim
1218 1345 1260 1367 ex
1287 1342 1464 1366 corvorum
1490 1340 1629 1372 genere.

927 1387 1083 1418 Graculus
1110 1390 1324 1417 contractum
1361 1384 1502 1424 graqus,
1538 1381 1628 1412 unde

926 1436 1083 1467 Italicum
1094 1436 1196 1475 grola,
1209 1435 1379 1467 Gallicum
1389 1434 1488 1473 grele.
1513 1432 1629 1464 Quare

926 1486 1132 1517 corniculam
1150 1485 1236 1516 dixit
1262 1484 1427 1516 Horatius
1452 1483 1486 1514 in
1504 1482 1631 1523 episto-

926 1537 987 1568 lis:
1014 1538 1022 1554 ‘
1039 1537 1104 1576 Ne,
1130 1537 1156 1566 si
1172 1535 1261 1567 forte
1279 1545 1356 1566 suas
1373 1534 1556 1574 repetitum
1574 1542 1630 1563 ve·

929 1587 1021 1618 uerit
1045 1588 1122 1618 olim
1141 1586 1237 1618 Grex
1257 1586 1368 1616 avium
1393 1585 1535 1624 plumam,
1561 1592 1631 1613 mo·

930 1642 1008 1667 veat
1024 1637 1198 1667 cornicula
1214 1636 1316 1666 risum
1335 1634 1485 1665 Furtivis
1504 1632 1632 1663 nudata

930 1684 1126 1717 coloribus.'
1163 1686 1268 1716 Plura
1286 1684 1361 1714 vide
1377 1683 1467 1723 apud
1486 1682 1579 1713 illum
1597 1680 1631 1711 in

929 1740 936 1753 ⁸
951 1735 1204 1767 amoenitatibus
1220 1734 1314 1767 Juris
1331 1731 1465 1764 civilis.’
1490 1732 1588 1762 Idem.

972 1786 985 1806 ¹<
1012 1785 1190 1825 Gradivus]
1221 1784 1310 1817 Quia
1336 1782 1489 1824 gramine
1513 1781 1557 1811 sit
1580 1789 1632 1810 or-

930 1842 1007 1868 tus:
1040 1846 1083 1867 ex
1113 1835 1196 1867 flore
1226 1834 1341 1865 nescio
1373 1841 1438 1873 quo
1472 1831 1633 1870 concepit

930 1896 1004 1918 eum
1023 1891 1143 1918 mater.
1168 1884 1309 1915 Ovidius
1326 1882 1386 1915 lib.
1403 1892 1436 1913 v.
1452 1882 1545 1912 Fast.
1561 1881 1631 1910 Jos.

931 1936 1014 1968 Scal.

976 1986 1152 2027 Gradivus]
1180 1985 1318 2017 Servius
1343 1993 1399 2015 111.
1423 1982 1498 2013 AEn.
1525 1981 1633 2012 ‘Gra-

932 2039 1046 2069 divum
1062 2037 1258 2068 exilientem
1276 2036 1309 2065 in
1328 2034 1465 2074 praelia:
1492 2031 1580 2072 quod
1600 2031 1633 2061 in

934 2087 1141 2118 bellant·.bus
1157 2086 1205 2117 sic
1223 2093 1363 2115 necesse
1381 2087 1453 2114 est:
1478 2086 1536 2111 aut
1560 2089 1634 2121 gra-

933 2148 1007 2169 vem
1033 2139 1145 2169 Deum
1175 2136 1336 2167 Patrem:
1366 2137 1425 2163 aut
1452 2131 1529 2162 ideo
1554 2130 1635 2171 quia

932 2188 1021 2230 apud
1050 2187 1240 2219 Pontifices
1269 2186 1360 2216 Mars
1382 2188 1480 2224 pater
1497 2180 1633 2211 dicitur.

932 2239 1001 2271 Alii
1027 2238 1229 2272 Gradivum,
1264 2234 1353 2276 quod
1382 2231 1523 2274 gradum
1548 2229 1631 2260 infe-

932 2295 1021 2328 rant,
1045 2289 1101 2330 qui
1124 2293 1291 2328 pugnant,
1309 2289 1367 2315 aut
1384 2282 1471 2324 quod
1489 2281 1633 2321 impigre

932 2339 1142 2379 gradiantur.
1173 2337 1239 2367 Alii
1257 2346 1272 2365 a
1292 2329 1528 2371 gratitudine?
1543 2330 1634 2372 (lege

929 2387 1162 2430 gradiendine‚)
1184 2389 1193 2404 ‘
1213 2385 1302 2428 quod
1321 2385 1385 2415 huc
1402 2388 1437 2414 et
1461 2382 1542 2413 illuc
1558 2390 1633 2422 gra-

932 2440 1070 2471 diatur:
1111 2436 1199 2468 unde
1237 2436 1386 2466 Martem
1421 2440 1633 2464 communem

932 2491 1012 2521 dici.
1059 2489 1126 2519 Alii
1142 2484 1439 2525 Gradivum,quia
1462 2490 1632 2522 nunquam

934 2544 1106 2581 equester,
1130 2541 1217 2568 auta
1234 2535 1340 2576 gradu
1356 2532 1509 2565 dictum!
1556 2532 1634 2563 Nou

933 2587 1123 2622 omittenda
1141 2596 1256 2617 eorum
1280 2584 1461 2618 sententia,
1484 2581 1539 2622 qui
1560 2590 1636 2620 gra-

933 2639 1037 2671 divum
1053 2642 1176 2679 putant
1191 2634 1281 2677 quod
1298 2644 1340 2665 ex
1366 2633 1517 2674 gramine
1541 2636 1632 2662 ortus

935 2690 1001 2720 sit:
1024 2697 1101 2719 nam
1118 2696 1193 2719 eum
1209 2686 1300 2718 Juno
1329 2688 1423 2714 tacto
1446 2680 1530 2713 flore
1555 2690 1632 2712 cou-

936 2739 1041 2781 cepit‚
1089 2736 1192 2769 Ovid.
1211 2745 1245 2766 v.
1264 2735 1355 2767 Fast,
1375 2735 1454 2766 Duc»
