1835 3015
611 496 1176 549 SERENISSIMO

356 680 1428 760 DELPHINO

766 884 810 925 S.
852 883 906 923 P.
954 883 1006 923 D.

500 1056 597 1103 ΑΝ
603 1053 838 1102 DREAS
893 1050 1272 1100 DACERIUS·

162 1394 223 1454 Si
247 1411 353 1452 mihi
374 1422 473 1451 cum
496 1410 583 1450 alio
603 1407 797 1462 principe
817 1418 935 1447 nunc
956 1417 1025 1446 res
1047 1406 1175 1452 esset,
1191 1403 1319 1455 eique
1336 1399 1459 1441 Festi
1477 1398 1609 1439 Pom⁴²

161 1479 237 1532 pei
266 1479 402 1519 libros
427 1476 640 1525 offerrem,
672 1475 777 1516 mihi
807 1474 994 1515 fortasse
1018 1469 1255 1512 verendum
1288 1468 1414 1516 soret,
1442 1479 1498 1506 ne
1523 1464 1611 1512 ille,

162 1546 406 1587 ditissimos
435 1543 714 1597 antiquitatis
744 1542 961 1583 Romanae
996 1538 1225 1580 thesauros
1247 1536 1469 1588 ignorans,
1493 1530 1613 1571 velut

161 1612 316 1653 inutile
347 1624 504 1653 munus
535 1612 855 1664 aspernaretur.
914 1605 1018 1647 Tibi
1057 1616 1161 1644 vero
1201 1615 1281 1643 eos
1304 1599 1437 1641 hodie
1460 1609 1612 1638 conse-

162 1691 249 1728 cro,
271 1679 541 1719 DELPHINE
564 1677 920 1722 SERElesimss,
944 1672 1020 1725 qui
1040 1684 1130 1711 non
1153 1669 1293 1710 solum
1316 1667 1448 1720 pleno
1478 1662 1609 1716 gradu

162 1744 206 1784 in
228 1746 450 1786 literarum
484 1743 644 1785 studiis
679 1739 957 1794 processisti,
979 1738 1057 1778 sed
1089 1737 1242 1776 intima
1270 1744 1445 1787 quoque
1478 1729 1613 1769 disci-2

162 1811 381 1862 plinarum
411 1808 655 1862 penetralia
675 1806 893 1855 reserasti,
915 1807 959 1845 et
980 1805 1044 1844 sic
1070 1803 1203 1843 etiam
1233 1797 1478 1840 incredibili
1500 1808 1611 1835 sem-

163 1890 241 1930 per
260 1890 378 1917 nova
411 1875 610 1915 discendi
645 1872 886 1926 cupiditate
921 1869 1095 1911 teneris.
1155 1866 1306 1917 Quare
1343 1869 1438 1905 tuto
1473 1874 1611 1913 augu-

163 1944 248 1984 rari
266 1954 402 1996 posse
422 1941 585 1990 videor,
603 1940 696 1980 fore
716 1941 765 1978 ut
786 1937 932 1978 volens
953 1934 1261 1989 propitiusque
1276 1932 1462 1973 Festum
1478 1929 1612 1968 Pom-

162 2010 309 2063 peium
342 2008 558 2061 accipias,
593 2006 670 2060 qui
700 2005 738 2045 si
768 2017 857 2044 non
892 2014 1064 2043 omnem
1099 2001 1219 2040 sitim
1255 2004 1378 2039 tuam
1414 1995 1611 2048 explere,

163 2089 259 2117 eam
288 2080 407 2117 certe
427 2073 583 2122 lenire,
615 2071 779 2126 possit,
805 2075 851 2110 et
869 2067 1169 2121 liquidissimo
1201 2064 1454 2106 salientium
1475 2073 1611 2114 aqua-

163 2155 255 2183 rum
287 2141 464 2182 flumine
504 2145 760 2192 temperare.
833 2135 956 2177 Vera
991 2134 1109 2183 dico,
1146 2132 1415 2173 DELPHmE
1458 2128 1613 2168 SERE-

166 2219 389 2258 NlSSIME,
419 2209 534 2248 inter
564 2204 959 2259 praestantissimos
980 2202 1233 2254 scriptores,
1254 2198 1329 2251 qui
1352 2209 1421 2237 res
1447 2194 1611 2235 Roma=

165 2288 243 2316 nas
262 2274 401 2315 literis
417 2273 698 2321 mandarunt,
714 2270 862 2311 nullus
882 2272 953 2309 est
974 2267 1050 2321 qui
1069 2271 1111 2307 te
1144 2266 1270 2319 plura
1302 2264 1420 2303 bona
1440 2261 1612 2308 doceat,

166 2343 299 2382 immo
331 2346 375 2381 et
410 2341 509 2394 ipse
550 2339 675 2381 solus
710 2341 776 2378 est
803 2335 879 2389 qui
920 2339 965 2375 te
1004 2333 1147 2374 multa
1179 2332 1351 2378 doceat,
1382 2340 1482 2368 cum
1514 2326 1613 2366 aliis

169 2408 463 2463 scriptoribus
502 2407 687 2454 intacta,
713 2408 805 2446 tum
838 2407 884 2444 et
916 2400 1216 2455 superioribus
1248 2396 1408 2438 nostris
1440 2393 1613 2435 saeculis

168 2474 383 2516 inaudita.

227 2541 331 2595 Ipse
353 2539 528 2594 quidem
568 2540 622 2580 de
659 2538 889 2579 verborum
921 2532 1237 2588 significatione
1269 2532 1314 2572 in
1342 2529 1463 2569 hisce
1493 2539 1614 2567 com-

170 2608 393 2649 mentariis
420 2610 617 2648 acturum
638 2619 685 2647 se
717 2604 957 2659 profitetur,
980 2601 1058 2642 sed
1087 2599 1287 2654 quamvis
1314 2597 1401 2637 late
1434 2597 1614 2648 pateant

172 2675 400 2717 verborum
428 2673 789 2727 significationes,
822 2668 1088 2717 differentiae,
1129 2665 1431 2721 proprietates,
1472 2672 1614 2712 eaque

257 2751 371 2791 Delph.
394 2755 425 2782 et
445 2752 521 2784 Var.
548 2751 633 2782 Clas.
786 2748 894 2787 Pomp.
913 2746 996 2778 Feste
1498 2736 1526 2767 Α
