1835 2906
376 143 436 172 DE
472 139 743 171 VERBORUM
779 136 1189 168 SIGNIFICATIONE
1225 136 1314 167 mn.
1349 137 1400 166 11.

1527 126 1605 169 1:21

164 241 431 283 Bubleum²0
447 245 463 270 P
484 244 554 279 est
575 250 712 291 genus
730 234 953 290 quoddam
976 233 1081 275 vini.

164 309 382 351 Buocinaq
417 320 551 361 quam
580 318 664 347 nos
699 304 990 358 appellamus,
1013 301 1163 343 Graeci
1184 301 1457 342 buchianon¹
1492 312 1519 341 a
1550 302 1608 341 si-

219 376 461 417 militudine
482 375 581 416 soni
603 374 768 414 dicunt.

162 444 473 498 Bucephalusr
501 446 688 485 vocatus
721 443 790 481 est
819 450 961 492 equus
994 435 1239 478 Alexandri
1268 436 1398 488 regis,
1431 440 1611 490 propter

219 511 439 566 quandam
458 510 614 551 bubuli
636 508 795 562 capitis
819 505 1168 549 similitudinem.

163 582 379 622 Bueerum
395 584 407 600 ⁵
429 592 569 633 pecus
591 577 644 618 de
664 577 811 618 bubus
835 575 1041 616 dicimus.

164 648 358 701 Bulgast
380 646 503 688 Galli
521 646 728 688 sacculos
743 647 943 685 scorteos
965 641 1210 696 appellant.

164 717 414 758 Bulimamu
447 714 595 756 Graeci
632 726 834 766 magnam
856 711 1017 753 famem
1040 710 1209 760 dicunt,
1238 710 1411 751 adsueti
1441 708 1611 762 magnis

768 831 886 843 oooooo

890 829 1006 843 eeeeee

205 904 246 933 20
270 899 324 931 Al.
340 900 482 931 Bubeum
498 903 534 930 et
551 898 788 929 Bublinum.—l
817 896 1013 938 Legendum
1037 899 1153 927 monet
1179 895 1266 928 Scal.
1287 894 1392 927 Graeci
1409 895 1614 927 Euenum.—

163 947 182 975 2
206 944 296 976 Scal.
325 949 361 975 et
389 944 476 974 Dac.
499 942 678 982 corrigunt
693 941 868 972 Bulimum.

817 1027 850 1059 N
855 1026 962 1058 o'rAE

163 1095 215 1127 hic
236 1093 354 1125 Lucilii
371 1103 502 1124 versum
519 1093 639 1124 Festus
649 1092 860 1133 explanavit,

163 1145 220 1176 ubi
239 1144 281 1175 de
299 1144 418 1184 puerili
433 1147 581 1175 stercore
598 1143 762 1184 loquitur.
779 1143 861 1173 Dac-

205 1200 220 1221 Ρ
247 1193 411 1233 Bubleum]
426 1193 625 1225 Theocritus
639 1193 764 1234 Eidyll.
779 1203 860 1225 xrv.

163 1245 299 1285 Byblini
330 1245 396 1276 vini
427 1243 510 1275 facit
536 1244 754 1275 mentionem.
782 1243 860 1276 Ant.

164 1296 250 1334 Aug.

206 1345 373 1388 Bubleum]
389 1347 433 1378 Et
443 1345 622 1377 Bublinum.
646 1345 769 1378 Graece
782 1345 861 1382 βύβ-

164 1402 260 1428 λινος.
284 1397 455 1428 Theocrit.
482 1396 571 1437 Idyl.
589 1405 668 1428 x1v.
693 1396 808 1436 Ἀνῴξα
830 1396 862 1428 δὲ

162 1446 313 1483 βύβλινον
336 1447 441 1479 αὐτοῖς
467 1447 582 1488 Εὐώδη,
598 1446 733 1489 τετόρων
758 1447 862 1481 ἐτέων.

162 1498 171 1514 ‘
183 1498 301 1529 Relevi
335 1503 449 1530 autem
484 1498 650 1529 Bubleum
684 1499 749 1530 illis
783 1500 863 1530 Fra·

163 1557 275 1588 grans,
291 1553 438 1589 quatuor
452 1548 638 1581 annorum!
662 1549 743 1584 Duc.

205 1605 218 1624 ‘1
246 1598 400 1639 Buccirm]
419 1598 447 1629 A
464 1598 588 1630 Graeco
604 1598 734 1637 βυκάνη,
751 1604 786 1632 ut
803 1611 862 1642 op-

164 1648 244 1680 time
260 1650 410 1680 correxit
425 1650 590 1690 Scaliger,
606 1660 625 1681 a
642 1650 863 1682 similitudine

164 1700 249 1738 soni,
262 1699 339 1740 quia
355 1700 414 1730 hou
426 1700 483 1731 hou
499 1700 612 1739 canit3
630 1704 667 1730 ut
684 1701 787 1731 sentit
803 1701 866 1732 eti-

163 1758 216 1779 am
233 1750 409 1781 Varrolib.
426 1758 478 1781 1v.
492 1749 534 1780 de
544 1750 623 1781 L.L.
637 1751 646 1766 ‘
660 1750 771 1782 Etiam
784 1750 864 1782 buc-

163 1800 299 1831 cinator
316 1811 335 1831 a
350 1800 441 1831 vocis
461 1800 680 1833 similitudine
702 1807 738 1833 et
761 1808 864 1833 cantu

164 1849 312 1882 dicitur.'
338 1851 437 1882 Idem.

204 1906 216 1921 ¹
240 1901 453 1941 Bucephalus]
469 1902 598 1934 Contra
613 1902 750 1934 Festum
766 1903 862 1934 selio-

162 1950 281 1981 liastes
308 1951 567 1992 Aristophanis:
592 1952 627 1982 οὐ
649 1952 720 1993 γὰρ,
741 1953 862 1994 iuquit,

162 2000 375 2041 βουκεφάλους
387 2001 498 2034 ἵππους
512 2004 666 2041 καλοῦμεν
678 2003 726 2034 διὰ
737 2003 775 2034 τὸ
789 2016 862 2045 μορ-

163 2052 227 2091 φὴν
248 2051 391 2089 τοιαυτὴν
409 2052 520 2084 αὐτοὺς
537 2052 636 2093 ἔχειν,
656 2054 742 2086 ἀλλὰ
755 2054 803 2086 διὰ
813 2054 863 2085 οὕ-

162 2114 223 2133 τως
253 2101 497 2143 ἐὙκεχαρᾶ-χθαι,
519 2103 559 2135 ὡς
588 2104 639 2136 καὶ
664 2104 866 2146 Ἀλεξάνδρου

163 2156 220 2185 τοῦ
233 2155 407 2187 Μακεδόνος
426 2157 442 2187 ὃ
456 2157 548 2189 ἵππος
563 2156 612 2195 ἧν.
638 2158 659 2189 ἰ.
675 2169 704 2189 e.
720 2159 729 2175 ‘
744 2160 864 2201 Neque

163 2207 252 2238 enim
264 2208 476 2249 Bucephalos
489 2219 593 2250 equos
606 2209 762 2249 dicimus,
774 2211 864 2252 quod

164 2258 223 2288 tali
242 2256 346 2288 forma
363 2258 497 2299 praediti
514 2260 593 2297 sint,
615 2261 674 2292 sed
700 2261 790 2303 quod
816 2266 866 2292 ta-

164 2307 229 2338 lem
254 2312 366 2339 notam
391 2309 538 2341 inustam
554 2315 689 2351 gerant,
705 2317 743 2343 nt
759 2321 867 2353 equus

165 2357 351 2389 Alexandri
368 2359 592 2392 Macedonis!
637 2361 734 2393 Idem
750 2361 868 2393 Arria-

164 2418 246 2439 nus:
266 2409 318 2439 vel
334 2409 423 2449 quod
437 2414 551 2442 notam
568 2411 746 2443 candidam
763 2413 796 2444 in
811 2423 867 2444 ca—

165 2459 237 2500 pite
254 2458 411 2490 habuerit
438 2468 544 2500 equus
568 2460 768 2502 Alexandri,
792 2463 865 2504 ipse

166 2514 256 2540 totus
272 2508 381 2548 niger.
423 2508 490 2539 Sed
509 2519 625 2541 verum
642 2515 696 2542 est
721 2512 772 2543 ita
794 2513 866 2544 dic·

164 2563 237 2590 tum
252 2558 354 2590 fuisse
379 2559 456 2601 quia
471 2560 650 2592 Thessalus
666 2567 771 2603 esset,
792 2563 867 2595 her·

166 2609 312 2651 bamque
328 2610 536 2642 boucranion
554 2611 699 2643 inustam
711 2612 864 2645 haberet.

166 2659 221 2690 Ita
248 2660 337 2691 enim
367 2670 548 2701 generosos
583 2671 733 2702 quosque
759 2671 864 2704 equos

167 2719 242 2742 suos
259 2710 440 2744 inurebant
453 2712 614 2744 Thessali.
642 2713 740 2745 Idem.

957 1097 967 1112 ³
1001 1091 1173 1132 Bucerum]
1213 1090 1444 1123 Glossarium:
1484 1094 1492 1107 ¹
1507 1090 1616 1121 Buce-

916 1153 1002 1183 rum,
1036 1142 1174 1182 γέννημα
1196 1142 1289 1178 βιός.’
1315 1143 1405 1182 lege,
1432 1140 1518 1177 βοός.
1546 1143 1616 1172 «103,

917 1194 1004 1225 Scal.

958 1244 1129 1285 Bucerum]
1155 1242 1339 1283 Eleganter
1357 1243 1495 1274 Lucret.
1510 1241 1568 1274 lib.
1583 1251 1617 1273 v.

917 1295 927 1312 ‘
942 1295 1188 1336 Lanigeraeque
1215 1294 1314 1325 simul
1339 1293 1489 1335 pecudes
1509 1298 1543 1324 et
1557 1293 1618 1327 bu-

917 1355 997 1377 cera
1020 1345 1135 1379 secla.’
1182 1346 1226 1377 Et
1243 1345 1347 1377 Ovid.
1364 1346 1421 1378 lib.
1439 1355 1487 1377 vr.
1504 1346 1618 1377 Meta-

917 1397 1048 1438 morpli.
1083 1399 1092 1415 ‘
1108 1398 1357 1439 Lanigerosque
1394 1406 1527 1438 greges,
1566 1406 1619 1427 ar-

918 1454 1099 1490 mentaque
1112 1448 1237 1479 bucera
1251 1447 1367 1489 pavit.y
1412 1448 1524 1480 Gloss.
1537 1447 1619 1479 Phi-

917 1499 1052 1530 loxeni:
1097 1499 1106 1516 ‘
1122 1500 1306 1538 Bucermn,
1342 1498 1481 1538 ’γέννημα
1522 1498 1597 1534 βοὸς
1611 1498 1618 1510 ’

918 1552 984 1591 leg.
999 1551 1156 1581 Bucerum
1167 1550 1290 1580 seclum.
1316 1551 1401 1583 Dae.

960 1601 970 1619 ῑ
992 1600 1131 1641 Bulgas]
1157 1601 1276 1632 Adhuc
1304 1600 1396 1632 Galli
1422 1609 1543 1631 nomen
1567 1608 1621 1631 re-

919 1652 1042 1688 tinent,
1080 1652 1139 1683 sed
1164 1653 1414 1692 ὑποκοριστικῶς,
1446 1651 1620 1690 Bnlgetas.

917 1702 1002 1733 Sunt
1020 1706 1133 1733 autem
1152 1702 1229 1733 risci
1246 1702 1385 1733 scortei.
1407 1702 1478 1732 JoS.
1490 1701 1577 1733 Scal.

974 1751 1113 1791 Balgas]
1153 1751 1208 1782 Ita
1246 1751 1401 1782 sacculos
1449 1751 1620 1790 pellaceos

917 1812 1096 1833 crumenas
1110 1802 1256 1832 Veteres
1266 1801 1496 1842 appellarunt.
1511 1800 1621 1833 Lucil.

917 1854 926 1869 ‘
945 1851 1006 1883 Cui
1022 1861 1131 1893 neque
1150 1851 1344 1892 jumentum
1368 1855 1434 1886 est,
1459 1859 1522 1881 nec
1550 1859 1621 1881 ser-

918 1913 991 1943 vus,
1002 1912 1067 1934 nec
1081 1912 1192 1934 comes
1205 1901 1305 1942 ullus,
1315 1901 1471 1941 Ruigam,
1483 1905 1518 1932 et
1529 1900 1621 1941 quic-

917 1954 997 1995 quid
1014 1953 1118 1984 habet
1134 1962 1357 1991 nummorum,
1374 1961 1489 1983 secum
1504 1950 1623 1990 habet,

918 2005 990 2044 ipse
1007 2005 1092 2036 Cum
1110 2003 1212 2045 bulga
1228 2007 1355 2041 coenat,
1370 2002 1509 2043 dormit,
1523 2001 1621 2041 lavit,

917 2055 1023 2086 omnis
1041 2055 1075 2086 in
1091 2064 1158 2085 uua
1172 2054 1258 2095 Spes
1274 2053 1401 2085 homini
1419 2053 1533 2093 bulga,
1558 2051 1622 2085 hac

917 2104 1079 2136 devincta
1107 2109 1159 2136 est
1182 2109 1299 2136 cetera
1325 2103 1420 2134 vita.’
1465 2102 1622 2133 Vocabu-

916 2156 985 2187 lum
1003 2156 1184 2196 Gallicum,
1199 2155 1287 2196 quod
1308 2155 1431 2186 Festus
1445 2153 1623 2194 intelligit,

917 2212 969 2238 est
997 2207 1105 2246 bouge,
1134 2212 1170 2238 et
1201 2206 1436 2236 diminutivum
1467 2205 1623 2244 bougette.

918 2258 963 2288 Et
978 2257 1116 2288 Latinos
1131 2267 1149 2287 a
1166 2257 1275 2288 Gallis
1292 2265 1409 2287 vocem
1426 2256 1549 2295 bulgum
1566 2264 1622 2286 ac·

918 2308 1051 2349 cepisse
1079 2306 1247 2339 creditum
1277 2309 1340 2338 est.
1398 2305 1466 2337 Sed
1501 2305 1621 2336 melius

919 2359 1057 2389 Vossius
1085 2358 1141 2399 qui
1173 2356 1215 2388 ab
1245 2357 1371 2389 AEolico
1401 2356 1533 2396 βολγὸς,
1558 2364 1621 2396 pro

917 2408 1049 2450 μολγὸς,
1084 2408 1238 2448 deducit,
1268 2417 1344 2440 nam
1366 2407 1499 2447 μολγὸς,
1520 2406 1622 2443 βόειος

920 2459 1026 2491 ἀσκός.
1055 2460 1136 2490 0αο.

963 2516 976 2531 ¹¹
1001 2509 1177 2550 Bulimam]
1207 2509 1300 2549 Lege
1327 2509 1503 2543 Bulimum.
1549 2509 1621 2549 Ego

919 2560 953 2592 id
969 2559 1063 2591 πάθος
1092 2560 1225 2591 invenio
1253 2560 1422 2591 Fun-illam
1446 2559 1576 2591 dictum
1601 2569 1621 2590 a

921 2615 1038 2642 vetere
1059 2611 1245 2641 collectore
1272 2610 1491 2643 Glossarum:
1516 2614 1524 2628 ¹
1539 2611 1623 2641 Fur-

920 2660 1180 2701 οἰ113,βούλιμος,
1194 2660 1319 2699 ὀμέγας
1342 2660 1456 2699 λιμός.’
1499 2660 1541 2692 Iu
1558 2660 1620 2691 Isi-

920 2712 1015 2748 doro,
1032 2713 1041 2729 ‘
1054 2711 1211 2751 Curcilla,
1227 2712 1387 2754 oppilago
1401 2711 1420 2744 :'
1437 2715 1473 2743 et
1489 2715 1620 2744 contra2
