1835 2906
180 148 265 190 266

619 159 768 190 SEXTI
803 159 1005 190 POMPEH
1040 161 1178 191 FESTI

184 255 382 295 Festram
397 252 413 276 ¹¹
435 255 605 308 antiqui
621 255 839 304 dicebant,
861 268 991 309 quam
1012 269 1095 296 nos
1116 256 1363 298 fenestram.

184 322 377 362 Fetiales
394 320 428 345 ¹³
460 334 488 362 a
513 322 706 363 feriendo
730 323 862 363 dicti:
894 322 1011 375 apud
1047 322 1126 363 hos
1148 323 1264 363 enim
1285 324 1390 365 belli
1411 323 1623 378 pacisque
1655 334 1658 336 ’

238 389 450 430 faciendae
466 389 544 443 jus
566 395 646 430 est.

183 454 376 508 FJBER,¹‘
396 470 533 510 genus
555 458 708 498 bestiae
730 456 995 511 quadrupes.

1055 456 1273 497 Plautus:
1307 457 1382 498 Sic
1406 471 1475 498 me
1496 458 1627 498 subes

788 566 884 580 ‘etet
888 565 1024 577 ‘Mdv

227 624 242 652 1
263 620 328 653 Ed.
343 621 431 652 Scal.
457 622 608 653 Feriales.

833 719 979 752 NOTAE

221 790 236 813 l·
260 793 416 834 Festram]
460 794 553 825 Nihil
586 798 753 834 praeterea
780 794 876 825 addit

180 844 410 883 ineptissimus
428 845 613 884 multator,
634 846 697 875 hoc
719 854 782 875 uno
799 855 875 876 con-

180 894 304 932 tentus,
328 894 491 924 vocabula
516 900 642 926 tantum
660 896 755 926 nobis
771 905 875 935 appo-

180 950 273 980 nere,
302 944 566 983 significationis,
591 950 626 976 et
649 946 755 977 omnis
780 946 876 984 ritus,

180 999 280 1034 atque
310 995 523 1035 antiquitatis
547 1005 696 1026 securus.
741 995 788 1027 At
818 1006 876 1026 nos

180 1044 323 1074 sciamus
345 1045 487 1076 Festram
503 1044 605 1076 fuisse
623 1047 743 1077 ostium
758 1047 879 1077 minus-

180 1095 292 1124 culum
325 1095 357 1125 iu
386 1098 543 1127 sacrario.
605 1097 705 1130 Quod
747 1102 877 1127 tantum

180 1144 292 1178 abest,
310 1150 346 1176 ut
365 1148 629 1186 praetermittere
647 1147 803 1178 debuerit
821 1147 879 1178 ab·

180 1194 355 1226 breviator
371 1196 447 1234 iste,
465 1202 502 1228 ut
524 1197 623 1228 etiam
643 1198 684 1228 de
701 1207 740 1228 eo
757 1199 877 1229 librum

171 1244 302 1283 justum
333 1246 521 1278 confecerit
548 1247 765 1278 doctissimus
781 1248 880 1278 simul

180 1300 281 1336 atque
301 1298 539 1328 vetustissimus
557 1298 808 1329 Grammaticus
826 1299 876 1329 M.

179 1345 348 1377 Antonius
365 1346 513 1387 Gnipho.
538 1349 751 1379 Macrobius:
768 1353 775 1365 ‘
788 1349 876 1379 Item

179 1394 349 1426 Antonius
380 1397 528 1437 Gnipho,
549 1399 598 1428 vir
624 1399 758 1435 doctus,
779 1401 875 1439 cujus

178 1446 324 1476 scholam
344 1447 464 1477 Cicero
478 1454 553 1487 post
571 1448 719 1479 laborem
731 1448 794 1480 fori
812 1449 875 1480 fre-

178 1496 378 1535 quentabat,
394 1497 500 1527 Salios
530 1499 667 1529 Herculi
690 1499 786 1530 datos
802 1509 876 1540 pro-

178 1545 236 1576 bat
274 1547 307 1576 iu
338 1556 377 1576 eo
403 1548 578 1584 volumine,
621 1559 686 1589 quo
723 1550 878 1589 disputat

177 1596 258 1636 quid
277 1596 320 1627 sit
339 1598 470 1636 Festi-a,
497 1599 583 1639 quod
611 1605 664 1630 est
680 1600 799 1630 ostium
818 1600 877 1630 mi-

178 1647 353 1676 nusculum
373 1647 405 1676 in
430 1649 590 1688 sacrario,
607 1658 671 1686 quo
689 1650 792 1679 verbo
810 1650 876 1679 En-

178 1696 251 1725 nius
267 1697 367 1727 etiam
387 1708 464 1727 usus
482 1699 554 1729 est?
601 1700 655 1729 Ita
676 1700 875 1739 jamdudum

178 1747 357 1786 legendum
378 1748 409 1778 in
439 1749 617 1780 Macrobio
637 1751 796 1790 suspicati
822 1761 875 1781 su-

178 1807 261 1831 mus,
288 1807 361 1828 cum
385 1808 465 1829 ecce
496 1800 695 1831 confirmata
722 1806 771 1831 est
800 1811 874 1832 sen-

179 1848 288 1878 tentia
315 1854 429 1878 nostra
454 1849 537 1879 libro
570 1851 737 1880 Macrobii
762 1861 876 1881 manu-

178 1897 320 1937 script0,
337 1898 433 1938 cujus
450 1899 580 1938 copiam
596 1900 692 1930 nobis
706 1899 788 1931 fecit
804 1911 876 1931 eru-

177 1948 378 1986 ditissimus,
404 1958 443 1979 ac
468 1950 569 1980 totius
592 1951 872 1991 antiquitatisju-

179 1998 293 2038 risque
317 1999 425 2029 civilis
454 2000 723 2040 promptuarium
751 2001 874 2032 Petrus

179 2048 347 2085 l’itlioeus,
364 2051 490 2081 amictu
508 2056 632 2081 noster.
655 2051 724 2081 Jos.
740 2051 822 2083 Scal.

222 2100 380 2140 Festram]
407 2101 554 2131 fenestra
579 2111 597 2131 a
624 2100 754 2140 φανίζω,
782 2102 874 2142 quasi

168 2151 326 2187 fimestra.
374 2151 442 2182 Per
470 2161 642 2192 syncopen
666 2151 783 2191 festm,
812 2152 874 2182 uisi

175 2202 273 2233 festra
288 2202 489 2242 simpliciter
499 2202 543 2232 sit
559 2212 578 2232 a
590 2200 670 2241 φάω,
686 2208 723 2232 nt
741 2203 874 2242 putavit

178 2252 331 2282 Vossius.
380 2253 499 2293 Neque
517 2253 620 2290 fcstra
649 2252 714 2283 fuit
744 2253 873 2294 quaevis

178 2301 342 2337 fenestra,
361 2312 421 2342 per
438 2312 534 2343 quam
552 2304 610 2333 lux
636 2303 792 2340 intraret,
814 2303 873 2333 sed

179 2353 395 2383 minusculum
413 2353 551 2384 sacrarii
573 2353 707 2384 ostium.
754 2353 808 2384 De
834 2364 874 2384 ea

178 2403 298 2432 librum
320 2404 450 2443 justum
479 2403 629 2435 confecit
659 2404 873 2435 doctissimus

179 2453 277 2482 simul
304 2459 403 2493 atque
429 2455 672 2485 vetustissimus
696 2454 873 2485 Gramma-

179 2502 266 2532 ticus
283 2502 333 2533 Μ.
360 2503 525 2533 Antonius
554 2505 712 2545 Gnipho:
741 2504 875 2535 Macro-

178 2554 274 2585 bius:
309 2554 414 2584 ‘Item
446 2555 613 2585 Antonius
647 2556 793 2595 Gnipho,
824 2557 874 2586 vir

180 2604 310 2639 doctus.
342 2604 437 2643 cujus
469 2604 614 2635 scholam
647 2606 767 2636 Cicero
799 2611 874 2645 post

179 2655 326 2685 laborem
364 2654 427 2685 fori
473 2653 725 2695 frequentabat,
765 2657 874 2687 Salios

182 2705 321 2736 Herculi
340 2704 434 2736 datos
451 2704 573 2744 probat
589 2706 621 2735 in
640 2716 679 2736 eo
695 2707 875 2744 volumine,

929 804 996 835 quo
1012 795 1159 834 disputat
1173 795 1251 836 quid
1269 795 1311 825 sit
1326 793 1556 835 Festra‚quod
1574 797 1627 826 est

930 845 1053 875 ostium
1070 845 1292 875 minusculum
1315 847 1348 875 in
1374 845 1535 881 sacrario,
1560 853 1625 884 quo

932 894 1035 925 verbo
1052 896 1152 925 etiam
1170 895 1297 925 Ennius
1312 904 1388 924 usus
1405 893 1477 924 est.'
1503 894 1584 924 Dae.

971 944 979 965 l
1004 944 1167 984 Fetiales]:
1191 945 1322 984 Legati,
1348 944 1404 984 qui
1427 944 1479 974 vel
1504 943 1544 974 ad
1569 953 1627 983 pa-

931 1004 1002 1025 cem
1021 994 1222 1031 faciendam,
1250 995 1302 1025 vel
1329 993 1368 1024 ad
1396 993 1518 1024 bellum
1542 993 1627 1023 indi-

931 1046 1089 1077 cendum.
1136 1045 1165 1076 A
1191 1044 1344 1076 feriendo
1373 1043 1503 1074 foedere
1528 1042 1627 1080 dicti,

929 1096 1025 1136 quasi
1041 1096 1184 1134 ferialem,
1202 1095 1254 1126 vel
1271 1095 1454 1132 asacz'endo,
1471 1093 1627 1134 quasise-

929 1146 1034 1184 ciales,
1051 1147 1137 1177 unde
1154 1152 1189 1176 et
1206 1146 1338 1185 quidam
1354 1154 1414 1185 per
1427 1144 1627 1174 Cscribunt.

929 1196 993 1227 Sed
1028 1197 1116 1236 apud
1157 1197 1300 1227 Graecos
1330 1204 1466 1234 semper
1503 1203 1563 1234 per
1599 1193 1627 1223 Τ

932 1247 1098 1287 φετιάλεις.
1122 1248 1237 1280 Quare
1255 1247 1382 1286 optime
1399 1245 1552 1279 Vossius,
1569 1244 1628 1284 qui

932 1298 978 1328 ait
995 1298 1106 1328 dictos
1123 1297 1237 1334 afalu,
1254 1297 1286 1326 id
1307 1301 1370 1334 est,
1384 1296 1497 1333 fando,
1514 1304 1532 1324 ιι
1549 1303 1628 1325 con-

932 1358 1027 1378 verso
1044 1348 1076 1378 in
1094 1358 1119 1378 e.
1164 1347 1300 1387 Quippe
1325 1350 1359 1376 et
1381 1348 1518 1375 oratores
1535 1344 1627 1374 dice-

930 1399 1051 1428 bantur
1065 1398 1162 1427 Varr.
1176 1397 1217 1427 de
1236 1397 1305 1427 vita
1321 1406 1399 1436 pop.
1418 1396 1517 1425 Rom.
1533 1394 1542 1411 ‘
1556 1394 1626 1425 Ita-

931 1457 995 1488 que
1021 1447 1107 1477 bella
1133 1453 1168 1477 et
1186 1446 1296 1483 tarde,
1320 1452 1353 1476 et
1381 1445 1472 1475 nulla
1488 1445 1628 1475 licentia

930 1498 1175 1536 suscipiebant,
1213 1496 1301 1536 quod
1335 1496 1455 1526 bellum
1487 1496 1627 1532 nullum,

931 1548 991 1577 nisi
1008 1549 1113 1587 pium,
1130 1547 1292 1586 putabant
1311 1546 1380 1586 geri
1401 1550 1574 1584 oportere,
1591 1548 1626 1574 et

933 1599 1125 1637 priusquam
1157 1596 1344 1626 indicerent
1373 1595 1496 1625 bellum
1529 1594 1580 1627 iis,
1608 1603 1627 1623 a

932 1648 1053 1688 quibus
1080 1647 1219 1686 injurias
1245 1645 1351 1675 factas
1376 1644 1544 1681 sciebant,
1577 1642 1627 1673 fe-

933 1698 1028 1728 tiales
1052 1698 1181 1737 legatos
1209 1706 1263 1726 res
1300 1695 1481 1735 repetitum
1515 1694 1628 1725 mitte-

932 1749 1015 1779 bant
1046 1753 1201 1787 quatuor,
1233 1756 1316 1788 quos
1346 1749 1498 1776 oratores
1532 1754 1627 1775 voca·

930 1799 1036 1830 bant?
1063 1799 1160 1829 Idem.

972 1849 986 1870 k
1012 1849 1117 1889 Fiber]
1144 1847 1279 1879 Animal
1297 1847 1386 1888 quod
1403 1852 1438 1878 et
1465 1848 1474 1864 ‘
1489 1846 1627 1885 castor,'

930 1906 965 1932 et
991 1901 1106 1931 ‘cauis
1135 1898 1303 1939 ponticus’
1333 1899 1473 1930 dicitur.
1519 1898 1626 1932 Fiber,

930 1950 1018 1992 quod
1042 1955 1210 1980 extremas
1240 1949 1385 1979 amnium
1416 1958 1492 1980 oras
1521 1949 1626 1986 colat,

930 2011 1011 2042 quas
1033 2000 1135 2040 fibras
1165 2000 1294 2029 dixere.
1363 1998 1449 2028 Nam
1480 1998 1625 2028 Veteres

929 2060 1026 2081 omne
1056 2056 1242 2079 extremum
1281 2048 1401 2090 filtrum
1444 2047 1627 2078 vocabant.

929 2101 1132 2140 Undefibroe
1147 2105 1309 2129 extrema>
1321 2098 1484 2137 jecinoris
1502 2102 1628 2137 partes,

929 2157 964 2182 et
982 2140 1125 2181 vestium
1157 2149 1310 2179 fimbri-ae.
1357 2149 1464 2179 Varro
1491 2149 1549 2179 lib.
1576 2158 1627 2180 iv.

929 2202 970 2232 de
989 2202 1027 2232 L.
1046 2202 1083 2232 L.
1107 2205 1115 2218 ‘
1129 2200 1231 2230 Fiber
1259 2199 1298 2229 ab
1316 2205 1471 2229 extrema
1492 2208 1550 2229 ora
1565 2198 1627 2229 flu-

928 2252 1024 2282 minis
1039 2251 1159 2281 dextra
1176 2256 1210 2280 et
1228 2249 1362 2279 sinistra
1376 2248 1520 2279 maxime
1536 2249 1624 2289 quod

929 2303 1015 2334 solet
1031 2301 1147 2335 videri,
1177 2306 1211 2330 et
1230 2300 1360 2339 antiqui
1386 2298 1505 2329 tibrum
1532 2299 1624 2329 dice-

928 2354 1009 2384 bant
1027 2357 1228 2387 extremuni,
1255 2350 1342 2380 unde
1359 2350 1389 2379 in
1406 2351 1494 2388 sagis
1512 2356 1624 2380 extre-

928 2414 979 2434 ma
996 2403 1149 2440 fimbriae,
1177 2407 1211 2431 et
1238 2401 1268 2430 in
1290 2401 1408 2440 jecore
1436 2405 1623 2431 extremum

926 2455 1023 2492 fibra,
1039 2454 1114 2483 liiuc
1133 2453 1218 2482 tiber
1235 2450 1367 2481 (lictus)
1384 2450 1447 2480 Ubi
1460 2450 1624 2490 Scaliger,

928 2509 937 2522 ‘
951 2505 996 2535 Ut
1013 2513 1154 2538 acerno,
1172 2502 1319 2533 cribrum
1334 2513 1342 2539 3
1355 2511 1373 2530 a
1389 2499 1490 2538 facio,
1507 2498 1624 2540 faber3

929 2566 947 2585 a
976 2556 1040 2593 luo,
1071 2554 1176 2591 liber-3
1215 2562 1233 2582 a
1265 2560 1393 2587 cresco,
1419 2549 1562 2587 creber;
1599 2561 1619 2581 a

930 2605 1043 2646 gittho,
1061 2603 1197 2643 glaber-3
1220 2611 1239 2631 a
1266 2609 1413 2637 scarreo,
1436 2599 1576 2637 scaber3
1603 2611 1623 2632 a

931 2665 1000 2690 suo,
1017 2655 1138 2690 snber;
1157 2655 1218 2683 &m
1235 2651 1282 2681 sic
1299 2660 1318 2680 a
1331 2649 1540 2688 tinio‚fiber.’
1556 2650 1620 2680 Ve.

932 2717 1003 2738 rum
1030 2703 1211 2735 Salmasius
1229 2700 1360 2741 fimbria
1379 2700 1448 2730 sive
1469 2700 1567 2738 fibria
1584 2706 1618 2731 ct
