1835 2906
219 168 303 208 ‘244

222 273 331 313 EXA
341 284 431 313 coc
443 278 536 322 ΕΝ,5
557 273 837 314 evectionem.

663 177 809 208 SEXTl
845 176 1047 207 POMPEI!
1083 177 1218 208 FEST!

220 340 443 380 Examen*
473 344 541 382 est
569 344 613 381 et
643 344 978 393 aequamentum,
1012 342 1055 380 et
1079 338 1266 394 judicii⁵
1294 340 1586 395 investigatio,
1615 348 1661 385 et

276 423 410 463 apum
427 410 727 462 congregatio,
750 409 820 450 vel
839 408 1126 449 locustarum.

219 476 538 530 Examussim,¹¹
550 475 820 530 regulariter:
838 476 1026 517 amussis
1042 476 1156 517 enim
1171 477 1319 530 regula
1337 478 1557 520 fabrorum
1579 484 1659 529 est,

276 545 359 595 vel,
380 549 427 585 ut
449 545 523 586 alii
546 545 709 594 volunt,
732 543 1051 601 ferramentum,
1072 557 1161 597 quo
1182 546 1227 585 in
1247 545 1450 599 poliendo
1471 550 1658 588 utuntur.

217 613 498 662 Exanclare,x
517 612 761 653 exhaurire.

216 678 471 721 Exbueres⁶
486 684 501 707 y
525 679 816 730 exinteratas3
847 679 939 720 sive
960 679 1130 728 exbuae,
1150 693 1251 733 quae
1274 681 1510 731 ebiberunt,
1532 681 1658 735 quasi

271 752 427 802 epotae.

814 838 950 850 eeeeeee

953 838 1049 849 eeeee

256 920 273 947 5
299 916 308 933 ‘
324 916 361 947 L.
378 926 421 947 m.
439 926 500 956 pro
519 916 633 955 judicii
658 916 757 946 habet
774 915 906 946 indicii)
929 915 1025 946 Fulv.
1043 914 1219 946 Ursin.—-6
1243 915 1310 946 Alii
1333 915 1410 947 libri
1427 916 1598 952 Exuberes,
1622 922 1656 948 et

212 968 289 989 mox
308 968 368 999 pro
392 959 510 994 exbua‘,
535 959 675 991 exuberoe
701 959 752 989 vel
776 958 901 989 exburae
928 959 1058 998 legunt.
1106 957 1170 989 Ed.
1191 958 1281 990 Scal.
1309 958 1487 996 Exubueres
1511 969 1569 1000 pro
1587 960 1655 990 Ex-

210 1001 313 1033 bueres
327 1002 443 1034 habet.

861 1091 1003 1124 NOTAE

211 1174 245 1200 et
269 1169 361 1200 navis
387 1173 496 1199 taurus
521 1168 623 1200 dicta.
671 1169 796 1200 Verum
818 1168 905 1209 Aga-

210 1220 399 1251 tharchides
416 1219 559 1251 Gnidius
586 1221 618 1250 in
641 1220 819 1260 Europicis
846 1220 904 1258 ait,

209 1281 273 1302 nou
291 1272 324 1302 in
343 1272 450 1302 tutela
467 1271 573 1311 navis,
588 1270 645 1301 sed
669 1271 701 1301 in
723 1280 905 1311 pmasemo,

206 1324 241 1353 in
273 1332 372 1362 prora
413 1327 544 1353 taurum
587 1321 689 1353 fuisse
720 1321 902 1362 depictum.

207 1373 293 1404 Inde
309 1372 421 1405 fulciri
438 1374 543 1415 possit
559 1374 730 1405 sententia
745 1373 901 1405 eruditis-

206 1425 279 1455 simi
295 1425 463 1461 Salmasii,
491 1425 547 1466 qui
571 1425 708 1465 legebat
730 1425 762 1455 in
790 1424 900 1456 verbis

209 1476 314 1515 Festi,
328 1476 382 1506 ulii
397 1486 463 1506 eam
478 1486 496 1506 α
510 1475 705 1516 praedonibus
721 1480 854 1516 raptam,
871 1479 901 1506 et

207 1535 283 1556 nave
309 1536 377 1566 quoe
398 1527 489 1557 ,Iovis
505 1528 646 1562 tutelam,
661 1527 792 1568 effigiem
816 1528 901 1557 tauri

205 1576 355 1607 habuerit.
402 1577 507 1609 Quasi
523 1577 645 1607 Festus
656 1581 791 1617 separet
804 1577 898 1608 Jovis

206 1627 359 1664 tutelam,
391 1637 465 1668 quae
496 1627 529 1657 in
562 1628 679 1667 puppi,
709 1627 752 1658 ab
787 1626 898 1668 effigie

204 1679 305 1716 tauri,
323 1688 396 1718 quae
425 1687 620 1718 parasemou
645 1683 718 1709 erat
738 1679 770 1709 in
789 1687 900 1718 prora.

204 1729 302 1760 Idem.

246 1784 257 1797 ⁵
278 1778 463 1818 Exagogen]
486 1779 625 1810 Plautus
643 1778 811 1810 Rudente.
832 1780 898 1811 Jos.

204 1828 287 1858 Scul.
802 1855 804 1857 .

247 1878 436 1918 Exagogen]
452 1879 742 1919 Exportationem,
753 1880 898 1911 evectio-

202 1937 289 1963 nem,
313 1938 331 1958 a
354 1929 476 1959 Graeco
491 1928 600 1967 ἐξάγω,
625 1929 745 1961 educo.
782 1931 896 1962 Plaut.

157 2015 159 2017 ι
203 1978 355 2010 Rudent.
373 1987 426 2009 nr.
443 1981 473 2010 2.
497 1980 506 1996 ‘
524 1979 675 2019 Eamque
698 1985 895 2011 eventuram

202 2038 376 2068 exagogen
393 2030 542 2069 Capuam
558 2033 594 2060 et
610 2029 792 2069 sospitem!
816 2030 897 2062 Duc.

245 2081 253 2099 ῑ
279 2079 436 2119 Examen]
482 2079 614 2119 Σήκωμα
643 2080 772 2119 Graeci,
806 2081 895 2112 unde

201 2130 314 2161 Latini
328 2140 459 2161 sacoma.
506 2130 695 2161 Vitruvius.
740 2130 805 2161 Vel
822 2130 895 2162 Sca-

200 2191 260 2211 ηια.
307 2181 539 2212 Glossarium:
565 2181 574 2198 ‘
590 2182 724 2221 Scama,
747 2181 895 2221 σήκωμα.’

200 2230 301 2270 Apud
341 2231 483 2263 eundem
528 2236 711 2268 auctorem.
748 2233 756 2248 ‘
775 2234 893 2272 Scava,

199 2280 314 2319 ζυγός.’
360 2283 450 2322 Lego
468 2282 590 2313 Scama.
613 2283 687 2315 Jos.
705 2283 792 2315 Scal.

243 2332 398 2372 Examen]
424 2333 565 2373 Lingula
581 2333 646 2369 illa,
670 2343 744 2374 quae
761 2334 794 2364 in
812 2344 892 2365 ansa

198 2381 262 2412 liuc
279 2387 381 2422 atque
406 2383 487 2414 illuc
507 2388 616 2418 nutat,
638 2383 717 2415 dum
739 2384 890 2415 lancibus

198 2432 338 2471 aequatis
364 2433 568 2474 respondeat
584 2444 711 2465 summo
738 2439 887 2475 puncto:

196 2491 300 2521 quare
338 2483 465 2523 optime
503 2485 622 2516 Festus
668 2490 890 2526 oequumentum

194 2531 294 2563 dixit.
317 2532 398 2565 Dae.

239 2588 253 2603 ¹¹
276 2583 490 2625 lia-amussim]
511 2585 610 2618 Quod
638 2587 698 2628 ait,
722 2586 888 2619 Amussim

194 2632 294 2663 etiam
310 2631 551 2665 ferramentum
568 2645 653 2672 esse,
665 2646 730 2677 quo
748 2641 889 2669 utuntur

194 2682 283 2714 fabri
304 2684 337 2714 in
366 2684 536 2724 poliendo,
556 2694 670 2717 verum
692 2692 756 2718 est.
802 2687 888 2719 Inde

195 2733 282 2763 enim
313 2732 525 2765 Anmssivum
556 2734 720 2767 Vitruvio.
779 2736 888 2768 Varro

962 1169 1194 1201 Quaestionum
1234 1169 1466 1200 Plautium-um
1521 1169 1579 1201 lib.
1614 1180 1653 1202 ιῐ,

959 1220 968 1236 ‘
994 1219 1145 1251 Amussis
1176 1224 1229 1250 est
1259 1229 1444 1261 aequamen,
1475 1220 1654 1252 laevamen-

959 1270 1055 1302 tum!
1099 1271 1206 1302 Vetus
1219 1271 1447 1303 Glossarium:
1470 1271 1479 1287 ⁴
1494 1272 1656 1302 Examus-

958 1320 1202 1362 sim,·÷⁹p÷uvaa.'
1247 1320 1287 1352 Id
1315 1321 1426 1361 potius
1456 1322 1653 1353 conveniret

958 1372 1032 1402 voci
1055 1371 1064 1388 ‘
1079 1371 1268 1403 Examina!
1291 1373 1358 1403 Jos.
1376 1372 1461 1403 Scal.
1642 1408 1647 1412 ᾗ

1001 1422 1216 1463 Examussim]
1239 1422 1411 1454 Accurate
1432 1423 1547 1454 Plaut.
1568 1424 1653 1456 Pro-

956 1474 1020 1514 leg.
1046 1474 1215 1504 Menaecli.
1240 1474 1249 1489 ‘
1268 1473 1314 1504 Ut
1341 1473 1424 1504 lianc
1455 1482 1524 1503 rem
1558 1474 1651 1505 vobis

954 1524 1158 1555 examussim
1175 1523 1368 1564 disputeui.'
1413 1524 1501 1555 Vide
1517 1525 1526 1541 ‘
1543 1534 1652 1556 amus-

955 1576 1022 1606 sis.'
1046 1576 1126 1607 Duc.

997 1631 1011 1646 Χ
1036 1625 1227 1665 Emendare]
1250 1626 1319 1657 Pro
1346 1621 1524 1657 munsture]
1562 1625 1648 1657 Vide

953 1676 1133 1707 ‘anclare.'
1159 1677 1254 1707 Idem.

997 1732 1009 1753 5
1028 1727 1199 1767 Escbueres]
1227 1727 1345 1757 Exbuoe
1361 1727 1461 1758 dictae
1479 1737 1498 1757 a
1515 1726 1585 1767 bna,
1603 1728 1650 1758 in-

954 1776 1097 1808 fantium
1125 1787 1302 1818 puerorum
1331 1787 1431 1808 voce:
1457 1777 1546 1807 uude
1570 1778 1651 1808 vini·

954 1828 1026 1858 huns
1043 1828 1189 1859 Lucilius
1205 1827 1340 1859 bibaces
1357 1828 1513 1859 mulieres
1530 1833 1648 1859 vocat:

953 1878 1016 1908 nisi
1032 1879 1216 1910 auctoritas
1230 1878 1321 1910 Festi
1335 1878 1649 1918 intercederet,ego

952 1928 1112 1959 libentius
1142 1928 1302 1960 E.ruberes
1323 1927 1563 1967 ἆπογαλάκτους
1599 1929 1648 1959 ἱῐι·

952 1976 1063 2009 fantes
1088 1979 1345 2020 interpretarer,
1364 1978 1646 2020 quemadmodum

952 2033 1082 2068 contra,
1106 2031 1115 2046 ¹
1134 2029 1344 2068 Sububeres,
1361 2027 1591 2067 ὑπομαστίους,’
1611 2033 1647 2059 ut

952 2078 1063 2109 inveni
1081 2079 1113 2110 iu
1130 2079 1257 2111 Glossis
1275 2080 1410 2111 Latinis.
1434 2081 1500 2111 Jos.
1514 2079 1597 2110 Scal.

998 2129 1169 2171 Exbueres]
1192 2130 1337 2161 Veteres
1364 2130 1475 2160 Latini
1499 2130 1589 2161 buere
1611 2132 1646 2161 et

949 2178 1081 2211 imbuere
1097 2179 1257 2211 dicebant
1272 2190 1333 2221 pro
1349 2180 1488 2221 implere
1504 2181 1644 2222 liquore.

950 2229 1037 2260 unde
1061 2230 1117 2260 bna
1141 2231 1248 2272 potio,
1264 2241 1337 2271 quae
1361 2232 1499 2272 propria
1522 2241 1644 2272 puero-

948 2289 1019 2310 rum
1040 2290 1103 2311 vox
1121 2286 1183 2321 est,
1203 2281 1258 2321 qui
1276 2291 1349 2312 curn
1372 2282 1489 2312 volunt
1514 2281 1644 2320 bibere,

947 2330 985 2361 bu
1018 2332 1122 2371 priori
1153 2331 1282 2372 syllaba
1307 2331 1460 2362 contenti
1486 2337 1576 2369 sunt,
1604 2336 1642 2362 ut

947 2379 1032 2412 iufra
1048 2382 1168 2413 Festus
1192 2378 1229 2412 in*
1250 2391 1332 2413 voce
1355 2381 1564 2412 ‘imbutum’
1608 2381 1641 2413 A

945 2432 1003 2462 Ima
1028 2432 1129 2472 igitur
1158 2432 1320 2463 dicuntur
1347 2432 1505 2463 mulieres
1532 2432 1640 2463 exbuae

945 2492 1003 2514 seu
1020 2483 1178 2523 exhaeres,
1193 2493 1274 2525 quas
1289 2482 1429 2514 tinibuas
1443 2482 1528 2513 dixit
1542 2482 1639 2514 Luci-

945 2534 1020 2565 lius.
1063 2534 1130 2565 Sed
1147 2544 1208 2566 cur
1227 2535 1419 2565 exinteratas
1434 2533 1637 2572 interprete-

945 2589 999 2615 tur
1022 2593 1090 2615 non
1119 2584 1230 2623 video,
1255 2585 1317 2614 nisi
1343 2582 1531 2623 significare
1553 2583 1638 2614 velit

944 2635 1101 2666 mulieres
1117 2645 1192 2676 quae
1207 2634 1340 2666 nimium
1354 2639 1463 2674 epotae
1479 2638 1636 2675 torquen-

944 2691 998 2718 tur
1021 2692 1057 2718 et
1078 2688 1171 2728 quasi
1192 2690 1441 2726 exenterantur,
1457 2690 1491 2717 et
1507 2686 1635 2718 evisce-

943 2743 1071 2770 rantur.
1128 2736 1194 2768 Alii
1217 2737 1331 2777 legunt
1355 2736 1500 2768 exuberes
1523 2740 1557 2768 et
1580 2746 1632 2768 es-
