1835 2906
390 145 452 174 DE
486 140 758 172 vERBORUM
793 136 1203 169 SleulrmA'rioNE
1237 135 1330 165 mu.
1364 134 1448 163 v11.
1556 123 1641 163 285

199 237 442 288 Gannitio,f
469 250 628 280 canum
650 234 830 290 querula
848 231 1147 274 murmuratio.

199 307 436 349 Galearia2
454 311 469 335 g
501 319 527 346 a
548 304 768 358 galearum
788 300 1074 342 similitudine
1096 299 1228 340 dicta.

200 375 425 417 Gaudium
440 373 454 396 '¹
486 374 557 413 ἀπὸ
577 376 640 413 τοῦ
660 373 822 427 γαυριᾷν
843 369 1024 410 dictum.

200 439 396 491 Gaulus,i
426 455 560 493 genus
583 440 744 492 navigii
773 450 897 491 paene
914 434 1162 477 rotundum.

200 508 449 549 GEMURSA
468 506 484 530 ¹¹
515 509 597 549 sub
619 506 796 548 minimo
818 504 957 557 digito
978 502 1108 556 pedis
1125 499 1414 550 tuberculum,
1434 499 1549 554 quod
1573 512 1645 552 ge-

256 590 372 617 mere
391 576 526 617 faciat
544 589 659 625 eum,
680 574 756 628 qui
778 571 823 612 id
846 576 981 624 gerat.

201 644 355 685 Genas
370 641 378 665 ¹
409 644 574 684 Ennius
596 642 834 695 palpebras
851 641 990 693 putat,
1008 651 1105 679 oum
1121 635 1227 678 dicit
1244 634 1329 676 hoc
1346 646 1498 676 versu:
1531 633 1647 674 Pan-

803 753 922 766 eeeeee

242 827 262 855 2
287 822 342 855 Al.
361 823 494 854 Galeria
511 822 565 853 vel
585 820 745 852 Galerita.

925 752 1043 764 cccccc

852 916 992 949 NOTAE

201 993 373 1016 cccxvrn.
388 983 481 1015 Sect.
499 986 549 1014 ll.
568 983 616 1014 ait
639 993 772 1022 ganeum
794 982 861 1013 dici
882 992 900 1013 a

199 1033 307 1074 γένος,
338 1035 401 1065 hoc
431 1041 495 1070 est,
532 1034 705 1074 gaudium,
736 1032 900 1072 γάνυσθαι,

200 1085 363 1126 gaudere,
390 1093 526 1124 nempe,
547 1083 636 1124 quod
663 1083 812 1114 homines
841 1084 899 1113 lae-

200 1143 271 1169 tam
300 1137 592 1177 voluptariamque
621 1136 724 1166 vitam
755 1135 802 1166 ibi
832 1134 900 1175 agi-

200 1192 288 1219 tent.
310 1188 390 1218 Duc.

244 1236 257 1255 f
279 1236 449 1276 Gannieio]
473 1236 500 1267 A
529 1234 711 1275 γάννυσθαι,
739 1234 901 1276 gaudere,

200 1287 338 1328 proprie
355 1287 396 1317 de
413 1287 566 1327 canibus,
578 1288 648 1328 qui,
662 1292 700 1317 ut
716 1287 763 1318 ait
775 1287 901 1318 Lucre·

200 1337 289 1368 tius:
314 1337 496 1368 ‘Gannitu
512 1337 604 1368 vocis
622 1335 783 1368 adulant?
817 1336 901 1368 Qui-

200 1386 276 1418 dam
292 1387 448 1427 vulpibus
466 1387 568 1418 etiam
585 1386 755 1418 tribuunt.
780 1386 878 1417 Idem.

243 1443 260 1465 ἕ
286 1437 451 1476 Galearia]
476 1439 568 1478 Lege
595 1438 751 1468 Galerita.
806 1437 901 1468 Gale-

199 1488 264 1519 rila
291 1493 326 1519 et
348 1489 504 1527 galeritus
527 1488 597 1519 avis
621 1487 715 1519 dicta
738 1487 779 1518 ab
796 1488 904 1527 apice,

201 1548 302 1579 quem
318 1538 418 1569 habet
435 1538 468 1568 in
485 1538 616 1578 capite,
629 1538 735 1578 galeae
753 1538 903 1578 speciem

199 1588 386 1619 referente.
431 1587 463 1619 A
479 1587 612 1619 Graecis
637 1587 793 1617 similiter
816 1586 904 1626 κόρυ-

202 1640 265 1678 δος,
295 1637 472 1677 κορυδαλὸς,
506 1643 541 1669 et
567 1636 729 1677 κορυδαλὶς
757 1636 902 1667 dicitur:

202 1698 281 1719 nam
298 1687 400 1728 κόρυς,
417 1689 526 1728 galea.
573 1687 704 1717 Galeria
719 1686 773 1716 hic
792 1686 904 1716 locum

201 1737 329 1768 habere
374 1747 440 1767 non
479 1740 592 1776 potest
614 1746 622 1766 z
660 1745 735 1766 nam
766 1735 907 1765 Galeria

203 1786 313 1817 tribus
337 1787 497 1818 aGaleso
512 1784 616 1816 fluvio
630 1794 751 1815 nomen
775 1784 906 1823 habuit,

204 1836 275 1867 sive
292 1836 333 1867 ab
350 1836 416 1866 alio
434 1835 551 1876 quovis
568 1835 656 1865 loco.
683 1834 782 1865 Idem.

247 1886 262 1906 ¹¹
289 1885 464 1925 Gaudium]
489 1885 596 1915 Immo
624 1884 735 1924 potius
760 1893 779 1914 a
802 1882 905 1921 Ύαθέω

204 1936 275 1968 sive
302 1937 415 1977 potius
443 1946 462 1967 a
485 1934 600 1975 γαδέω,
625 1936 734 1970 laetor,
759 1933 905 1974 gaudeo.

205 1986 305 2018 Idem.

248 2036 257 2057 ἰ
274 2036 411 2077 Gaulus]
430 2035 537 2066 Navis
550 2034 727 2066 Phoenicia
743 2033 905 2065 rotunda:

205 2096 280 2118 nam
292 2087 409 2118 Graeci
422 2091 557 2117 veteres
570 2094 679 2125 usque
691 2084 732 2115 ad
744 2084 906 2116 Jasonem

206 2142 242 2168 et
258 2135 475 2177 Argonautas
502 2134 657 2166 rotundis
681 2134 788 2164 solum
814 2133 908 2164 navi-

206 2185 270 2216 bus
287 2186 483 2217 utebantur.
526 2184 628 2216 Unde
647 2184 738 2214 Plin.
766 2182 825 2215 lib.
843 2192 908 2214 vn.

150 2264 153 2267 ,
207 2245 286 2275 cap.
300 2238 354 2267 56.
376 2236 386 2252 ‘
404 2235 520 2274 Longa
543 2243 629 2264 nave
652 2233 813 2265 ,Iasonem
840 2233 909 2272 pri-

208 2294 298 2315 mum
326 2285 504 2325 navigasse
525 2284 813 2323 Philostephanus
831 2293 909 2314 auc-

209 2337 264 2364 tor
280 2333 355 2364 est.'
392 2333 564 2373 Aristoph.
580 2334 612 2364 in
629 2333 767 2363 avibus:
792 2333 912 2363 Γαῦλον

210 2385 329 2421 κτῶμαι
354 2382 404 2413 καὶ
432 2384 603 2423 ναυκληρῶ.
628 2387 636 2399 ‘
654 2383 785 2412 Navem
804 2383 910 2421 possi-

211 2433 288 2473 deo,
303 2438 339 2464 et
356 2431 529 2473 guberno?
572 2432 639 2463 Ubi
655 2432 767 2462 Schol.
782 2432 913 2471 Ὑαῦλος,

212 2482 383 2514 Φοινικικὸν
398 2480 528 2521 σκάφος.
566 2482 612 2511 Et
630 2480 827 2512 Callimacli.
852 2484 912 2510 Κυ-

213 2531 307 2573 πρόθε
321 2532 458 2565 Σιδόνιός
470 2544 509 2570 με
525 2530 704 2569 καθήγαγεν
719 2528 824 2560 ἐνθάδε
837 2531 912 2568 ’γαῦ-

215 2591 282 2616 λος.
326 2589 335 2602 ‘
353 2585 406 2615 Ex
433 2584 549 2623 Cypro
575 2582 735 2613 Sidonius
765 2591 819 2611 me
849 2582 914 2612 huc

217 2634 360 2665 adduxit
390 2631 545 2664 Gauius?
602 2630 656 2662 Ab
688 2631 784 2671 hujus
813 2630 915 2662 Gauli

217 2684 334 2716 formae
346 2682 565 2715 similitudine
581 2691 636 2712 vas
651 2681 822 2722 pastorale
834 2681 919 2711 Gau-

953 983 1001 1012 lus
1027 979 1154 1011 dictum
1176 976 1351 1009 Theocrit.
1366 975 1467 1016 Idyll.
1484 983 1519 1005 v.
1541 971 1653 1008 Στασῶ

954 1031 979 1061 δ’
995 1029 1075 1061 ὀκτὼ
1094 1028 1152 1068 μὲν
1173 1028 1298 1067 ’γαυλὼς
1320 1028 1364 1067 τῷ
1388 1025 1466 1057 Πανὶ
1480 1024 1653 1064 γάλακτος.

956 1082 965 1099 ‘
981 1081 1137 1111 Statuam
1168 1088 1249 1109 vero
1276 1082 1354 1108 octo
1380 1076 1514 1117 quidem
1536 1076 1654 1116 gaulos

955 1131 1043 1162 Pani
1070 1127 1194 1160 lactis!
1238 1127 1326 1158 Vide
1343 1125 1495 1166 Hesych.
1540 1125 1595 1155 Sic
1619 1129 1656 1155 et

955 1181 1062 1212 multa
1078 1179 1145 1210 alia
1161 1177 1297 1209 nomina
1312 1181 1391 1207 sunt
1406 1175 1550 1216 navigiis
1566 1184 1655 1206 com-

955 1232 1071 1263 munia
1088 1240 1164 1262 cum
1180 1229 1280 1268 vasis,
1297 1233 1334 1260 ut
1351 1227 1479 1269 κύμβαι,
1500 1226 1656 1266 κάνθαροι,

956 1280 1095 1317 κελέβαι,
1112 1278 1239 1319 σκάφαι.
1264 1279 1363 1310 Idem.

998 1331 1014 1353 ¹<
1038 1330 1208 1370 Gemursa]
1234 1329 1325 1360 Plin.
1341 1328 1400 1360 lib.
1412 1336 1517 1359 xxvi.
1534 1336 1612 1367 cap.
1627 1328 1656 1356 1.

956 1383 966 1400 ‘
984 1383 1030 1414 Et
1055 1382 1142 1413 bene
1170 1379 1307 1421 quidem
1335 1379 1471 1410 morbus
1496 1377 1658 1410 celeriter

957 1432 990 1463 in
1007 1433 1109 1463 Italia
1125 1431 1307 1462 restinctus
1324 1434 1391 1469 est,
1415 1429 1505 1459 sieut
1531 1431 1566 1458 et
1590 1427 1660 1465 ille,

958 1493 1059 1524 quem
1077 1482 1280 1513 Gemursam
1307 1479 1524 1520 appellavere
1546 1476 1660 1517 prisci,

958 1534 1048 1564 inter
1061 1532 1189 1573 digitos
1203 1531 1327 1571 pedum
1339 1533 1546 1568 nascentem,
1557 1527 1660 1558 etiam

959 1583 1095 1615 nomine
1114 1579 1317 1613 obliterato.'
1342 1580 1441 1610 Idem.

1003 1632 1010 1653 ²
1035 1631 1156 1670 Genus]
1180 1631 1221 1661 In
1252 1639 1350 1661 versu
1380 1627 1524 1660 Pacuvii
1548 1625 1660 1667 potius

959 1682 1100 1722 legerim
1114 1679 1212 1722 flora,
1229 1689 1328 1720 quam
1346 1679 1444 1719 flore.
1490 1677 1583 1707 Nunc
1596 1675 1664 1715 pri-

959 1741 1042 1763 mum
1057 1734 1165 1772 opacat
1179 1731 1267 1771 flora
1283 1731 1395 1768 lanugo
1417 1737 1526 1767 genas.
1571 1727 1660 1757 Nam

960 1784 1050 1815 idem
1069 1783 1187 1814 Attius
1214 1782 1247 1813 in
1270 1780 1437 1812 Bacchis:
1458 1781 1467 1796 ‘
1483 1779 1598 1808 Geuas
1615 1776 1662 1806 la-

960 1843 1050 1872 nugo
1086 1831 1171 1863 flora
1208 1840 1298 1862 nunc
1347 1830 1482 1860 demum
1520 1824 1662 1867 irrigat.⁹

959 1883 1056 1914 Idem
1083 1882 1115 1912 in
1144 1881 1285 1913 iisdem:
1308 1880 1317 1897 ‘
1338 1881 1425 1911 Nam
1449 1878 1525 1909 flori
1550 1877 1662 1908 crines

959 1932 1058 1963 video
1074 1935 1111 1962 ut
1128 1930 1272 1971 propexi
1291 1928 1435 1970 jacent.’
1475 1927 1574 1960 Quod
1593 1926 1662 1956 Eu-

961 1983 1092 2023 ripides
1119 1980 1283 2020 πλόκαμός
1307 1993 1343 2011 τε
1369 1979 1431 2020 ’γάρ
1457 1989 1515 2010 σου
1539 1975 1664 2008 ταναός.

961 2033 1132 2065 Pacuvius
1155 2033 1325 2072 Antiopa:
1351 2031 1360 2048 ‘
1379 2029 1560 2061 Cervicum
1587 2027 1666 2058 Flo·

962 2093 1017 2113 ros
1044 2081 1236 2122 dispargite
1261 2078 1398 2112 crines?
1443 2079 1507 2109 Est
1532 2075 1664 2108 coronis

962 2132 1199 2173 Anapaestica.
1237 2129 1402 2170 Virgilius
1419 2132 1531 2158 tamen
1549 2130 1665 2156 contra

963 2182 1023 2213 lib.
1050 2190 1118 2212 xli.
1160 2182 1169 2198 ‘
1195 2179 1284 2210 Tum
1315 2177 1394 2209 mihi
1423 2176 1532 2217 prima
1562 2184 1664 2214 genas

965 2231 1113 2263 vestibat
1130 2229 1213 2261 flore
1230 2226 1415 2269 juventas!
1435 2227 1506 2256 Jos.
1524 2225 1610 2255 Scal-

1011 2279 1130 2318 Genus]
1153 2280 1221 2310 Pro
1251 2277 1462 2316 operimento
1493 2275 1665 2305 oculorum

966 2334 1002 2362 et
1018 2340 1079 2370 pro
1095 2329 1189 2359 malis
1205 2328 1352 2358 Veteres
1370 2328 1588 2364 usurparunt,
1606 2323 1666 2354 sed

967 2381 1114 2421 priorem
1146 2378 1317 2409 notionem
1357 2374 1527 2416 propriam
1563 2373 1666 2404 fuisse

967 2441 1043 2462 cum
1067 2430 1264 2460 Becmanno
1295 2426 1462 2456 existimo.
1509 2424 1563 2454 Sic
1592 2433 1667 2463 pro-

967 2480 1042 2519 prie
1082 2478 1186 2510 Ovid.
1216 2477 1311 2515 Eleg.
1339 2478 1370 2506 8.
1398 2474 1456 2505 lib.
1479 2482 1520 2504 n.
1550 2475 1559 2490 ‘
1577 2473 1665 2504 Nam

967 2532 1072 2569 caput
1097 2537 1115 2558 e
1144 2532 1260 2557 nostra
1284 2525 1383 2556 citius
1400 2523 1532 2554 cervice
1549 2522 1668 2559 recidi,

968 2580 1014 2610 Et
1041 2578 1151 2618 patiar
1175 2577 1271 2608 fossis
1298 2577 1410 2607 lumen
1432 2574 1526 2605 abire
1550 2571 1667 2613 genis!

971 2629 1054 2660 Dae.
