1835 2906
396 131 458 161 DE
496 127 763 159 VERBORUM
797 124 1205 157 SlGNlFICATlONE
1240 126 1334 156 LlB.
1369 126 1475 156 XIV.

1549 115 1635 158 553

253 227 343 269 filia
363 224 578 268 Palanto6
603 223 881 274 habitaverit,
909 235 1008 276 quae
1038 235 1096 262 ex
1118 222 1315 263 Hercule
1337 221 1541 264 Latinum
1561 235 1638 275 pe-

252 296 390 350 perit:
422 295 497 335 alii
518 293 716 343 eundem,
747 291 867 347 quod
888 291 1042 333 Pallas
1063 291 1126 333 ibi
1155 290 1357 345 sepultus
1380 290 1451 342 sit,
1481 291 1638 333 existi-

250 367 368 405 mant
386 362 617 416 appellari.

196 428 465 474 Palatualisi
499 431 681 472 Flamen
715 430 770 472 ad
801 428 1136 472 sacrificandum
1167 428 1207 469 ei
1233 428 1345 470 Deae
1378 428 1639 470 constitutus

251 504 356 550 erat,
377 500 420 541 in
442 499 566 554 cujus
588 499 720 541 tutela
744 499 968 540 Palatium
990 510 1088 539 esse
1105 496 1336 552 putabant.

195 568 450 611 Palatualis
471 567 661 610 Flamen
694 568 963 610 constitutus
984 571 1065 618 est,
1087 565 1205 621 quod
1228 566 1273 606 in
1297 564 1439 606 tutela
1475 563 1638 617 [Fsss'r.

253 637 352 692 ejus
376 637 485 678 Deae
506 636 727 678 Palatium
747 640 829 678 est.

195 705 331 748 Pales
345 702 361 726 k
387 705 612 747 dicebatur
627 704 723 745 Dea
738 709 982 759 pastorum,
1000 703 1069 757 cuj
1078 715 1127 743 us
1140 702 1261 744 festa
1273 701 1428 756 palilia
1458 700 1639 754 [PAUL-

251 773 520 823 dicebantur,
542 772 626 824 vel,
647 776 696 814 ut
716 772 791 814 alii
808 772 976 823 volunt,
997 771 1117 812 dicta
1136 769 1308 824 parilia,
1326 768 1536 823 quoniam
1557 781 1639 823 pro

250 846 378 896 partu
399 841 572 895 pecoris
592 840 732 882 eidem
754 853 878 882 sacra
897 839 1073 881 fiebant.

195 907 370 952 Pallas¹
405 910 606 952 Minerva
639 914 711 950 est
742 908 875 959 dicta,
894 907 1015 962 quod
1049 906 1300 948 Pallantem
1327 906 1549 959 gigantem
1577 905 1641 945 in-

251 979 493 1032 terfecerit;
526 979 610 1029 vel,
639 977 754 1019 sicut
782 977 1015 1032 putabant,
1037 973 1156 1029 quod
1186 974 1231 1015 in
1252 973 1457 1015 Pallante
1478 972 1642 1028 palude

251 1052 358 1089 nata
377 1053 460 1089 est.

197 1115 454 1157 Palmitesm
487 1115 641 1157 vitium
671 1117 894 1156 sarmenta
921 1112 1217 1167 appellantur,
1245 1108 1364 1164 quod
1392 1110 1434 1150 in
1463 1109 1642 1150 modum

252 1184 498 1238 palmarum
517 1183 804 1224 humanarum
822 1181 1032 1233 virgulas,
1054 1179 1186 1234 quasi
1207 1177 1386 1231 digitos,
1406 1176 1557 1218 edunt.

196 1252 411 1293 Palmulae
432 1251 711 1306 appellantur
728 1250 836 1291 remi
858 1262 885 1291 a
901 1248 1188 1290 similitudine
1209 1258 1368 1289 manus
1389 1244 1606 1286 humanae.

195 1319 414 1375 Palpari,¹³
436 1319 644 1362 blandiri.

805 1427 922 1439 cccccc

924 1426 1042 1439 ooooo

239 1519 258 1547 6
273 1517 353 1549 Vet.
368 1517 427 1549 lib.
447 1517 594 1558 palante,
608 1522 643 1549 et
659 1526 737 1550 mox
752 1520 782 1549 et
803 1514 977 1549 Herculem.
1013 1515 1102 1547 Vide
1117 1515 1238 1548 Notas.

847 1635 986 1668 NOTAE

195 1734 273 1756 nam
295 1723 405 1764 φάλαι,
431 1722 522 1760 falae,
542 1734 652 1765 arces,
666 1724 863 1757 altitudines
880 1733 889 1755 ε

193 1776 282 1808 unde
308 1781 344 1807 et
363 1776 523 1814 sulantum
550 1775 733 1808 Hetruscis
757 1776 892 1808 coelum.

192 1827 281 1859 Vide
304 1827 314 1844 ‘
328 1825 429 1858 falae!
452 1826 552 1859 Idem.

237 1878 244 1899 ⁵
282 1876 475 1917 Palatualz's]
513 1878 656 1909 Palatea
693 1878 769 1909 Dea
802 1877 894 1919 apud

196 1930 385 1961 Varronem
404 1929 460 1961 lib.
476 1938 526 1962 1⁷1.
543 1928 585 1960 de
610 1929 706 1970 Ling.
732 1929 809 1961 Lat.
838 1938 894 1960 ea-

194 1979 270 2011 dem
286 1979 428 2013 fortasse
445 1979 580 2013 Palatia
600 1980 714 2012 Latini
731 1989 827 2017 uxor,
850 1980 894 2011 de

194 2040 263 2072 qua
277 2031 365 2063 idem
381 2031 440 2063 lib.
456 2039 506 2064 lv.
529 2032 607 2062 Ant.
622 2031 709 2071 Aug.

239 2082 415 2113 palatualis
429 2081 575 2122 Flamen]
590 2082 724 2113 Flamen
737 2081 893 2113 Palatuae

196 2132 293 2163 Deae.
325 2133 436 2164 Varro
454 2133 511 2164 lib.
529 2142 577 2164 w.
604 2134 613 2150 ‘
627 2133 713 2164 Sunt
726 2132 759 2163 in
772 2131 894 2174 quibus

195 2183 384 2215 Flaminum
412 2183 668 2225 cognominibus
698 2184 808 2215 latent
832 2183 896 2215 ori-

195 2233 304 2273 gines,
330 2238 368 2265 ut
397 2234 452 2275 qui
479 2235 606 2266 suntin
624 2234 777 2266 versibus
793 2234 895 2275 pleri-

197 2292 261 2324 que
277 2283 500 2323 Volturnalis,
528 2285 732 2326 Palatualis,
757 2285 896 2317 Furina-

195 2334 248 2373 lis,
265 2335 584 2375 Floralis,Falacer‚
598 2336 805 2368 Pomonalis.
826 2336 897 2367 Ob-

195 2393 295 2415 scura
325 2391 378 2416 est
408 2394 523 2416 eorum
560 2385 667 2426 origo,
698 2386 898 2424 Volturnus,

196 2435 356 2475 Palatua,
372 2435 510 2476 Fucina,
528 2437 638 2476 Flora,
656 2436 808 2477 Falacer,
831 2437 896 2468 Po-

197 2496 297 2517 mona
313 2497 488 2527 pomorum
506 2486 672 2528 patrona.’
694 2488 777 2519 Dac-

239 2536 255 2558 Ι(
268 2537 376 2578 Pales]
386 2538 474 2569 Vide
486 2538 496 2555 ‘
509 2537 794 2570 Parilibus.'Ant.
808 2539 896 2579 Aug.

241 2588 351 2629 Pales]
384 2589 512 2620 Eadem
539 2598 615 2630 quae
642 2590 760 2623 Vesta.
814 2590 897 2630 Ejus

197 2638 286 2671 festa
300 2640 422 2671 Palilia
436 2646 471 2671 et
488 2639 626 2681 Parilia,
649 2640 800 2681 quamvis
824 2641 899 2673 Ma-

200 2690 250 2723 rio
276 2690 452 2723 Victorino
482 2690 598 2722 Palilia
624 2690 839 2733 displiceant,
863 2697 899 2725 et

946 1723 1082 1764 placeat
1096 1722 1221 1754 Parilia
1237 1724 1367 1754 tantum
1390 1720 1471 1761 diei,
1497 1718 1648 1752 celebra-

947 1773 1071 1805 bantur
1086 1775 1136 1805 11.
1153 1772 1326 1804 Kalendas
1344 1770 1439 1807 Maii,
1456 1770 1528 1801 sive
1543 1772 1594 1802 12.
1609 1773 1648 1801 ut

949 1823 1074 1856 Ovidio
1091 1824 1205 1864 placet
1218 1822 1275 1854 lib.
1292 1832 1343 1854 lv.
1361 1822 1453 1853 Fast.
1477 1821 1562 1853 Dac.

990 1873 999 1895 ¹
1022 1874 1150 1915 Pallas]
1172 1874 1253 1906 Sive
1278 1883 1297 1905 a
1322 1871 1468 1913 πάλλειν,
1484 1872 1526 1904 ab
1543 1871 1648 1913 agita-

950 1926 1054 1966 tione,
1071 1931 1108 1957 ut
1123 1926 1172 1957 ait
1187 1925 1287 1957 Plato
1304 1925 1336 1956 in
1354 1925 1508 1966 Cratylo,
1534 1924 1606 1955 sive
1630 1933 1650 1954 a

949 1978 1120 2014 Pallante,
1154 1977 1319 2019 Gigante,
1341 1985 1440 2018 quem
1464 1973 1651 2013 interfecit,

948 2028 1020 2060 sive
1034 2039 1053 2060 a
1070 2028 1229 2060 Pallante
1248 2026 1383 2068 palude,
1400 2031 1438 2057 nt
1452 2025 1607 2057 Tritonia
1632 2033 1652 2055 a

947 2079 1099 2118 Tritone,
1118 2088 1194 2109 nam
1216 2077 1335 2109 Triton
1356 2081 1392 2108 et
1414 2076 1532 2108 Pallas
1557 2075 1652 2116 palu·

949 2129 1010 2161 des
1034 2129 1076 2160 ad
1103 2128 1230 2169 Syrtim
1256 2127 1434 2158 minorem.
1478 2126 1548 2158 Sed
1574 2125 1650 2157 vide

959 2180 969 2197 ‘
985 2179 1162 2211 Minerva’
1188 2185 1224 2211 et
1246 2180 1255 2195 ‘
1269 2176 1450 2209 Tritonia)
1475 2177 1573 2208 Idem.

992 2236 1013 2251 ¹¹¹
1041 2230 1205 2271 palmites]
1227 2230 1353 2261 Palmes
1375 2238 1440 2259 non
1456 2227 1653 2260 immediate

950 2292 970 2313 a
990 2282 1105 2322 palma,
1135 2280 1194 2312 sed
1226 2290 1246 2312 a
1271 2279 1465 2320 palmavitz's,
1496 2279 1652 2320 palmitis,

946 2333 1104 2375 palmetis,
1124 2332 1252 2373 palmes.
1298 2331 1343 2362 Et
1368 2331 1454 2362 male
1469 2331 1578 2362 Varro
1594 2330 1653 2363 lib.

953 2394 978 2416 1.
996 2384 1037 2415 de
1054 2384 1095 2414 R.
1110 2383 1150 2414 R.
1162 2383 1310 2422 palmam,
1336 2381 1384 2412 sic
1410 2380 1499 2412 enim
1525 2380 1653 2413 dicitur

951 2438 985 2465 et
997 2435 1124 2475 palmes,
1136 2431 1555 2474 quasiparilemamdictam
1568 2431 1652 2471 vult,

951 2485 1040 2527 quod
1058 2493 1138 2515 uvas
1155 2483 1279 2525 pariat,
1295 2483 1408 2523 palma
1420 2482 1510 2513 enim
1525 2492 1545 2513 a
1561 2481 1653 2513 simi-

950 2536 1095 2569 litudine
1125 2535 1247 2576 palmae
1278 2533 1423 2566 hominis
1458 2533 1553 2566 dicta
1588 2538 1654 2573 est,

951 2587 1057 2630 quod,
1067 2593 1104 2618 ut
1115 2596 1157 2617 ex
1171 2586 1237 2617 ista
1249 2585 1357 2626 digiti,
1370 2585 1418 2616 sic
1431 2595 1474 2617 ex
1490 2585 1549 2617 illa
1565 2594 1652 2624 uvae,

953 2643 1151 2672 nascuntur.
1168 2636 1267 2668 Idem.

998 2696 1012 2711 ¹¹
1043 2687 1190 2730 Palpari]
1226 2687 1295 2720 Pro
1328 2688 1470 2728 palpare,
1504 2685 1653 2718 molliter
