1835 2906
384 140 446 169 DE
482 136 749 168 VERBORUM
784 131 1190 164 SIGNIFIGATIONE
1228 131 1320 160 [AB.
1356 131 1403 160 X.

1533 119 1618 160 349

223 236 343 290 quod
364 236 492 283 lares,
513 245 697 286 quorum
719 232 757 271 is
780 233 875 270 erat
897 227 994 267 dies
1020 225 1179 273 festus,
1213 225 1370 265 animae
1402 223 1618 277 putaban—

222 308 289 344 tur
309 315 406 343 esse
425 301 662 348 hominum,
682 298 871 339 redactae
888 301 922 320 ¹0
943 295 986 335 in
1008 306 1236 334 numerum
1262 292 1466 332 Deorum.

166 371 386 411 Lanarum
401 374 429 391 ¹¹
446 373 458 389 ⁵
481 367 730 409 vestimenti
753 376 887 418 genus
906 376 963 403 ex
984 363 1088 402 lana
1110 360 1293 401 succida
1313 359 1571 400 consectum.

166 437 450 485 Lanoculus:
471 436 547 489 qui
569 435 672 476 lana
691 434 797 485 tegit
819 431 934 471 oculi
956 430 1124 471 vitium.

166 504 379 558 Lapidem
404 504 599 544 silicemu
631 501 837 543 tenebant
858 498 1048 552 juraturi
1071 511 1146 551 per
1166 495 1194 536 J
1200 508 1340 543 ovem,
1365 494 1463 534 haec
1488 495 1621 534 verba

223 572 443 613 dieentes:
480 572 528 612 Si
559 571 705 611 sciens
734 567 857 618 fallo,
894 571 983 607 tum
1016 579 1083 606 me
1120 563 1346 616 Diespiter
1367 562 1492 602 salva
1513 562 1620 602 urbe

226 652 411 692 arceque
431 639 558 679 bonis
581 637 748 690 ejiciat,
770 635 836 675 uti
853 646 932 686 ego
955 634 1069 673 hunc
1091 631 1300 685 lapidem.

169 707 499 760 Lapidieinae,¹²
516 711 532 727 X
561 704 637 744 ubi
658 702 972 743 exscinduntur
992 699 1177 753 lapides.

171 775 354 828 Lapit,¹³
372 773 558 834 {dolore
579 771 725 812 afficit.

169 840 420 883 Larentalia
435 845 495 869 ¹4²
518 838 718 893 conjugis
743 836 942 878 Faustuli
963 835 1141 876 nutricis
1160 840 1187 862 ¹⁵
1221 834 1349 875 Remi
1375 836 1417 873 et
1440 832 1623 873 Romuli

228 909 445 949 Larentiae
463 908 590 948 festa.

770 1014 906 1026 ‘‘‘‘‘‘‘

911 1013 1005 1025 eeeee

215 1107 252 1136 10
277 1105 344 1136 Alii
360 1107 487 1143 sedatoe,
504 1109 569 1136 vet.
587 1103 878 1135 cod.re1‹1tae.—11
905 1101 960 1132 ΑΙ.
978 1099 1232 1131 Laverzmz.-—12
1268 1097 1276 1113 ‘
1296 1097 1331 1127 L.
1349 1105 1391 1126 m.
1419 1094 1625 1134 Lapidicinoe,

173 1150 220 1178 ubi
238 1149 424 1179 exciduntur
448 1147 586 1187 lapides!
614 1147 704 1177 Fulv.
721 1145 922 1176 Ursin.—13
948 1142 1002 1173 Al.
1031 1143 1132 1182 Lipil,
1149 1142 1200 1171 vel
1216 1140 1335 1179 Lipuit,
1354 1139 1407 1168 vel
1429 1138 1555 1177 Lapuit,
1573 1138 1626 1169 vel

170 1191 362 1222 Labie—14
386 1191 457 1222 Alii
473 1192 590 1231 legunt
606 1189 807 1220 Laurenlalia
824 1192 859 1218 et
875 1186 1152 1217 Laurentiae.—15
1177 1183 1322 1216 Quidam
1342 1181 1524 1212 inventori&

823 1293 967 1328 NOTAE

170 1385 296 1423 ronchu,
313 1384 401 1415 unde
419 1385 532 1417 Gra-*ei
551 1384 668 1424 λόγχη.
692 1385 774 1416 Dae.

214 1441 224 1455 r
246 1435 359 1466 Laneae
388 1435 517 1477 effigies]
553 1437 640 1467 Vide
672 1436 680 1451 ⁴
706 1434 802 1476 pilae'
833 1438 869 1465 et

172 1485 181 1500 ‘
200 1483 348 1525 effigies.'
373 1486 470 1517 Idem.

213 1540 223 1554 ⁵
239 1535 408 1576 Lanerum]
426 1536 455 1567 A
475 1538 563 1574 lana,
580 1538 729 1575 lanerus,
746 1546 776 1575 a,
794 1546 867 1566 um:

172 1591 208 1616 ut
226 1596 243 1615 a
261 1596 404 1626 quercus
427 1597 622 1628 quercet-us.
647 1587 743 1617 Idem.

215 1637 223 1655 t
245 1636 431 1677 Lanoculus]
457 1637 523 1669 Qui
550 1637 708 1668 culcitam
738 1637 869 1666 laneam

172 1686 276 1716 habet
301 1686 344 1716 ob
373 1687 501 1725 oculos,
529 1692 566 1717 ut
590 1687 678 1726 apud
709 1687 870 1717 Plautum

174 1736 249 1766 Mil.
267 1736 362 1767 Glor.
383 1737 438 1775 qui
464 1738 597 1767 oculum
627 1737 702 1766 lana
720 1737 816 1776 tegit,
833 1742 869 1767 nt

173 1786 200 1815 is
233 1796 306 1817 sese
337 1787 454 1817 melius
477 1786 619 1825 liabeat3
644 1787 753 1817 lanam
781 1787 869 1817 enim

172 1835 370 1877 frequenter
382 1837 525 1867 Veteres
540 1837 758 1868 adhibebant.
787 1837 869 1867 Sue-

177 1892 243 1917 ten.
260 1886 292 1916 iu
314 1887 495 1918 Domitian.
513 1896 588 1926 cap.
603 1889 654 1918 17.
678 1889 686 1903 ‘
707 1886 758 1918 Ac
774 1887 870 1917 sinis-

175 1937 300 1967 teriore
333 1937 482 1976 brachio,
512 1938 606 1968 velut
645 1947 749 1977 aegro,
787 1937 870 1967 lanis

175 1989 357 2029 fasciisque
377 1999 436 2028 pei·
454 1989 580 2029 aliquot
605 1988 676 2018 dies
706 1989 746 2018 ad
775 1997 869 2018 aver-

176 2040 310 2070 tendam
326 2039 549 2079 suspicionem
568 2039 750 2069 obvoluto.’
780 2039 872 2068 Mai·-

176 2090 246 2120 tial.
272 2093 281 2107 ‘
298 2089 396 2121 Quod
414 2090 491 2120 lana
507 2094 611 2130 caput
630 2089 769 2130 Alligas,
786 2089 870 2120 Clia-

175 2139 272 2170 rine.’
298 2139 394 2170 Idem.

219 2196 231 2209 ¹¹
256 2191 405 2230 Lapidem
428 2191 558 2231 silicem]
583 2189 657 2222 Etsi
682 2190 870 2229 scian1,ju-

176 2244 303 2269 ratores
320 2240 518 2280 simpliciter
539 2240 600 2270 liac
621 2239 762 2270 formula
783 2248 871 2277 usos,

177 2299 275 2329 quam
302 2289 422 2319 Festus
451 2289 570 2328 refert,
595 2290 648 2320 hic
675 2295 786 2321 tamen
811 2299 872 2329 per

169 2338 396 2376 jusjurandum,
413 2338 493 2368 illud
508 2339 672 2379 intelligo,
685 2349 751 2379 quo
768 2338 871 2369 foede-

178 2400 213 2420 ra
231 2389 459 2419 firmabantur.
492 2389 582 2419 Vide
602 2390 721 2429 Polyb.
737 2389 796 2420 lib.
813 2398 869 2420 111.

177 2439 256 2470 Alia
285 2440 384 2470 etiam
414 2438 559 2468 formula
585 2448 659 2468 usos
675 2439 821 2469 Veteres
838 2440 871 2469 in

177 2489 363 2521 foederibus
393 2488 552 2520 feriendis
581 2495 677 2529 patet
706 2499 747 2519 ex
777 2489 871 2520 Livio

178 2542 235 2572 lib.
254 2551 276 2571 1.
302 2552 373 2582 quae
397 2542 467 2571 haec
483 2540 569 2570 fuit:
594 2542 602 2556 ‘
622 2539 687 2570 Qui
706 2540 797 2579 prior
814 2539 869 2569 de-

178 2590 266 2621 fexit
292 2591 423 2631 publico
449 2590 586 2621 consilio
611 2589 687 2619 dolo
711 2590 810 2627 malo,
835 2595 870 2619 tu

181 2641 237 2670 illo
263 2640 327 2679 die,
352 2641 501 2680 Jupiter,
530 2640 688 2679 populun·
719 2648 794 2669 eum
826 2639 873 2669 sic

180 2690 290 2725 terito,
308 2697 344 2721 ut
360 2701 422 2730 ego
440 2691 525 2721 hunc
551 2698 686 2729 porcum
712 2688 808 2720 hodie
827 2686 874 2720 fe-

923 1381 1017 1419 riam,
1040 1384 1203 1420 tantoque
1234 1377 1337 1418 magis
1365 1375 1468 1407 ferito
1497 1380 1623 1416 quanto

922 1431 1026 1470 magis
1059 1435 1157 1470 potes
1199 1429 1382 1468 pellesque.
1445 1426 1531 1457 Haec
1569 1425 1625 1456 ubi

923 1482 1011 1513 dixit
1040 1490 1180 1522 porcum
1213 1489 1294 1510 saxo
1325 1478 1418 1508 silice
1451 1474 1625 1517 percutit?

925 1533 1022 1563 Idem.

968 1588 982 1603 x
1001 1580 1208 1621 Lapidiciuoe]
1233 1580 1402 1619 Corrupte
1423 1587 1481 1618 pro
1500 1577 1624 1616 lapicoe-

925 1633 1017 1664 (liner.
1041 1633 1068 1662 Α
1086 1632 1166 1672 lapis
1183 1637 1216 1662 et
1232 1632 1327 1668 coedo,
1342 1640 1360 1659 a
1372 1630 1380 1645 ‘
1396 1626 1515 1666 caed0‚'
1537 1629 1545 1643 ‘
1560 1637 1627 1657 cae-

926 1683 1026 1722 dina,'
1045 1687 1116 1713 uta
1132 1684 1141 1699 ‘
1157 1680 1275 1719 sodio,’
1300 1682 1309 1697 ‘
1328 1677 1466 1709 fodiua.’
1491 1677 1589 1707 Idem.

969 1741 981 1761 Υ
1005 1732 1115 1774 Lupit]
1142 1732 1311 1763 Pacuvius
1331 1729 1509 1760 Periboeaz
1532 1728 1541 1743 ‘
1560 1727 1624 1756 La-

926 1784 978 1824 pit
1002 1794 1061 1815 cor
1088 1793 1181 1822 cura,
1208 1789 1356 1811 aerumna
1381 1787 1504 1818 corpus
1521 1774 1623 1806 confi-

926 1833 997 1865 cit.'
1029 1834 1202 1864 Imitatum
1221 1842 1240 1862 a
1257 1830 1397 1865 Graecis,
1415 1829 1470 1869 qui
1486 1826 1626 1867 πώρωσιν

926 1884 992 1914 ἀντὶ
1007 1885 1063 1920 τῆς
1079 1883 1180 1920 λύπης
1196 1881 1325 1912 dicunt.
1349 1880 1416 1910 Jos.
1432 1878 1513 1908 Scal.

968 1935 1080 1975 Lapit]
1105 1934 1146 1965 Id
1164 1939 1227 1971 est,
1244 1930 1418 1972 lapidescit,
1435 1927 1557 1968 lapidis
1575 1928 1624 1958 iu-

926 1990 996 2016 star
1012 1985 1131 2015 durum
1158 1982 1206 2014 fit.
1257 1981 1423 2012 Pacuvius
1442 1979 1623 2010 Periboea:

924 2037 933 2052 ‘
947 2037 1046 2077 Lapit
1062 2045 1121 2066 cor
1137 2043 1231 2072 cura,
1247 2040 1396 2063 aerumna
1413 2039 1532 2069 corpus
1549 2038 1627 2059 con-

925 2086 1020 2117 ficit!
1043 2086 1125 2116 Dac.

967 2141 979 2155 2
999 2134 1197 2174 Larentalia]
1226 2133 1346 2163 Placet
1365 2130 1525 2160 librorum
1542 2138 1623 2169 quo-

926 2186 1066 2217 rundam
1097 2185 1211 2220 lectio,
1250 2180 1402 2213 Faustuli
1441 2178 1625 2209 inventoris

927 2237 1045 2268 Remi:
1070 2244 1259 2277 quanquam
1288 2241 1352 2262 non
1380 2230 1540 2269 displicet
1565 2238 1623 2258 nu-

927 2288 1023 2318 tritii.
1069 2287 1232 2317 Inventor
1248 2287 1301 2313 est
1323 2282 1498 2321 plusquam
1517 2278 1624 2309 nutri-

927 2337 1004 2377 iius,
1025 2336 1079 2377 qui
1096 2335 1268 2375 expositos
1286 2331 1432 2367 sustulit,
1450 2335 1484 2360 et
1503 2329 1624 2359 educa-

927 2389 986 2418 vit.
1032 2386 1165 2417 Iuventi
1187 2385 1274 2416 enim
1292 2381 1435 2413 infantes
1451 2380 1624 2419 dicuntur,

925 2438 954 2468 οἱ
969 2438 1203 2477 χαμαιῤῥιφεῖςς
1228 2440 1263 2466 et
1291 2435 1346 2474 qui
1365 2432 1514 2473 expositi
1531 2438 1623 2470 sunt,

927 2494 1109 2530 propterea
1140 2490 1171 2518 in
1207 2483 1511 2518 constitutionibus
1541 2483 1624 2514 dicti

925 2537 1118 2578 χαμευρετοί.
1142 2538 1211 2566 Jos.
1228 2535 1310 2566 scal.

968 2586 1163 2626 Larentalia]
1188 2587 1288 2617 Festa
1310 2595 1384 2621 quae
1405 2585 1437 2615 in
1461 2584 1622 2615 honorem

927 2639 1029 2670 Accae
1056 2638 1224 2669 Larentiae
1252 2639 1303 2667 10.
1325 2636 1404 2666 Kal.
1432 2635 1510 2667 Jan.
1537 2636 1623 2664 cele-

930 2689 1125 2720 brabantur.
1170 2687 1238 2718 Alii
1265 2687 1394 2727 legunt,
1421 2686 1623 2717 Laurentum
