1835 2906
229 83 315 126 486

674 94 825 126 SEXTt
858 95 1063 126 POMPEH
1096 96 1234 126 FESTI

283 188 485 240 novimen,
509 186 620 244 quod
637 187 828 231 notitiam
845 188 1006 245 faciat,
1036 189 1131 232 sive
1150 190 1330 234 familiae
1350 196 1433 242 est,
1455 199 1502 234 ut
1527 193 1673 236 Teren-

285 256 388 296 tius.-
411 256 586 310 ponz'tur
615 256 738 298 etiam
765 271 845 311 pro
875 257 1008 298 debito
1039 264 1084 297 ut
1115 263 1312 300 exactum
1331 259 1522 302 dicimus
1538 261 1673 315 fuisse

286 336 428 364 nomen
447 337 535 365 cum
553 338 579 364 α
598 322 775 365 debitore
795 331 938 365 exacta
954 326 1148 379 pecunia
1170 326 1241 367 sit.

229 389 492 442 Nonarum,g
523 391 700 442 Iduum,
729 391 1033 434 Kalendarum
1055 394 1220 447 posteri
1240 394 1334 435 dies
1354 408 1464 449 nup·
1491 395 1671 450 [PAUL.

283 458 357 499 tiis
373 463 406 490 ¹9
445 459 581 501 alieni
613 461 856 513 habentur3
887 462 1099 516 quoniam
1131 462 1176 503 hi
1211 463 1305 504 dies
1338 464 1514 505 decreto
1554 465 1674 505 Pon-

282 524 447 568 tifioum
468 527 550 569 atri
565 528 755 583 judicati
783 534 911 571 sunt:
943 530 1061 585 quod
1084 531 1451 585 quotiescumque
1484 530 1675 572 Romani

286 593 424 636 duces
458 595 564 638 belli
597 598 774 650 gerendi
819 599 960 652 gratia
996 599 1065 640 his
1101 599 1261 642 diebus
1301 599 1676 653 supplicaverunt,

284 662 399 704 male
421 665 737 718 rempublicam
759 679 952 719 gessere.

231 725 447 771 Nonarum
489 731 712 786 postridieh
738 732 880 775 iduum
912 735 1208 778 Kalendarum
1242 736 1324 778 dies
1357 735 1482 777 alieni
1511 735 1676 789 [FEST,

831 841 1071 855 “oeteo-etone&

271 905 312 934 19
336 903 409 937 Lib.
430 909 497 937 vet.
514 906 606 948 apud
624 907 740 940 Ursin.
756 918 818 950 pro
831 909 949 951 nuptiis
965 909 1069 942 habet
1082 911 1198 951 nuptis.

880 996 1022 1029 NOTAE

226 1063 294 1084 cum
307 1055 436 1094 pecunia
450 1055 494 1087 sit
508 1060 617 1088 exacta
632 1068 651 1089 α
665 1058 813 1091 debitore.
846 1060 925 1091 Fes-

227 1108 281 1135 tus
296 1107 553 1145 καταχρηστικῶς
573 1108 670 1148 ponit
685 1107 845 1142 familiam
863 1119 924 1150 pro

227 1160 341 1194 gente.
374 1156 462 1188 Nam
478 1157 586 1196 potius
601 1168 720 1190 nomen
737 1161 846 1199 gentis
861 1166 926 1201 est,

226 1208 265 1234 ut
283 1203 458 1244 Aguomen
475 1206 623 1240 familiae.
643 1210 713 1240 Jos.
730 1211 812 1241 Scal.

270 1255 392 1287 Nomen
406 1257 472 1288 sire
487 1268 526 1288 ex
543 1259 669 1301 Groeco]
697 1261 779 1293 Haec
801 1263 925 1303 trajec-

226 1306 319 1336 tione
336 1307 433 1338 unius
446 1308 538 1339 vocis
552 1318 618 1339 non
632 1310 752 1342 leviter
765 1318 926 1352 corrupta

227 1360 315 1387 sunt.
360 1357 475 1398 Lege:
508 1358 581 1390 Sive
609 1370 649 1391 ex
678 1361 789 1392 Graeco
819 1362 925 1403 ὄνομα,

225 1406 289 1437 site
304 1407 421 1438 dictum
437 1413 481 1439 est
497 1409 584 1449 quasi
601 1411 743 1442 novimen
767 1415 847 1453 quod
872 1425 925 1446 no-

226 1460 291 1487 tum
309 1456 425 1495 faciat.
472 1459 618 1491 Familiae
633 1465 693 1503 est,
707 1463 760 1502 ξε.
806 1464 841 1495 Si
858 1474 925 1495 ma-

225 1505 267 1536 lis
284 1516 359 1537 esse
373 1517 393 1538 a
409 1508 534 1541 Graeco
551 1509 658 1552 ὄνομα,
681 1523 697 1543 ο
715 1514 925 1554 praeciditur,

226 1560 265 1588 ut
279 1557 415 1599 ὄδοντες,
433 1559 566 1592 dentes.
609 1562 677 1594 Sed
694 1564 814 1595 melius
833 1575 852 1596 a
873 1576 925 1597 no-

225 1607 338 1647 vimen,
354 1619 471 1641 nomen.
520 1612 599 1650 Vel,
617 1618 655 1643 ut
679 1614 748 1654 alii,
771 1625 790 1646 a
806 1617 926 1657 supino

226 1661 343 1696 nolum,
366 1669 488 1699 nomen,
516 1666 554 1692 nt
583 1672 601 1693 a
631 1664 640 1679 ‘
657 1665 809 1701 motum,’
834 1670 926 1698 ‘mo—

225 1708 330 1739 men.’
375 1710 459 1741 Cum
483 1711 602 1744 Festus
630 1713 677 1744 ait
704 1723 825 1747 nomen
851 1726 926 1748 esse

225 1759 377 1800 familiae,
405 1761 566 1794 familiam
592 1765 687 1804 ponit
721 1775 781 1806 pro
816 1773 926 1807 gente.

226 1811 313 1842 Nam
332 1813 443 1852 potius
459 1823 581 1845 nomen
598 1815 711 1855 gentis
728 1821 791 1853 est,
807 1824 845 1849 ut
869 1828 925 1860 ag-

225 1870 347 1892 nomen
364 1860 511 1895 familiae.
536 1864 618 1896 Dac.

268 1916 284 1939 g
309 1912 485 1954 Nonarum]
521 1914 608 1945 Haec
644 1921 743 1948 erant
769 1927 809 1948 ex
840 1918 926 1949 libro

227 1966 349 2002 quarto
364 1963 476 1994 Verrii
493 1963 536 1995 de
553 1965 731 1997 verborum
758 1967 927 2008 significa-

226 2012 329 2052 tione,
349 2018 386 2044 ut
413 2013 542 2046 Gellius
570 2016 690 2048 scribit
715 2017 773 2049 lib.
791 2028 823 2050 v.
850 2029 927 2060 cap.

227 2065 277 2093 13.
327 2062 502 2096 Videndus
529 2066 631 2097 etiam
660 2067 774 2099 Livius
801 2069 858 2101 lib.
877 2079 925 2102 νι.

225 2114 330 2146 Ovid.
367 2125 391 2147 1.
415 2117 548 2150 Fastor.
577 2119 754 2151 Plutarch.
785 2121 817 2152 in
842 2122 927 2153 Pro-

226 2164 328 2196 blem.
361 2167 517 2199 Macrob.
549 2169 608 2200 lib.
638 2179 663 2201 1.
687 2171 823 2202 Saturn.
847 2173 926 2204 Ant.

226 2215 311 2254 Aug.

270 2267 448 2310 Nonarum]
482 2269 520 2300 L.
543 2279 586 2301 m.
613 2270 711 2302 habet
736 2273 841 2313 nuptis
865 2283 926 2314 pro

227 2318 357 2357 nuptiis.
403 2319 492 2350 Vide
516 2320 672 2354 Macrob.
698 2322 756 2355 lib.
773 2332 798 2354 1.
821 2334 851 2355 c.
875 2327 926 2356 15.

230 2367 301 2398 Ful.
323 2368 430 2400 Ursin-

270 2418 448 2460 Nonnrum]
484 2421 590 2454 Deest
620 2423 729 2463 prima
759 2424 867 2456 linea:
891 2430 926 2457 et

227 2467 338 2506 spatia
364 2471 557 2510 angustiora
581 2473 703 2504 relicta
720 2480 809 2510 sunt,
827 2485 926 2516 quam

226 2521 388 2556 quantum
418 2521 498 2551 satis
529 2522 573 2553 sit
606 2523 647 2554 ad
684 2534 724 2555 ea
748 2526 927 2565 capienda,

227 2575 302 2606 quae
333 2566 577 2602 desiderantur.
634 2574 689 2605 Ita
719 2575 823 2615 igitur
848 2586 927 2617 snp-

227 2616 340 2655 pleto:
367 2617 543 2660 Nonarum,
566 2622 689 2662 Iduum,
714 2625 929 2657 Kalendarum

227 2666 391 2709 postridie,
404 2668 477 2701 item
487 2675 560 2703 ante
578 2682 649 2706 1111.
677 2676 851 2713 Kalendas,
862 2678 928 2709 Νο-

978 1069 1047 1099 nas,
1064 1059 1141 1090 Idus
1161 1069 1247 1090 novce
1261 1062 1365 1099 παρίω
1381 1062 1499 1099 tempus
1513 1062 1615 1089 atrum
1630 1062 1677 1089 z'n⁴

977 1110 1138 1141 lusciscere
1155 1109 1350 1141 observatum
1366 1113 1433 1140 est.-
1455 1109 1599 1150 quoniam
1613 1110 1678 1140 atri

978 1160 1012 1191 hi
1026 1161 1091 1192 dies
1112 1170 1176 1191 esse
1193 1160 1329 1198 judicati
1342 1163 1413 1190 sunt
1428 1160 1549 1190 decreto
1566 1160 1676 1190 Ponti-

969 1211 1086 1253 ficum:
1116 1212 1194 1251 quod
1222 1211 1467 1251 quotiescumque
1498 1210 1557 1240 Ro.
1586 1210 1677 1240 duces

980 1261 1051 1292 belli
1073 1261 1203 1300 gerendi
1224 1261 1333 1299 gratia
1345 1260 1392 1291 his
1408 1260 1512 1290 diebus
1526 1260 1676 1299 supplica-

979 1315 1103 1350 verunt,
1126 1312 1205 1342 male
1242 1311 1354 1350 Remp.
1394 1319 1526 1349 gessere.
1588 1308 1676 1339 Vide

981 1360 1129 1392 Gellium
1158 1361 1215 1392 lib.
1234 1370 1266 1391 v.
1291 1370 1368 1400 cap.
1390 1362 1441 1390 13.
1467 1364 1504 1390 et
1519 1358 1676 1390 Macrob.

980 1411 1038 1442 lib.
1059 1420 1083 1443 ι.
1105 1411 1275 1442 Saturnal.
1297 1411 1367 1441 Jos.
1382 1410 1465 1442 Scal.

1025 1462 1198 1502 Nonarum,
1221 1462 1348 1502 Iduum]
1382 1459 1537 1492 Mam-ob.
1566 1460 1627 1491 lib.
1654 1470 1679 1492 1.

980 1512 1148 1543 Saturnal.
1189 1517 1198 1531 ‘
1223 1513 1279 1543 Ne
1309 1511 1372 1542 hoc
1404 1511 1678 1552 praetermiserim

981 1563 1068 1603 quod
1107 1562 1233 1602 nuptiis
1267 1561 1468 1602 copulandis
1493 1561 1678 1597 Kalendas,

982 1613 1111 1649 Nonas,
1143 1619 1178 1644 et
1208 1613 1304 1653 Idus,
1333 1612 1519 1653 religiosas,
1550 1612 1583 1643 id
1613 1617 1678 1651 est,

981 1664 1157 1695 evitandas
1174 1668 1393 1695 censuerunt.
1440 1663 1487 1694 Hi
1504 1662 1593 1694 enim
1609 1662 1680 1694 dies

981 1719 1108 1754 praeter
1141 1714 1256 1745 Nonas
1289 1712 1403 1744 feriati
1437 1717 1527 1744 sunt·
1572 1712 1679 1744 Feriis

981 1770 1095 1796 autem
1127 1764 1194 1795 vim
1221 1764 1377 1806 cuiquam
1406 1763 1477 1795 fieri
1506 1764 1680 1804 piaculare

981 1820 1056 1845 est:
1082 1814 1158 1845 ideo
1184 1819 1263 1846 tnnc
1293 1815 1445 1845 vitantur
1475 1814 1618 1854 nuptiae,
1644 1814 1678 1845 in

981 1865 1102 1906 quibus
1133 1865 1181 1896 vis
1214 1864 1286 1896 fieri
1321 1864 1508 1905 virginibus
1532 1863 1680 1903 videtur,

980 1919 1045 1947 obe.
1114 1915 1222 1947 Nonis
1261 1914 1458 1955 prohibetur
1495 1914 1679 1945 celebritas

982 1966 1188 2007 nuptiarum,
1220 1966 1298 2007 qnia
1329 1965 1455 2006 primus
1485 1965 1560 1996 dies
1585 1974 1679 1996 vere·

981 2018 1112 2048 cnndiae
1130 2016 1246 2055 datur,
1270 2015 1437 2057 postridie
1460 2020 1573 2046 autem
1595 2024 1679 2055 nup-

982 2073 1049 2098 tam
1067 2068 1100 2098 in
1116 2067 1216 2098 domo
1240 2066 1302 2097 viri
1322 2065 1505 2097 dominium
1524 2065 1677 2105 incipere

982 2122 1122 2159 oportet
1156 2116 1315 2157 adipisci,
1353 2120 1387 2146 ct
1423 2124 1492 2146 rem
1531 2115 1678 2146 divinam

981 2169 1106 2200 facere.
1163 2168 1292 2198 Omnes
1328 2172 1441 2196 autem
1479 2166 1680 2206 postridiani

982 2219 1065 2257 dies,
1080 2228 1138 2249 sen
1157 2222 1233 2258 post
1246 2216 1499 2251 Kalendas,seu
1518 2222 1594 2257 post
1609 2218 1680 2248 No-

981 2279 1054 2307 nas,
1069 2268 1209 2306 Idusve,
1224 2277 1266 2298 ex
1281 2276 1377 2308 aequo
1390 2267 1455 2297 atri
1472 2273 1562 2298 sunt.
1596 2267 1679 2299 Ideo

981 2324 1016 2350 et
1033 2328 1136 2349 nonas
1161 2318 1324 2349 inhabiles
1348 2317 1475 2358 nuptiis
1497 2326 1570 2348 esse
1586 2317 1679 2349 dixe-

981 2375 1070 2405 runt,
1087 2379 1129 2400 ne
1147 2374 1253 2409 nupta
1269 2372 1326 2399 aut
1344 2373 1480 2408 postero
1496 2368 1550 2399 die
1568 2370 1680 2409 auspi-

982 2426 1117 2452 caretur
1133 2420 1326 2451 libertatem
1346 2419 1510 2457 uxoriam,
1533 2425 1591 2448 aut
1606 2424 1679 2449 atro

982 2473 1184 2506 immolaret.
1201 2480 1266 2511 quo
1283 2468 1378 2500 nefa-l
1395 2474 1445 2500 est
1471 2478 1567 2499 sacra
1591 2469 1679 2499 cele-

983 2522 1095 2555 brari.'
1140 2521 1227 2552 vide
1257 2527 1424 2561 praeterea
1451 2520 1524 2551 Liv.
1549 2519 1606 2549 lib.
1631 2528 1680 2550 vr.

983 2573 1086 2605 Ovid.
1107 2574 1200 2604 Fast.
1216 2577 1252 2604 et
1268 2571 1442 2602 Plutarch.
1458 2570 1493 2601 in
1506 2570 1679 2601 Problem.

982 2627 1222 2708 Dsffivonarum
1241 2671 1407 2714 postridie]
1423 2671 1511 2703 Vide
1528 2671 1677 2703 Gellium
