1835 2906
223 122 307 163 404

668 130 815 160 SEXTI
852 128 1052 158 POMPEI!
1089 127 1226 157 FESTI

283 240 422 272 sacra,
443 231 483 266 et
505 226 735 278 religiones
755 231 787 247 ¹0
808 224 1036 278 pertinent,
1051 221 1194 273 judex
1215 220 1542 273 sit,vindexque
1561 235 1660 262 con-

282 296 490 336 tumaciae
511 295 791 348 privatorum,
814 292 1253 343 magistratuumque.

226 363 308 404 ME
330 375 408 416 pro
427 359 553 402 mihi¹
576 361 778 402 dicebant
800 359 987 412 antiqui.

225 431 303 471 Me
325 443 404 483 pro
426 429 531 470 mihi
552 429 791 469 dicebantm
812 426 998 479 antiqui,
1020 427 1067 464 ut
1084 424 1270 473 Ennius,
1294 436 1394 464 cum
1415 423 1478 464 ait
1498 422 1662 476 [Fsssvr.

279 498 390 538 libro
413 496 604 537 secundo
622 509 632 536 t
665 495 712 535 Si
734 493 836 546 qnid
858 505 927 532 me
948 491 1078 532 fuerit
1097 490 1361 539 humanitus,
1382 493 1431 530 ut
1452 490 1662 531 teneatis:

281 569 326 605 et
343 565 562 605 Lucilius:
596 562 730 603 Nunc
752 561 808 601 ad
824 564 866 601 te
886 560 1033 610 redeo,
1052 563 1098 600 nt
1129 571 1229 612 quae
1257 570 1326 598 res
1354 570 1422 598 me
1442 557 1664 610 impendet

280 637 443 685 agatur.

225 698 401 739 Meatus
422 711 448 738 a
470 697 651 739 meando
673 697 835 738 dictus.

225 765 490 815 Mecastor,n
513 765 844 820 etwmehercnles
860 762 1168 816 jusjurandum
1190 765 1307 802 erat:
1333 759 1461 814 quasi
1485 758 1609 809 [PAU
1620 769 1662 799 L.

821 904 940 915 ccccc

267 975 306 1004 10
330 974 408 1005 Vet.
426 973 483 1005 lib.
499 973 689 1013 religionem.

944 903 1059 916 oooooo

874 1058 907 1091 N
914 1057 1017 1092 OTAE

265 1124 427 1155 Maximus
441 1125 607 1165 Pontifex]
622 1126 800 1157 Postrema
813 1125 916 1156 verba

220 1175 394 1215 negotium
410 1174 584 1206 facessunt
605 1175 715 1207 doctis
735 1175 825 1216 viris,
842 1185 915 1216 quae

224 1229 299 1255 sunt
314 1225 397 1263 llaec,
412 1225 584 1265 vindexque
598 1227 797 1257 contumuciae
811 1226 917 1266 prita-

223 1278 335 1315 torum,
354 1276 659 1317 magistratmmzque.
707 1277 823 1309 Quid?
852 1286 917 1307 uon

222 1325 348 1355 licebat
376 1325 422 1355 illi
443 1327 715 1358 animadvertere
739 1328 771 1357 in
798 1331 917 1358 contu-

223 1375 363 1405 maciam
382 1376 589 1415 privatorum
605 1377 614 1405 ?
643 1376 767 1407 Audite
785 1377 917 1407 Macro-

222 1422 334 1454 binm:
365 1425 515 1465 ‘Regem
541 1435 708 1456 sacrorum
737 1427 918 1457 Flamiues-

223 1483 288 1513 qne
305 1483 370 1504 non
387 1475 512 1505 licebat
527 1475 639 1505 videre
654 1475 746 1506 feriis
760 1485 844 1515 opus
860 1475 918 1506 fie-

223 1523 270 1553 ri:
295 1528 330 1554 et
348 1524 422 1554 ideo
441 1534 502 1563 per
524 1534 713 1564 praeconem
735 1524 917 1556 denuncia-

223 1572 316 1611 bant,
335 1574 460 1614 nequid
477 1574 545 1605 tale
561 1580 743 1615 ageretur:
780 1579 815 1605 et
832 1584 917 1615 prae-

223 1624 316 1662 cepti
343 1624 516 1663 negligens
545 1624 773 1656 nmltabatur.’
818 1625 917 1657 Quod

222 1672 318 1702 licuit
346 1672 564 1708 Flaminibns,
588 1674 651 1705 hoc
678 1683 744 1705 non
768 1674 918 1706 licuisset

224 1722 385 1753 Pontifici
410 1723 584 1754 Maximo?
629 1724 676 1754 At
701 1725 919 1764 magistratus

224 1773 469 1803 contumaciam
485 1783 548 1803 non
566 1773 758 1814 coercebat,
770 1774 920 1815 inquitis.

225 1822 352 1853 Audite
381 1824 457 1854 Val.
489 1824 698 1856 Maximum:
736 1825 745 1842 ‘
760 1826 920 1856 Metellus

223 1872 386 1903 Pontifex
396 1874 490 1905 Max.
503 1874 740 1905 posthumium
753 1876 829 1907 Cos.
841 1885 921 1906 enn-

225 1923 371 1965 demqne
383 1925 567 1956 Flaminem
584 1926 778 1956 Martialem
791 1926 832 1956 ad
851 1926 920 1956 bel-

225 1974 292 2005 lum
311 1974 494 2013 gerendum
513 1974 661 2006 Africam
680 1981 866 2016 petentem,
879 1986 920 2007 ne

225 2033 245 2054 a
273 2024 375 2055 sacris
406 2025 610 2063 discederet,
644 2027 748 2056 multa
780 2026 920 2065 indicta,

226 2074 351 2105 Urbem
372 2075 486 2114 egredi
505 2086 620 2116 passus
642 2086 707 2107 non
733 2076 806 2107 est?
851 2077 919 2108 Sed

224 2123 276 2154 his
298 2125 460 2165 exemplis
482 2126 571 2165 pleni
593 2131 671 2156 sunt
694 2127 919 2157 Romanorum

227 2174 395 2205 Annales:
414 2185 488 2216 qnae
497 2175 664 2206 studiosus
677 2176 783 2207 lector
795 2176 919 2216 passim

226 2224 390 2256 adnotare
408 2229 531 2265 potest.
555 2227 623 2255 Jos.
637 2225 719 2256 Scal.

270 2273 277 2294 ¹
300 2275 355 2306 Me
367 2285 423 2315 pro
436 2275 526 2315 mihi]
551 2276 578 2306 E
592 2281 626 2307 et
641 2276 657 2306 I
677 2275 864 2317 promiscue
879 2275 920 2306 ab

229 2325 375 2366 antiquis
392 2330 553 2364 usurpata
574 2325 677 2357 fnisse
698 2330 823 2366 praeter
844 2326 920 2356 Fes-

230 2379 300 2405 tum
317 2376 444 2406 monuit
462 2376 661 2408 Quintilian.
684 2377 741 2407 lib.
767 2386 791 2407 1.
813 2376 920 2407 instit.

230 2424 343 2466 itaque
367 2426 401 2456 in
424 2426 525 2456 dandi
551 2436 630 2458 casn
652 2437 698 2458 me
721 2431 755 2458 et
779 2431 808 2458 te
833 2427 920 2458 dice-

230 2474 313 2505 bant
330 2485 390 2515 pro
406 2476 448 2506 mi
465 2481 499 2507 et
515 2477 552 2516 ti,
567 2478 628 2508 lioc
645 2482 708 2515 est,
721 2478 797 2507 mihi
808 2481 843 2508 et
855 2477 922 2508 tibi.

232 2523 343 2563 Hujus
362 2525 408 2554 rei
431 2526 638 2558 luculentum
663 2528 852 2567 exemplum
871 2531 923 2558 est

232 2575 322 2614 apud
341 2576 452 2606 Plaut.
475 2576 570 2608 Asin.
588 2588 644 2610 111.
660 2581 690 2609 2.
714 2580 722 2595 ⁴
740 2579 787 2609 Ut
804 2588 922 2619 meque

233 2628 333 2664 teque
358 2625 500 2655 maxime
527 2632 627 2667 atque
654 2629 787 2669 ingenio
810 2633 925 2659 nostro

971 1122 1109 1155 decuit!
1134 1122 1232 1154 Idem.

1014 1179 1034 1193 ¹¹·
1058 1173 1113 1204 Me
1126 1181 1184 1213 pro
1209 1170 1286 1202 mihi
1304 1168 1462 1210 dicebant]
1497 1169 1584 1201 Vide
1607 1180 1666 1202 no-

971 1228 1039 1255 tam
1065 1232 1136 1263 sup.
1154 1222 1212 1252 sed
1237 1221 1323 1252 male
1346 1221 1400 1251 hic
1420 1221 1562 1252 Festus:
1588 1231 1664 1252 narn

970 1274 1062 1314 prius
1079 1273 1269 1313 exemplum
1287 1271 1332 1301 nil
1350 1270 1484 1311 probat,
1507 1280 1583 1301 cum
1602 1271 1666 1302 La-

970 1324 1034 1355 tini
1071 1332 1197 1361 omnes,
1220 1330 1284 1352 non
1318 1321 1426 1351 minus
1458 1321 1665 1351 recentiores

972 1384 1069 1414 qnam
1085 1373 1302 1406 vetustiores,
1313 1371 1442 1410 dicant,
1458 1375 1466 1387 ‘
1479 1372 1505 1401 si
1521 1372 1665 1411 quidillo

969 1423 1103 1454 homine
1126 1422 1229 1453 fuerit
1245 1421 1264 1453 :'
1288 1422 1296 1437 ‘
1312 1421 1392 1462 quid
1411 1431 1463 1452 me
1480 1420 1573 1453 fiat?
1601 1425 1667 1454 ἅτ.

970 1474 1059 1515 quod
1091 1474 1259 1512 interpres
1288 1472 1441 1503 Terentii
1467 1473 1667 1512 explicabit.

972 1524 1147 1554 Posterius
1162 1528 1275 1553 autem
1287 1522 1386 1554 nihilo
1397 1523 1498 1554 etiam
1511 1524 1666 1563 amplius,

972 1583 1046 1604 cnm
1065 1573 1153 1613 apud
1178 1572 1372 1603 Lucretium
1396 1572 1541 1613 legatur,
1564 1573 1572 1589 ‘
1587 1582 1667 1604 saxa

974 1623 1170 1664 impendent
1188 1621 1306 1661 mare‚'
1334 1621 1393 1653 lib.
1415 1631 1439 1652 ι.
1461 1623 1470 1639 ‘
1485 1623 1559 1653 Nec
1575 1632 1668 1653 mare

972 1683 1047 1714 quae
1065 1672 1264 1714 impendent
1282 1680 1381 1703 vesco
1397 1672 1466 1702 sale
1489 1682 1569 1703 saxa
1590 1682 1667 1712 per-

973 1725 1052 1756 esa.'
1110 1726 1301 1763 Praeterea,
1328 1723 1417 1765 quod
1448 1723 1548 1763 plane
1576 1724 1667 1764 ejus-

973 1775 1061 1806 modi
1088 1779 1153 1813 est,
1185 1773 1346 1804 dicebant
1373 1772 1536 1804 ‘exitium
1564 1773 1669 1804 instat

974 1824 1071 1856 illos.y
1118 1825 1168 1855 En
1191 1824 1253 1854 tibi
1274 1828 1446 1855 auctorem
1462 1825 1667 1865 locupletem

975 1875 1008 1905 in
1035 1875 1148 1905 Plaut.
1172 1874 1338 1905 Poenulo:
1374 1875 1440 1905 ‘Di
1465 1876 1668 1907 immortales

975 1934 1085 1955 meum
1116 1924 1231 1955 herum
1263 1928 1433 1955 servatum
1465 1925 1595 1964 volunt,
1623 1927 1669 1958 Et

972 1975 1060 2005 hunc
1089 1975 1242 2005 lenonem
1271 1974 1509 2015 disperditum,
1537 1980 1668 2007 tantum

974 2033 1051 2054 enm
1082 2024 1186 2055 instat
1217 2023 1336 2054 exitii.'
1382 2023 1435 2055 An
1467 2025 1511 2055 ibi
1542 2025 1670 2056 dixerit

975 2074 1096 2104 Festus
1110 2083 1177 2103 eum
1192 2082 1265 2103 esse
1280 2074 1312 2103 in
1328 2073 1428 2103 dandi
1443 2074 1542 2104 casu?
1567 2074 1620 2105 Sic
1634 2079 1670 2106 et

975 2123 1065 2163 apud
1086 2123 1252 2153 Lucilium
1274 2122 1424 2153 invenias
1451 2122 1669 2155 ‘incumbere

975 2171 1146 2212 gladium!
1169 2173 1242 2203 Sat.
1259 2172 1316 2203 lib.
1336 2181 1438 2203 xxvr.
1454 2173 1463 2189 ‘
1476 2173 1670 2213 Suspendat

975 2232 1017 2253 ne
1033 2233 1079 2262 se,
1093 2232 1134 2253 an
1148 2222 1296 2261 gladium
1312 2222 1485 2254 incumbat
1496 2232 1538 2254 ne
1548 2225 1668 2255 coelnm

974 2272 1113 2304 videat.'
1139 2273 1234 2303 Idem.

1017 2329 1032 2344 ¹¹
1055 2323 1228 2362 Mecastor]
1261 2323 1361 2356 Quod
1387 2324 1500 2355 Graeci
1515 2325 1669 2365 jurantes

974 2374 1027 2413 μὰ,
1052 2374 1088 2411 νὴ
1110 2378 1325 2414 praeponunt,
1356 2373 1389 2404 id
1414 2374 1571 2405 Romanis
1597 2380 1670 2405 erat

976 2434 1023 2454 me
1038 2429 1073 2455 et
1093 2434 1120 2459 e,
1142 2425 1204 2454 hoc
1221 2429 1284 2459 est,
1304 2433 1380 2463 per:
1404 2427 1441 2454 ut
1456 2425 1463 2439 ‘
1479 2424 1669 2462 mecastor,'

977 2485 1038 2515 per
1070 2476 1261 2513 Castorem,
1298 2473 1578 2514 ‘mediusfidins‚'
1608 2484 1670 2514 per

976 2525 1072 2557 Jovis
1099 2524 1216 2560 filium,
1242 2525 1263 2555 i.
1289 2524 1486 2563 Herculem,
1512 2523 1668 2554 ‘melier-

977 2574 1074 2614 cule,'
1100 2584 1162 2615 per
1189 2575 1392 2605 Herculem:
1424 2573 1581 2613 ‘Ejuno‚'
1606 2584 1669 2614 per

977 2627 1159 2663 Junonem,
1176 2629 1184 2644 ⁴
1197 2623 1380 2667 Equiriue‚’
1400 2633 1460 2663 per
1477 2624 1668 2664 Quirinum,
