1835 2906
244 145 330 187 196

690 158 833 188 SEXTI
868 159 963 188 POM
976 160 1072 189 PEII
1098 160 1245 191 'FESTI

243 253 420 294 CUBAM
440 252 499 277 ’Ἠ
528 252 679 295 Sabini
717 259 875 297 vocant
911 269 1023 307 eam,
1056 270 1186 310 quam
1216 257 1426 299 militares
1460 259 1686 302 lecticam:

295 320 410 361 unde
431 321 603 362 videtur
622 321 867 364 derivatum
888 337 987 365 esse
1009 325 1274 366 cubiculum.

240 387 419 429 Cubans
433 393 449 417 g
480 390 748 442 auspicatur,
771 391 847 444 qui
869 391 912 431 in
933 391 1049 433 lecto
1070 392 1233 445 quaerit
1255 393 1494 445 augurium.

239 454 451 505 Culcita,h
481 457 602 510 quod
624 461 817 498 tomento
837 458 1093 508 inculcatur,
1114 459 1352 513 appellata.

237 522 423 576 Culigna
438 529 469 555 ¹9
486 522 493 546 i
525 537 604 565 vas
620 526 853 577 potorium.
915 525 1043 576 Cato,
1063 526 1308 580 Culignam,
1325 528 1481 581 inquit,
1498 529 1543 569 in
1558 529 1682 570 foeno

292 590 454 631 Graeco
488 592 654 644 ponito,
681 596 729 633 ut
754 594 866 634 bene
898 594 1031 634 oleat.

1095 593 1285 648 Culigna
1314 608 1394 636 vas
1421 596 1633 638 vinarium
1655 610 1682 638 a

290 663 452 705 Graeco
474 663 610 714 dicta,
633 678 763 719 quam
783 667 846 707 illi
868 666 1018 708 dicunt
1039 667 1191 708 κύλικα.

234 730 391 772 Cutina
407 730 421 753 ¹<
454 737 637 774 vocatur
657 733 795 783 locus,
827 734 869 775 in
893 748 981 788 quo
1010 736 1157 788 epulae
1181 737 1224 776 in
1252 735 1399 777 sunere
1420 737 1681 778 comburun-

289 804 372 841 tur.

835 865 950 876 eeeeee

957 867 1071 878 aeaeaeaeaeae

273 922 311 949 18
345 918 413 950 Alii
437 920 684 951 Cumbmn.—19
709 921 808 960 Legit
831 921 920 951 Scal.
944 931 1034 961 quam
1054 922 1102 952 illi
1125 922 1232 952 dicunt
1256 920 1416 960 κυλίχνην.
1440 922 1530 962 quod
1554 922 1677 963 probat

884 1006 1024 1038 NOTAE

232 962 315 993 Dae.

225 1059 423 1099 straminum,
452 1059 707 1097 Crustomerium,
733 1064 766 1090 et
796 1060 923 1090 Crusto-

226 1109 331 1140 meria.
388 1109 672 1140 ‘Crustumeros'
699 1114 796 1140 vocat
824 1111 922 1149 Virg.

224 1159 282 1190 lib.
303 1168 365 1190 vn.
401 1164 409 1177 ‘
425 1159 550 1196 Ardea,
575 1160 867 1202 Crustumerique,
888 1167 923 1193 et

225 1210 401 1249 turrigerae
420 1208 626 1241 Antemnae.'
671 1212 755 1243 Quae
775 1212 920 1252 scriptu-

223 1269 270 1290 rae
289 1260 446 1300 varietas,
464 1261 496 1291 in
515 1270 550 1292 re
566 1261 651 1292 adeo
675 1262 818 1300 incerta,
835 1262 920 1295 facit

222 1314 260 1341 ut
276 1311 357 1342 nihil
374 1311 591 1351 pronuntiare
609 1312 761 1343 audeam.
791 1314 918 1345 Tamen

222 1360 264 1392 ad
294 1362 463 1402 vulgatam
490 1362 672 1393 lectionem
705 1363 917 1396 retinendam

220 1419 274 1441 rue
296 1411 399 1442 Plinii
425 1412 517 1443 locus
542 1412 757 1444 veliementer
779 1420 915 1447 movet:

219 1464 227 1478 ‘
240 1461 510 1497 Crustumenus,'
527 1452 648 1503 inquit,
667 1464 676 1479 ‘
691 1473 773 1503 ager
791 1466 916 1496 veteris

218 1511 336 1551 oppidi
353 1521 473 1543 nomen
491 1513 616 1544 retinet
635 1514 667 1544 in
684 1513 830 1545 Tuscia.'
870 1516 914 1546 Et

219 1560 341 1592 Cicero
358 1571 419 1601 pro
438 1562 579 1594 Flacco:
614 1564 622 1579 ‘
637 1563 676 1594 In
694 1563 914 1596 Crustumino

217 1613 325 1643 autin
343 1613 509 1653 Capenati
529 1613 634 1653 agro.5
681 1614 776 1644 Idem
794 1615 914 1646 Cicero

217 1672 278 1703 pro
297 1664 414 1695 Plane.
433 1672 466 1695 et
487 1674 546 1704 pro
568 1664 676 1695 Balbo
703 1665 712 1681 ‘
727 1664 914 1696 Crustumi-

216 1713 314 1743 nam'
333 1714 456 1744 tribum
472 1714 635 1753 nominat,
649 1719 681 1745 et
695 1715 741 1746 ita
755 1715 788 1745 in
805 1716 912 1756 Lapp.

214 1763 296 1794 Duc.

257 1812 270 1831 f
291 1814 423 1853 Cabum]
458 1814 487 1845 A
509 1816 595 1855 cubo,
615 1815 702 1856 quod
727 1816 771 1846 ibi
790 1816 911 1847 milites

213 1862 394 1902 cubabant,
410 1874 484 1894 cum
503 1866 562 1903 ait,
578 1871 585 1882 ‘
603 1866 772 1905 lecticam,
790 1872 826 1897 ut
852 1867 911 1897 rni-

213 1912 330 1944 litares
347 1914 499 1952 vocant;'
525 1915 664 1946 lecticas
681 1916 845 1946 militares
862 1917 909 1947 in-

212 1963 347 2003 telligit,
374 1973 447 2004 quae
480 1963 616 1995 Graecis
641 1966 830 2004 χαμεύναδες
857 1967 906 1997 di-

211 2019 348 2053 cuntur,
361 2018 395 2044 et
405 2014 567 2052 χαμεῦναι.
594 2015 710 2055 Eurip.
727 2017 757 2046 in
773 2017 905 2048 Rheso:

209 2064 299 2093 λεῖπε
324 2064 480 2102 χαμεύνας
506 2065 780 2105 φυλλοστρώτους.
816 2067 824 2082 ‘
841 2066 904 2097 Re-

209 2115 324 2155 linque
341 2116 480 2146 lecticas
496 2114 585 2147 foliis
604 2116 752 2146 stratas.’
789 2117 903 2147 Talem

211 2165 320 2196 Varro
360 2167 514 2197 lecticam
562 2167 722 2207 intelligit
760 2167 817 2198 lib.
858 2177 904 2198 iv.

207 2217 215 2232 ‘
231 2215 384 2255 Lectica,
407 2217 496 2257 qnod
522 2217 694 2256 legebant,
717 2217 805 2248 unde
831 2227 902 2248 eam

208 2265 374 2304 facerent,
391 2272 581 2297 stramenta
597 2271 699 2307 atque
715 2267 849 2305 herbas,
867 2272 903 2298 ut

207 2316 413 2347 etiamnunc
439 2317 478 2348 fit
501 2318 532 2348 in
550 2317 707 2355 castris;’
743 2323 820 2349 sunt
847 2319 901 2359 qui

207 2366 320 2405 legant
337 2368 473 2398 cumbam
496 2377 557 2407 pro
573 2368 690 2404 cubam,
715 2369 773 2399 sed
796 2370 901 2400 cubam

207 2424 286 2445 vera
301 2416 411 2446 lectio.
436 2418 534 2448 Idem.

248 2472 262 2492 g
290 2466 426 2507 Gabaris]
454 2469 572 2506 Virgil.
607 2469 783 2500 ‘Pellibus
810 2469 900 2500 incu-

206 2515 277 2545 buit
295 2517 424 2555 stratis,
440 2527 640 2560 somnosque
658 2519 801 2560 petivit!
831 2521 900 2550 Jos.

204 2566 290 2596 Scal.

250 2616 389 2657 Culmus]
424 2618 598 2650 Interdum
622 2622 676 2661 qui
697 2632 714 2652 a
732 2622 829 2652 Divis
847 2632 897 2652 re-

206 2676 326 2706 sponsa
349 2668 400 2698 vel
429 2669 493 2699 alia
521 2670 698 2710 petebant,
722 2672 754 2702 in
782 2682 896 2702 eorum

202 2720 280 2749 fano
299 2717 422 2748 cubate
449 2718 547 2749 soliti.
579 2721 587 2735 ⁴
604 2719 770 2751 Incubarc
786 2722 791 2731 ’
810 2722 896 2752 dixit

981 1059 1096 1092 Plaut.
1113 1061 1249 1092 Cui-cul.
1267 1070 1291 1091 1.
1315 1063 1344 1091 1.
1378 1060 1439 1092 ‘Id
1467 1070 1508 1092 eo
1531 1061 1569 1093 fit
1597 1061 1676 1103 quia

978 1111 1031 1142 hic
1046 1112 1121 1142 leno
1135 1117 1282 1152 aegrotns
1298 1111 1437 1142 incubat
1449 1111 1487 1142 In
1504 1111 1677 1152 AEsculapi

976 1160 1078 1193 fano.'
1124 1162 1168 1192 Et
1190 1170 1228 1192 ιι.
1253 1164 1284 1192 2.
1307 1162 1316 1178 ‘
1331 1160 1485 1202 Namque
1513 1161 1675 1192 incubare

977 1212 1084 1243 satius
1102 1217 1135 1243 te
1152 1210 1264 1243 fuerat
1281 1210 1382 1244 Jovi.’
1430 1210 1475 1242 Et
1491 1211 1589 1252 Virg.
1606 1220 1673 1243 vn.

975 1262 1107 1294 AEneid.
1134 1263 1142 1280 ‘
1162 1262 1313 1294 Pellibus
1350 1262 1504 1293 incubuit
1542 1262 1675 1302 stratis,

976 1323 1180 1354 somnosque
1199 1314 1317 1354 petivit
1334 1325 1342 1344 ε
1366 1313 1480 1344 Multa
1496 1313 1603 1344 modis
1629 1313 1674 1344 si-

975 1365 1124 1396 mulacra
1141 1364 1232 1395 videt
1251 1363 1426 1395 volitantia
1442 1363 1557 1394 miris.'
1602 1363 1672 1395 Ubi

973 1415 1130 1447 Servius:
1157 1415 1342 1446 ‘incubare
1355 1414 1515 1445 dicuntur
1532 1415 1671 1455 proprie

972 1466 1018 1505 Ιιί,
1045 1466 1100 1507 qni
1127 1466 1298 1497 dormiunt
1325 1466 1366 1496 ad
1392 1464 1592 1505 accipienda
1619 1475 1672 1496 re-

969 1525 1100 1556 sponsa.
1133 1516 1232 1547 Unde
1249 1522 1321 1546 est:
1349 1516 1404 1546 ille
1423 1514 1561 1546 incubat
1576 1515 1670 1547 Jovi.

970 1566 1011 1596 Id
1021 1572 1083 1601 est,
1098 1566 1222 1597 dormit
1233 1566 1265 1596 iu
1278 1565 1448 1605 Capitolio
1458 1569 1495 1595 ut
1509 1573 1670 1605 responsa

971 1616 1076 1655 possit
1103 1615 1285 1656 accipere)
1332 1616 1455 1656 Neque
1473 1615 1505 1645 in
1531 1615 1667 1656 templis

970 1672 1099 1697 tantum
1118 1665 1404 1705 incnl›abant‚sed
1422 1671 1456 1696 et
1471 1666 1504 1696 in
1519 1666 1667 1702 tumulis,

970 1721 1006 1747 ut
1023 1717 1065 1747 de
1084 1717 1214 1757 Augilis
1233 1716 1371 1747 tradunt
1392 1716 1485 1747 Mela
1501 1721 1536 1748 et
1556 1716 1665 1748 Hero-

968 1767 1080 1799 dotus.
1127 1767 1211 1798 Vide
1241 1767 1250 1784 ‘
1270 1765 1417 1798 Manes.’
1465 1767 1573 1798 Porro
1606 1776 1665 1798 no-

969 1818 1106 1848 tandum
1125 1819 1263 1849 Festum
1274 1818 1453 1857 auspicatur
1467 1817 1590 1848 dixisse
1604 1827 1664 1858 pro

965 1868 974 1883 ‘
986 1869 1124 1899 (nacula
1141 1867 1308 1907 consulit‚‘
1323 1873 1356 1899 et
1373 1868 1382 1884 ‘
1396 1867 1597 1908 angurium,'
1614 1867 1664 1898 fa-

967 1923 1049 1958 tum,
1065 1919 1249 1950 oraculum.
1274 1919 1354 1949 Duc.

1004 1968 1018 1988 ¹¹
1045 1968 1181 2008 Culcita]
1219 1969 1308 2000 Huic
1335 1968 1426 1999 Festi
1451 1968 1525 1999 loco
1553 1968 1660 1999 lucem

962 2020 1054 2050 (labit
1071 2021 1157 2050 alter
1179 2019 1342 2050 Varronis
1368 2019 1424 2049 lib.
1449 2027 1499 2048 tv.
1537 2019 1546 2034 ‘
1562 2018 1659 2049 Post-

961 2080 1058 2110 quam
1084 2071 1292 2101 transierunt
1319 2069 1360 2100 ad
1386 2068 1541 2108 culcitas,
1567 2069 1657 2108 quod

961 2120 993 2149 in
1025 2130 1082 2149 eas
1105 2129 1188 2150 ⁴acus
1219 2123 1277 2149 aut
1306 2123 1493 2149 tomentum
1524 2117 1657 2148 aliudve

961 2168 1040 2208 quid
1068 2167 1260 2205 calcabant,
1282 2167 1322 2197 ab
1349 2166 1560 2201 inculcando,
1587 2168 1656 2198 cul-

959 2219 1028 2248 cita
1056 2217 1184 2248 dicta:’
1224 2221 1409 2248 tomentum
1437 2219 1575 2258 proprie
1601 2224 1656 2249 est

959 2279 999 2299 ex
1009 2270 1126 2300 ciliciis
1144 2268 1238 2309 pilis:
1258 2268 1392 2298 Boi-ram
1409 2268 1506 2307 vulgo
1522 2272 1655 2300 vocant.

959 2319 1054 2349 Idem.

999 2369 1006 2389 ἰ
1032 2370 1183 2410 Culigna]
1213 2369 1282 2399 Vas
1305 2368 1481 2399 vinarium.
1501 2368 1653 2399 Glossar.

956 2420 1124 2460 ε(ιιιῐίὲιιει,
1142 2420 1252 2450 σκεῦος
1268 2419 1362 2457 οἴνου,
1380 2428 1436 2449 vas
1456 2417 1548 2449 vini.’
1587 2419 1649 2449 Ca-

957 2475 990 2500 to
1007 2479 1081 2509 cap.
1101 2472 1172 2500 132.
1207 2470 1215 2486 ‘
1230 2468 1307 2500 Jovi
1325 2468 1450 2508 Dapali
1469 2467 1648 2507 Culignam

955 2521 1035 2559 vini,
1053 2520 1277 2560 quantumvis,
1294 2516 1488 2559 pollnceto.'
1513 2518 1540 2548 A
1559 2518 1651 2548 Groe-

954 2581 986 2600 co
1001 2571 1084 2600 dicta
1100 2580 1190 2610 quam
1206 2570 1253 2600 illi
1268 2570 1373 2599 dicunt
1389 2567 1510 2599 κύλικα.
1558 2568 1648 2609 Lege

955 2630 1028 2651 cum
1045 2620 1230 2660 Scaligero,
1244 2617 1406 2656 κυλίχνην.
1432 2618 1529 2648 Idem.

995 2670 1008 2690 ¹*
1027 2670 1156 2709 Culina]
1174 2669 1281 2700 Poe'ta
1295 2668 1540 2699 innominatus:
1560 2667 1646 2699 ‘Ne-

953 2732 1015 2761 que
1034 2722 1065 2751 in
1089 2721 1245 2754 culinam,
1268 2724 1299 2750 et
1319 2724 1418 2750 uncta
1440 2720 1644 2760 compitalia,
