1835 2906
193 118 277 162 408

639 124 788 157 SEXTI
823 123 1020 155 ΡΟΜΡΕΗ
1059 123 1194 153 FESTI

195 224 332 266 Melis
348 228 358 247 ¹
375 221 388 245 f
415 223 540 264 hasta
560 234 587 262 a
606 221 722 275 ligno
743 221 846 262 mali
862 219 992 260 dicta.

194 292 314 334 Melo
329 297 344 320 ἕ
364 290 534 331 nomine
555 289 642 330 alio
658 288 791 330 Nilus
813 290 1008 330 vocatur.

194 356 373 400 Melosh
393 357 536 398 insula
570 357 691 397 dicta
711 359 780 396 est
813 367 840 395 a.
871 353 1009 402 Melo,
1031 351 1106 406 qui
1127 364 1186 392 ex
1208 350 1424 392 Phoenice
1447 349 1502 392 ad
1533 361 1633 390 ean·

248 425 348 467 dem
368 426 506 466 fuerat
521 425 755 478 profectus.

194 492 381 535 Meltom
394 498 410 516 2
426 491 435 515 i
454 494 670 535 meliorem
688 491 907 533 dicebant.

794 643 910 657 eeeeee

914 645 1028 657 rrrrrr

210 807 216 814 .
234 768 250 796 1
276 763 420 798 Quidam
435 767 504 795 vet.
520 763 580 795 lib.
604 765 724 796 Meloas
740 765 793 796 vel
813 766 937 798 Melias.
984 767 1047 798 Vir
1064 767 1154 798 doct.
1177 766 1209 797 in
1227 775 1331 805 marg.
1350 764 1402 795 ed.
1421 764 1511 795 Scal.
1528 761 1633 803 conji-

188 813 235 840 cit
251 808 367 840 Melia:
390 808 486 839 etita
502 807 681 848 legendum
699 814 832 840 monent
843 810 930 841 Scal.
947 811 1097 842 Bam—2
1121 810 1230 842 Iidem
1247 809 1398 840 scribunt
1411 807 1545 839 Meliom.

846 950 985 983 NOTAE

232 1036 245 1056 f
262 1037 374 1079 Melis]
396 1037 430 1069 Si
446 1047 463 1068 a
484 1036 574 1078 ligno
599 1037 677 1068 mali
702 1036 794 1068 dicta
820 1042 884 1074 est,

189 1097 256 1118 non
282 1088 392 1128 video,
418 1098 517 1130 quam
542 1088 632 1119 utilis
656 1088 744 1119 bello
759 1087 882 1120 fuerit:

190 1148 266 1170 cum
286 1139 390 1169 malus
417 1139 518 1170 arbor
543 1139 660 1179 inepta
676 1149 814 1180 prorsus
842 1139 883 1170 ad

188 1189 299 1221 hastas
315 1190 369 1220 sit.
415 1189 483 1220 Sed
498 1189 747 1220 restituendum
766 1190 884 1220 Melia:

189 1244 227 1270 nt
240 1241 283 1270 sit
295 1238 399 1277 μελίη.
422 1240 467 1270 Et
481 1239 623 1270 Paulum
639 1249 714 1271 cum
731 1240 799 1270 suis
813 1244 884 1281 ety-

188 1291 341 1331 mologiis
363 1291 499 1321 missurn
524 1289 696 1321 faciamus.
718 1290 786 1320 Jos.
803 1289 883 1321 Scal.

231 1342 343 1382 Melis]
378 1342 490 1380 Lege:
518 1341 629 1372 Melia.
654 1339 761 1379 μελίη,
787 1340 884 1371 hasta

188 1390 363 1422 fraxinea:
386 1391 480 1429 μελίαι
504 1391 592 1422 enim
619 1390 785 1422 fraxinus.
839 1391 884 1421 Et

189 1442 328 1473 ridicule
356 1442 483 1472 Paulus
510 1451 529 1472 a
553 1441 641 1481 ligno
664 1441 740 1472 mali
757 1441 882 1472 dictam

188 1493 272 1533 vnlt,
297 1502 372 1523 cnm
397 1493 503 1523 malus
528 1492 627 1523 arbor
650 1492 767 1532 inepta
790 1501 883 1532 pror-

187 1552 241 1573 sus
259 1542 299 1574 ad
315 1543 429 1580 hastas
446 1543 500 1574 sit.
525 1543 607 1574 Dac.

230 1599 245 1620 g
271 1593 369 1633 Melo]
394 1593 558 1625 AGraeco
571 1593 679 1632 μέλας.
727 1594 781 1624 Ita
795 1593 883 1624 enim

189 1644 305 1675 Graeci
324 1644 439 1675 Nilum
456 1654 632 1684 vocavere,
646 1649 681 1675 nt
695 1645 800 1676 tradit
815 1646 881 1675 Eu-

188 1694 289 1725 stath.
316 1699 351 1725 et
385 1695 432 1725 ita
467 1695 705 1734 intelligendus
737 1695 883 1735 Hesych-

185 1744 294 1785 μέλας,
308 1745 454 1784 μελανὺς,
469 1746 576 1785 βαθὺς,
591 1746 610 1783 ἢ
626 1746 772 1785 ποταμός.
808 1747 882 1777 Me—

188 1797 249 1831 las,
277 1797 383 1836 niger,
422 1796 617 1836 profnndm,
657 1798 708 1828 vel
747 1796 883 1829 fluvius.

188 1847 287 1878 Idem.

230 1896 243 1916 '¹
267 1898 383 1937 Melos]
406 1898 522 1928 Insula
537 1898 568 1928 in
587 1898 668 1928 inari
684 1898 820 1929 Cretico
837 1899 884 1929 in-

187 1951 240 1978 tel·
257 1947 394 1978 Cretam
421 1953 456 1978 et
479 1948 630 1986 Sunium,
646 1947 785 1978 Achaim
806 1958 880 1988 pro-

186 1999 400 2039 montorium,
413 2008 431 2028 a
444 1998 619 2028 Phoenicio
633 1998 776 2039 quodam
787 1999 880 2030 Melo

186 2048 290 2087 dicta,
314 2053 350 2079 nt
369 2049 473 2079 sentit
489 2049 622 2087 Festus,
644 2050 880 2081 consentiente

186 2099 363 2130 Eustathio
379 2099 410 2129 in
430 2099 570 2138 Dionys.
588 2099 722 2139 Perieg.
737 2099 757 2136 ἡ
773 2101 882 2136 Μῆλος

186 2151 253 2190 περὶ
267 2151 305 2180 τὸ
321 2149 473 2189 Κρητικὸν
487 2150 628 2188 πέλαγος
643 2150 703 2180 ἀπό
717 2162 799 2182 τινος
815 2152 880 2188 Μή-

186 2207 244 2231 λου
267 2202 418 2237 κληθεῖσα
433 2201 513 2231 κατὰ
534 2201 591 2237 τὴν
612 2201 778 2240 Ἀρῤιανοῦ.
803 2202 829 2233 I.
849 2212 879 2232 e.

184 2252 192 2267 ‘
209 2252 318 2282 Melos
336 2252 445 2282 insula
461 2251 552 2282 circa
566 2260 657 2281 mare
671 2251 844 2283 Creticum
862 2262 881 2282 a

186 2302 280 2332 Melo
301 2302 443 2342 quodam
467 2301 561 2332 (licta
584 2301 768 2332 secundum
786 2301 880 2332 Arri-

185 2353 238 2381 ani
256 2351 466 2383 Historiam!
508 2351 574 2383 Sed
592 2352 655 2383 hoe
672 2352 788 2382 salsum
806 2362 880 2383 esse

185 2403 299 2434 docuit
315 2404 451 2435 doctiss.
468 2404 660 2435 Bochai-tus
675 2405 705 2434 in
721 2413 779 2434 sno
795 2404 880 2434 Cha-

186 2461 285 2491 naan,
310 2453 409 2484 lib.1.
438 2463 512 2493 cap.
531 2456 581 2484 14.
608 2453 662 2483 nbi
687 2454 879 2494 planissime

184 2502 430 2534 demonstravit
455 2504 595 2534 insulam
616 2504 697 2533 Jlelo
725 2504 880 2535 Hebraeis

184 2552 312 2583 dictam
333 2554 441 2592 Melo,
464 2555 485 2584 i.
510 2554 653 2584 insulam
671 2555 880 2595 repletionis,

185 2603 325 2634 insulam
345 2604 576 2643 plenitudinis,
603 2610 743 2645 propter
759 2605 879 2637 fertili-

185 2658 292 2687 tatem
323 2655 467 2691 scilicet,
498 2664 572 2686 nain
604 2656 762 2686 Heln-mis
792 2658 879 2696 melo,

939 1037 1125 1078 plenitudo,
1139 1035 1368 1067 maturitatem
1381 1036 1489 1072 sonat,
1503 1040 1576 1061 cnm
1590 1029 1632 1061 de

938 1087 1090 1128 frugibus
1118 1087 1239 1127 agitur,
1266 1090 1300 1116 et
1325 1084 1400 1114 huic
1422 1082 1539 1112 insula?
1560 1081 1632 1111 haec

938 1137 1121 1179 appellatio
1136 1137 1217 1167 mire
1231 1134 1400 1176 congruit,
1411 1142 1484 1173 quae
1498 1136 1532 1162 et
1544 1129 1634 1161 fruc·

939 1194 992 1219 tus
1010 1188 1088 1219 tulit
1105 1186 1305 1225 uberrimos,
1330 1189 1366 1215 et
1392 1188 1458 1214 tam
1481 1182 1566 1212 mira
1583 1191 1634 1212 ra-

939 1239 1030 1269 tione
1051 1241 1328 1273 maturescentes,
1352 1238 1389 1264 nt
1411 1231 1527 1272 fruges
1544 1232 1634 1262 intra.

939 1290 1143 1321 tricesimum
1156 1289 1243 1319 diem
1262 1284 1415 1327 perfecte
1428 1288 1633 1314 maturesce-

939 1345 1027 1379 rent,
1045 1345 1080 1371 et
1099 1339 1259 1370 sementis
1277 1347 1296 1368 a
1313 1335 1425 1367 multis
1442 1334 1539 1365 fieret
1558 1343 1633 1373 pro-

939 1390 1115 1432 pemodum
1142 1390 1215 1429 ipsa
1241 1396 1363 1422 messe,
1386 1395 1449 1416 nec
1475 1384 1632 1424 agricolae

939 1445 1006 1471 tam
1025 1440 1122 1471 tardo
1138 1439 1314 1480 quicquam
1343 1435 1422 1467 inde
1445 1434 1633 1466 decideret.

937 1492 1159 1531 Theophrast.
1186 1489 1332 1529 plantar.
1350 1486 1407 1517 lib.
1422 1495 1472 1518 1v.
1490 1495 1564 1525 cap.
1581 1487 1632 1515 12.

938 1547 973 1573 et
1000 1541 1057 1572 lib.
1082 1550 1165 1571 vm.
1192 1550 1222 1570 c.
1247 1542 1276 1569 3.
1302 1537 1343 1568 ab
1369 1536 1487 1567 eadem
1504 1535 1633 1566 ratione

937 1593 1055 1623 eadem
1068 1591 1160 1622 dicta
1171 1587 1477 1627 mimallismemblis,
1487 1592 1521 1618 et
1531 1585 1635 1616 biblis.

937 1643 992 1673 Ab
1008 1642 1156 1673 Hebraeo
1169 1641 1297 1671 scilicet
1310 1639 1446 1670 memalle
1456 1638 1507 1668 vel
1518 1637 1634 1671 mamli,

938 1693 1032 1735 quasi
1048 1693 1140 1723 dicas
1166 1692 1174 1707 ‘
1190 1697 1312 1722 terrain
1330 1686 1582 1728 complentem,‘
1599 1686 1633 1717 id

938 1749 1002 1783 est,
1036 1744 1076 1774 ad
1111 1744 1244 1784 plenam
1275 1739 1503 1771 maturitatem
1539 1737 1634 1769 brevi

939 1796 1050 1835 spatio
1062 1794 1327 1834 pei-‹lucemen1;
1343 1795 1379 1821 et
1395 1799 1437 1820 ex
1448 1789 1560 1819 Mamli
1577 1787 1634 1819 de-

939 1846 1026 1877 flexa
1043 1845 1189 1876 Memblt's
1205 1848 1240 1874 et
1257 1841 1380 1882 Byblis,
1404 1840 1442 1871 M
1456 1845 1491 1871 et
1511 1840 1538 1870 B
1558 1849 1633 1879 per-

938 1897 1087 1935 mutatis,
1110 1901 1146 1926 nt
1162 1903 1254 1935 saepe
1280 1892 1330 1924 fit.
1375 1891 1479 1922 Solin.
1502 1890 1632 1921 ‘Melos

937 1957 1035 1987 qnam
1063 1945 1288 1977 Callimachus
1316 1939 1504 1972 Mimallida
1523 1938 1635 1970 dixit.’

937 1998 1090 2029 Plinius:
1117 1998 1125 2014 ‘
1141 1996 1249 2026 Melos
1270 2003 1343 2025 cum
1371 1991 1509 2032 oppido,
1533 1999 1631 2031 quam

937 2048 1106 2079 Aristides
1124 2045 1270 2086 Byblida
1284 2043 1448 2084 appellat,
1465 2041 1632 2072 Aristote-

935 2102 983 2132 les
1006 2100 1221 2141 Zephyriam,
1246 2095 1471 2128 Callimachus
1497 2093 1632 2124 Mimal-

936 2153 1016 2191 lida,
1029 2149 1240 2182 Heraclides,
1251 2145 1463 2186 Syplmon‚et
1474 2142 1632 2183 Acyton.'

936 2203 1035 2233 Idem.

978 2252 985 2272 ί
1007 2250 1152 2289 Meltom]
1177 2247 1295 2279 Scribo
1312 2245 1442 2276 meliom.
1479 2242 1631 2274 Tarenti-

934 2311 1013 2332 num
1036 2306 1088 2331 est
1105 2299 1233 2336 Melior,
1260 2295 1376 2335 ἀμένων
1403 2304 1463 2334 pro
1490 2292 1629 2332 ἀμείνων.

936 2353 1018 2384 Cum
1037 2351 1110 2381 dnae
1129 2351 1162 2380 in
1179 2349 1304 2379 Groeca
1320 2355 1402 2376 voce
1427 2344 1562 2385 liquidae
1584 2344 1631 2374 in-

933 2403 1142 2441 terveniunt,
1165 2401 1272 2431 altera
1285 2406 1418 2438 semper
1431 2400 1582 2426 mutatur
1597 2395 1629 2424 in

935 2454 1008 2485 ἰῶτα
1039 2454 1070 2484 in
1098 2453 1217 2483 Latina
1246 2449 1395 2487 Lingua:
1423 2446 1556 2485 φύλλος,
1583 2445 1628 2474 fo-

934 2508 1037 2538 lium:
1071 2504 1217 2543 ἅλλομαι,
1244 2501 1350 2532 salio:
1382 2498 1490 2536 ἄλλος,
1517 2496 1626 2527 alius:

934 2557 1062 2595 ἆμένων,
1084 2555 1231 2586 menior:
1260 2550 1347 2594 quod
1367 2554 1483 2591 postea
1499 2547 1628 2578 melior.

934 2609 1002 2639 Jos.
1020 2606 1106 2637 Scal.
