1835 2906
154 1725 256 1747 oscum
272 1717 324 1747 vel
340 1726 438 1748 oscus.

351 160 412 190 DE
447 159 720 190 VERBORUM
754 154 1169 187 SlGNIFIcATIONE
1204 157 1302 187 Lm.
1334 156 1450 187 x111.
1526 146 1613 187 545

221 258 291 307 tif
311 270 396 312 quo
425 257 509 298 frui
539 255 659 298 soliti
690 253 935 310 produntur
968 265 1150 305 augures
1185 252 1390 295 Romani.
1452 251 1609 303 Oscos,

220 338 333 379 quos
366 325 568 374 dicimus,
600 324 661 365 ait
695 323 896 372 Verrius,
928 321 1105 375 Opscos
1146 325 1274 362 antea
1307 320 1461 371 dictos,
1501 324 1609 362 teste

219 393 378 442 Ennio,
399 405 497 433 cum
529 392 676 434 dicat:
710 394 779 434 De
809 390 940 432 muris
970 402 1039 430 res
1059 389 1169 443 gerit
1189 389 1379 442 Opscus.
1441 389 1609 444 Adjicit

219 460 369 511 etiam,
392 460 507 514 quod
529 466 682 514 stupra
700 460 974 500 inconcessae
995 456 1190 498 libidinis
1227 457 1439 499 obscoena
1468 458 1617 499 dican-

219 533 285 570 tur
315 529 371 570 ab
401 527 499 581 ejus
531 528 675 582 gentis
707 525 1028 568 consuetudine
1050 523 1244 566 inducta.
1305 524 1439 575 Quod
1461 538 1609 566 verum

218 608 318 637 esse
340 609 427 637 non
461 597 570 638 satis
592 595 806 645 adducor,
828 607 930 635 cum
961 592 1081 648 apud
1111 592 1318 646 antiquos
1350 605 1500 633 omnes
1520 594 1611 635 fere

219 664 432 706 obscoena
463 665 582 706 dicta
620 664 721 712 sint,
755 676 854 716 quae
889 661 995 702 mali
1032 661 1190 701 ominis
1230 660 1530 702 habebantur:
1562 666 1611 701 ut

218 732 296 774 illa
317 732 490 786 Virgilii
516 731 766 773 testimonio
788 730 886 777 sint,
910 734 954 770 ut
986 729 1253 782 superiorum
1288 731 1514 769 auctorum
1534 742 1613 769 ex·

218 800 364 854 empla
396 799 550 841 referre
586 811 674 839 non
716 798 773 839 sit
805 791 999 846 necesse,
1032 809 1131 836 cum
1168 795 1231 836 ait
1262 795 1504 850 Harpyias,
1535 797 1614 837 ob-

218 881 394 909 scoenas
416 868 634 917 volucres,
656 870 715 917 et,
737 865 1101 918 Obscoenamque
1121 864 1295 904 samem.

162 935 392 977 Osculana
409 934 426 957 ‘¹
447 948 596 989 pugna
628 935 672 975 in
706 935 957 988 proverbio,
977 945 1067 987 quo
1105 932 1447 985 significabatur,
1468 932 1613 974 victos

217 1004 422 1044 vincere:
456 1003 563 1057 quia
592 1002 637 1043 in
659 1002 811 1043 eadem
840 1006 884 1043 et
897 1000 1105 1043 Valerius
1130 1000 1343 1041 Laevinus
1376 1000 1613 1054 imperator

218 1071 450 1113 Romanus
481 1084 507 1113 a
528 1070 694 1124 Pyrrho
725 1074 818 1111 eiat
847 1071 1008 1119 victus,
1031 1074 1074 1110 et
1102 1068 1221 1109 brevi
1253 1067 1439 1109 eundem
1470 1081 1611 1122 regem

217 1140 452 1180 devicerat
512 1138 754 1192 Sulpicius.

217 1207 328 1249 Item
364 1207 604 1260 imperator
644 1210 820 1246 noster:
852 1205 949 1259 ejus
984 1205 1043 1245 rei
1081 1204 1279 1245 meminit
1308 1202 1500 1244 Titinius
1529 1202 1613 1243 hoc

215 1274 372 1316 modo:
397 1274 493 1315 haec
515 1273 694 1327 quidem
729 1285 854 1327 quas¹
868 1272 1078 1314 osculana
1098 1284 1247 1325 pugna
1269 1275 1339 1313 est

215 1357 235 1383 r
354 1371 363 1380 .
482 1374 491 1384 .
513 1355 641 1383 secus
664 1342 770 1395 quia
786 1342 885 1382 hinc
907 1341 1079 1394 fugeree
1101 1340 1281 1394 impulsi
1305 1339 1455 1393 spolia
1487 1339 1613 1379 colli-

214 1415 346 1464 gunt:
379 1410 598 1463 significat
628 1411 759 1451 etiam
781 1409 1002 1459 osculum,
1032 1409 1262 1449 suavium:
1294 1414 1342 1449 ut
1365 1407 1550 1448 Plautus
1573 1408 1615 1447 in

818 1580 849 1611 N
861 1578 962 1610 OTAE

1001 1664 1063 1695 culi
1082 1665 1189 1696 vestri.
1236 1664 1292 1695 Px.
1320 1664 1394 1699 Qui,
1422 1662 1542 1704 amabo,
1572 1663 1617 1693 mi

997 1712 1114 1753 pater?

958 1764 1029 1796 AN.
1066 1765 1149 1800 Quia
1179 1764 1226 1795 ila
1254 1774 1331 1795 meoe
1357 1763 1469 1794 animoe
1498 1764 1618 1794 salsura

199 1669 211 1685 ⁰
235 1664 335 1696 Locus
364 1666 399 1696 in
426 1675 503 1706 agro
536 1665 674 1706 Veienti]
713 1665 860 1696 Nomine

483 1716 513 1747 A
536 1716 747 1757 Geographis
767 1716 862 1756 poni-

157 1772 211 1797 tur
237 1767 269 1797 in
296 1776 377 1807 agro
406 1767 558 1803 Aurelio,
586 1767 642 1808 qui
664 1766 859 1797 Veientium

156 1816 232 1856 fuit,
248 1827 313 1848 non
337 1818 437 1858 longe
460 1827 478 1848 a
505 1818 627 1848 Maesia
644 1817 758 1857 Sylva.
804 1817 860 1847 In-

158 1866 213 1898 fra
243 1867 425 1907 legendum
453 1877 529 1898 cnm
561 1867 637 1899 Ful.
664 1867 779 1898 Ursin.
802 1877 860 1907 quo

147 1916 221 1954 srui
235 1918 321 1948 soliti
333 1920 507 1958 produntur
522 1927 658 1957 augures
675 1917 793 1957 publici
806 1928 859 1958 po-

153 1968 221 2007 puli
236 1968 386 2000 Romani.
428 1969 516 1999 Vide
539 1968 722 1999 ‘Publicus
750 1967 856 2009 ager!

154 2018 253 2050 Idem.

197 2070 211 2091 d
239 2071 412 2112 Osculana]
437 2071 505 2102 Pro
533 2071 721 2103 Ausculana.
768 2071 854 2103 Quae

154 2120 288 2161 desunt,
312 2122 360 2153 ita
387 2123 462 2162 plus
479 2122 587 2153 minus
605 2122 739 2163 expleri
757 2131 856 2163 posse

154 2171 327 2204 videntur.
367 2172 544 2212 Sulpitius:
580 2173 739 2213 Pyrrhum
761 2173 856 2203 ricto-

155 2231 219 2251 rem
236 2222 308 2252 vicit
325 2222 401 2253 item
426 2223 602 2264 Imperator
617 2226 733 2254 noster.
777 2223 855 2254 Titi-

156 2272 201 2302 nii
219 2281 337 2304 versus
351 2282 417 2303 non
435 2278 502 2304 tam
521 2273 641 2304 divulsi
656 2280 746 2314 sunt,
758 2285 857 2317 quam

156 2322 286 2354 lacuum
301 2323 515 2363 praeferunt:

200 2373 282 2404 Haec
302 2374 424 2414 quidem
447 2374 535 2414 quasi
570 2375 727 2405 Osculana
753 2385 860 2415 pugna

240 2429 298 2459 est,
313 2434 373 2454 non
388 2434 485 2456 secus.

200 2473 297 2514 Quia,
314 2474 385 2505 hinc
401 2475 455 2515 qui
470 2474 587 2515 sugere
609 2476 746 2517 impulsi,
762 2478 860 2516 spolia

240 2525 402 2564 colligunt.

158 2576 274 2606 Plauti
303 2586 417 2607 versus
445 2576 534 2607 haud
557 2577 627 2608 scio
646 2587 686 2608 an
705 2582 799 2608 recte
816 2588 859 2610 ex

157 2626 360 2657 Nervolaria
376 2627 619 2667 producantur.
665 2628 808 2660 Constat
828 2638 861 2660 e·

158 2676 224 2707 nim
241 2677 375 2708 eosdem
394 2678 461 2718 legi
479 2678 510 2709 in
527 2678 667 2711 Sticho:

202 2727 262 2757 P1.
289 2728 447 2759 Osculum.
494 2729 563 2759 AN.
588 2728 647 2761 Sat
663 2734 707 2762 est
724 2731 800 2762 mihi
814 2741 862 2761 os·

243 2780 362 2821 Delph.
375 2785 405 2813 et
420 2781 495 2814 Var.
510 2782 597 2815 Clas.

779 2785 889 2826 Pomp.
908 2786 995 2818 Fest.

997 1818 1109 1848 evenit.
1134 1817 1208 1849 Jos.
1224 1818 1314 1848 Scal-

960 1868 1117 1898 Osculana
1151 1867 1275 1908 pugna]
1320 1868 1390 1899 Pro
1427 1866 1617 1898 Ausculuna.

911 1918 997 1951 Quae
1015 1916 1104 1948 infra
1131 1917 1254 1948 desunt
1273 1917 1322 1948 sic
1349 1918 1494 1958 expleo:
1519 1919 1618 1949 Brevi

913 1970 1041 1999 eundem
1060 1978 1164 2008 regem
1177 1969 1333 2000 devicerat
1349 1968 1504 2008 Sulpicius
1521 1969 1618 2000 Save-

913 2019 962 2049 rio
991 2019 1067 2050 item
1094 2020 1267 2060 Imperator
1295 2023 1416 2051 noster:
1440 2023 1476 2050 et
1502 2029 1617 2049 verum

915 2074 993 2109 est;
1026 2079 1103 2101 nam
1139 2079 1192 2101 an.
1220 2070 1261 2101 U.
1289 2070 1328 2101 C.
1355 2073 1431 2101 473.
1461 2070 1617 2101 Valerius

913 2120 1071 2151 Laevinus
1103 2129 1122 2150 a
1145 2120 1279 2161 Pyrrho
1304 2120 1426 2160 victum,
1451 2120 1507 2162 qui
1532 2121 1619 2160 Pyr-

914 2171 993 2202 rhus
1016 2180 1105 2202 anno
1122 2171 1279 2212 sequenti
1296 2181 1314 2201 a
1332 2171 1372 2202 P.
1390 2171 1542 2211 Sulpicio
1559 2171 1619 2202 Sa-

913 2222 1052 2253 verione
1069 2226 1264 2262 superatus,
1280 2226 1318 2253 ut
1339 2228 1454 2253 narrat
1478 2222 1593 2253 Livius
1609 2233 1617 2253 :

913 2283 1105 2315 quanquam
1128 2273 1303 2304 Plutarch.
1318 2273 1406 2304 hanc
1431 2273 1617 2305 secundam

915 2333 1063 2364 pugnam
1088 2324 1120 2354 in
1145 2324 1356 2355 consulatum
1374 2324 1522 2355 Fabricii
1536 2325 1618 2355 Lus-

915 2375 983 2406 cini
1010 2379 1044 2406 et
1062 2375 1186 2406 AEmilii
1209 2375 1295 2416 Papi
1318 2375 1446 2415 rejicit,
1469 2375 1526 2417 qui
1540 2380 1618 2416 post

914 2425 1104 2466 Sulpicium
1123 2426 1289 2457 Consules
1306 2424 1414 2456 fuere.
1438 2425 1521 2457 Dac.

957 2481 970 2496 Β
995 2477 1079 2512 Quia
1095 2476 1167 2507 hinc
1178 2477 1308 2516 sugere,
1323 2476 1392 2516 &tt-J
1411 2475 1451 2506 In
1465 2476 1618 2507 schedis:

914 2527 923 2542 ‘
936 2526 1023 2558 Quia
1041 2527 1074 2557 in
1087 2525 1207 2567 fugere
1225 2526 1313 2567 pulsi
1329 2526 1407 2557 ltine
1425 2527 1534 2567 spolia
1550 2528 1617 2559 col-

915 2578 1048 2619 ligant?
1093 2579 1211 2619 Forte,

962 2628 1044 2664 Quia
1057 2628 1128 2660 hinc
1143 2629 1261 2669 fugere
1282 2629 1417 2671 impolsi,
1436 2629 1508 2661 hinc
1523 2629 1620 2671 spolia

1002 2682 1163 2722 colligunt.
1187 2681 1296 2713 Idem.

1452 2786 1530 2816 2M
