1835 2906
173 130 257 172 262

614 144 759 174 SEXTl
795 143 993 174 POMPEI!
1029 143 1166 174 FESTI

176 235 344 277 Fedum
358 241 374 265 ἢ
410 237 580 290 antiqui
612 238 819 280 dicebant
848 252 927 292 pro
950 238 1079 287 hedo,
1100 237 1215 278 folus
1237 250 1315 291 pro
1336 238 1499 287 holere,
1520 238 1609 280 sos-

231 304 308 343 tim
327 307 359 327 ¹2
381 317 461 357 pro
482 304 623 353 hoste,
643 305 821 346 fostiam
843 319 921 358 pro
942 305 1101 345 hostia.

175 370 376 411 Felicesr
397 372 574 413 arbores
597 372 709 413 Cato
732 372 860 423 dixit,
882 386 982 426 quae
1008 373 1198 413 fructum
1220 371 1376 422 ferunt,
1396 373 1608 423 infelices,

230 450 330 491 quae
350 451 437 478 non
457 439 613 479 ferunt.

173 503 334 545 Femur
354 506 548 556 femoris,
576 510 622 546 et
649 506 789 546 femen
818 506 991 547 feminis
1010 511 1044 557 ;8
1077 506 1239 556 fenero,
1270 513 1313 547 et
1331 507 1500 548 seneror
1520 507 1609 548 dici

227 576 388 624 potest.

173 637 317 680 Fenus
338 639 609 693 appellaturt
643 641 854 681 naturalis
875 646 998 682 terrae
1022 641 1135 681 fetus
1153 654 1163 692 ;
1195 642 1251 681 ob
1273 654 1408 694 quam
1429 653 1610 682 causam

774 753 890 765 oooooo

213 809 251 836 12
276 805 465 843 Absostem.

892 754 1008 765 tttttt

824 884 963 915 NOTAE

208 962 221 983 ‘³
252 955 379 997 Festum]
404 959 512 990 Varro
539 959 595 990 lib.
613 968 662 991 iv.
691 960 732 991 de
759 961 796 991 L.
820 961 858 991 L.

166 1006 175 1023 ‘
195 1007 314 1037 Hircus
330 1008 417 1048 quod
441 1009 554 1040 Sabini
571 1010 693 1050 fircns:
718 1016 752 1041 ot
769 1011 857 1051 quod

166 1057 233 1088 illic
247 1058 343 1095 fedus
360 1060 392 1089 in
412 1059 512 1090 Latio
538 1070 615 1091 rure
639 1061 745 1098 hedus,
769 1061 857 1101 quod

165 1107 199 1137 in
216 1108 311 1147 urbe,
329 1114 365 1139 ut
382 1110 412 1139 iu
427 1111 550 1149 multis,
564 1110 858 1149 aaddito‚11‹ed11s.'

165 1157 219 1188 Ab
238 1159 382 1199 antiquis
409 1160 542 1190 Graecis
568 1160 748 1191 deductum
767 1167 859 1200 pulo,

164 1208 218 1249 qui
238 1218 298 1247 pro
322 1209 471 1249 aspirata
491 1210 661 1250 ponebant
685 1211 723 1242 F.
748 1211 858 1241 Latini

164 1258 265 1288 etiarn
284 1258 356 1289 vice
376 1268 471 1289 versa
487 1260 586 1298 prof.
605 1261 786 1290 utebantur
810 1271 857 1290 as-

163 1308 274 1348 pirata
301 1308 333 1339 h.
377 1309 433 1339 Sic
468 1309 584 1340 horclis
611 1310 770 1341 dicebant
798 1320 859 1351 pro

157 1360 282 1400 sorem,
314 1361 402 1401 qnod
434 1366 468 1393 et
498 1362 661 1403 Hispanis
685 1364 858 1396 familiare.

164 1410 262 1441 Idem.

205 1464 216 1479 ¹
240 1460 379 1500 Felices]
435 1462 621 1494 Enumerat
670 1465 858 1497 Verannius

162 1510 250 1549 apud
276 1511 485 1542 Mac'robinm
511 1513 789 1545 lib.111.arbores
806 1516 857 1552 se-

159 1559 243 1593 lit-es,
269 1565 304 1590 et
331 1561 481 1600 infeliceS,
505 1563 537 1593 in
563 1564 684 1603 quibus
707 1570 758 1596 est
774 1565 857 1597 ficus

159 1615 245 1640 atra.
292 1610 378 1642 Vide
406 1612 494 1643 Ptin.
519 1613 575 1643 lib.
603 1623 678 1645 xvt.
704 1625 778 1655 cap.
802 1619 855 1647 27.

160 1660 238 1690 Ant.
257 1659 280 1690 Α
290 1671 341 1700 ug.

204 1711 321 1742 Felices
342 1711 480 1753 arbores]
505 1714 644 1744 Duobus·
671 1715 777 1746 modis
806 1716 853 1746 in-

160 1762 360 1800 telliguntur
375 1764 487 1799 felices
509 1770 543 1795 ct
567 1766 705 1802 infelices
726 1767 860 1807 ‹tr-bures,

159 1820 220 1850 pro
235 1810 404 1842 fertilibus
417 1819 449 1842 et
466 1812 645 1851 frugiferis,
660 1816 728 1845 sive
742 1826 855 1855 agres-

160 1861 250 1891 tibus
275 1866 309 1893 et
332 1862 436 1893 feris:
463 1865 509 1894 sit:
526 1865 535 1880 ⁶
550 1864 629 1895 felix
656 1866 748 1896 olea’
766 1868 855 1907 apud

159 1912 281 1951 virgil.
309 1918 342 1943 et
370 1913 508 1944 ‘infelix
535 1915 703 1947 oleaster!
750 1918 796 1948 At
822 1920 854 1949 in

158 1961 251 1992 libris
270 1963 465 2001 pontificum
474 1964 587 2002 felices
602 1972 634 1997 et
652 1967 791 2004 infelices
804 1980 854 2000 nr-

157 2010 244 2042 bores
274 2012 434 2044 (licuntur
463 2014 584 2046 faustae
618 2022 653 2048 et
684 2017 854 2059 infaustae,

157 2070 222 2091 non
255 2066 321 2092 tam
351 2062 538 2096 fertilitatis
565 2067 682 2098 habita
708 2070 852 2108 ratione,

158 2122 257 2151 quain
276 2113 422 2145 Deorum
447 2115 478 2145 in
503 2126 642 2156 quorum
667 2124 781 2150 essent
803 2126 852 2151 tu·

156 2163 235 2192 tela.
282 2163 370 2194 Vide
395 2165 549 2196 Mam-ob.
568 2167 624 2197 lib.
643 2176 696 2199 ιιι,
719 2169 853 2200 Saturn.

158 2221 231 2252 cap.
248 2216 301 2244 20.
321 2215 375 2253 qui
404 2214 490 2245 inter
506 2216 643 2254 infelices
661 2217 854 2251 fructiferas

156 2262 258 2293 ctiam
285 2265 444 2297 nominat.
488 2268 687 2308 Quanquam
714 2269 745 2300 id
762 2280 780 2300 a
799 2280 852 2301 ve-

158 2315 286 2344 teribus
323 2326 387 2346 non
418 2317 520 2348 fuisse
547 2319 758 2351 observatum
789 2325 853 2351 tes-

158 2370 249 2396 tatur
266 2368 317 2397 lnic
343 2368 433 2399 Festi
459 2371 560 2402 locus.
609 2371 669 2402 Cui
694 2370 852 2411 suffraga-

158 2419 213 2445 tur
243 2417 328 2447 alter
359 2419 485 2450 Plinii:
523 2422 531 2437 ‘
551 2420 707 2451 Infelices
737 2423 853 2453 existi·

156 2470 290 2495 utantur
318 2466 550 2509 damnatasque
577 2471 750 2511 religione,
775 2482 851 2512 quae

157 2524 265 2556 neque
283 2522 440 2547 seruntur
465 2529 620 2560 usquam,
637 2530 747 2562 neque
764 2521 852 2553 fruc-

159 2570 227 2595 tum
254 2565 390 2597 ferunt!
435 2567 522 2599 Itein
555 2571 619 2600 istc
651 2571 787 2611 Apuleii
818 2572 851 2603 in

157 2614 343 2655 Apologia:
370 2616 378 2632 ‘
398 2616 510 2647 Arbor
538 2619 720 2652 infecunda
744 2628 777 2652 ct
803 2623 851 2653 in·

156 2665 250 2702 felix,
277 2677 348 2707 ‹111ae
379 2668 504 2698 nullum
534 2668 679 2701 fructum
708 2682 747 2702 ex
778 2683 850 2704 scsc

915 959 1034 999 gIgnit,
1053 959 1136 989 tanti
1154 964 1206 990 est
1224 959 1254 990 iu
1273 959 1400 999 pretio,
1413 959 1528 1000 quanti
1546 959 1610 998 lig-

914 1020 991 1040 num
1018 1010 1090 1049 ejus
1120 1008 1262 1040 trunco!
1306 1009 1415 1039 Immo
1439 1014 1473 1039 et
1502 1010 1610 1050 Lyco-

913 1060 1018 1099 pliron
1037 1058 1206 1090 ‘infelicia
1232 1059 1345 1099 ligna,'
1371 1069 1445 1100 quae
1468 1060 1508 1090 ad
1534 1070 1610 1100 por-

915 1114 1085 1140 tentorum
1103 1109 1329 1149 expiationem
1354 1109 1610 1144 adhibebantur,

915 1164 1014 1190 vocat
1050 1159 1171 1199 ἄκαρπα
1204 1159 1300 1199 φυτά.
1337 1158 1438 1190 ‘'O-rav
1467 1159 1611 1201 ἀκάρποις

913 1211 986 1248 ’γυῖα
1001 1210 1178 1249 συμφλέξας
1192 1212 1299 1250 φυτοῖς
1308 1212 1484 1250 ’Ἥφαιστος
1500 1211 1542 1242 εἷς
1558 1210 1610 1241 θά-

914 1266 1039 1290 λασσαν
1059 1260 1193 1302 ἐκβράσῃ
1205 1262 1330 1298 σποδὸν,
1346 1261 1453 1295 idest,
1475 1262 1609 1294 ‘Quan-

916 1311 957 1340 do
973 1310 1162 1342 infelicibus
1180 1311 1329 1341 membra
1345 1320 1499 1341 cremans
1516 1311 1613 1347 liguis

914 1361 1086 1392 Vulcanus
1115 1361 1147 1391 in
1176 1370 1267 1391 mare
1292 1362 1423 1391 cineres
1452 1370 1536 1401 pone
1556 1361 1610 1401 ja-

914 1410 1006 1441 ciet!
1031 1411 1111 1442 Duc.

956 1467 966 1481 ⁵
990 1462 1103 1493 Femur·
1122 1463 1266 1500 femov·iS‚
1289 1465 1319 1492 et
1336 1462 1443 1500 semen
1461 1460 1609 1499 feminis]

915 1512 961 1543 At
988 1513 1125 1543 Servius
1153 1518 1186 1543 et
1214 1513 1361 1543 Carisius
1391 1515 1610 1548 annotarunt,

914 1564 1032 1603 Femur‘
1051 1569 1181 1594 tantum
1205 1563 1344 1598 dictum,
1369 1568 1403 1594 et
1419 1563 1461 1592 ab
1486 1572 1527 1592 eo
1551 1561 1607 1591 de-

912 1614 1171 1652 clinarisemoris
1187 1619 1222 1644 ct
1239 1614 1382 1651 seminis,
1400 1623 1458 1653 pro
1477 1623 1516 1642 ca
1533 1622 1606 1652 par-

912 1669 945 1695 te
962 1665 1129 1705 corporis,
1144 1668 1284 1705 quaerest
1300 1674 1317 1693 a
1329 1673 1413 1693 coxa
1430 1663 1470 1693 ad
1484 1660 1608 1692 flexum

910 1716 1018 1755 pedis.
1054 1715 1179 1746 Tibull.
1202 1720 1210 1732 ‘
1228 1715 1468 1755 Implicuitque
1499 1712 1608 1743 femur

912 1766 1055 1797 fcmini.'
1073 1767 1169 1797 Idem.

955 1818 963 1836 ‘
1002 1817 1104 1847 Fenus
1143 1815 1332 1856 appellatur]
1369 1814 1468 1845 Pauli
1506 1813 1608 1845 verba

911 1868 996 1898 mule
1033 1868 1208 1898 cohaerent
1246 1877 1320 1897 cum
1352 1867 1462 1897 verbis
1500 1865 1608 1897 Festi.

911 1918 997 1948 Haec
1017 1918 1112 1947 Pauli
1131 1923 1220 1951 suut..
1239 1918 1344 1956 Festi,
1371 1927 1443 1957 quae
1463 1925 1608 1955 sequun-

912 1973 966 1998 tur
979 1978 986 1997 z
1006 1968 1108 1998 Fenus
1125 1971 1151 1998 et
1158 1967 1367 2005 feneratores,
1381 1970 1409 1997 et
1428 1968 1478 1997 lex
1493 1968 1530 1997 de
1543 1976 1608 1996 cre-

909 2018 977 2048 dita
989 2018 1130 2057 pecunia,
1147 2021 1201 2057 tis-c.
1246 2018 1312 2048 Hic
1323 2018 1509 2047 Varronem
1528 2017 1606 2047 Fes-

912 2073 965 2098 tus
981 2069 1143 2108 sequitur,
1160 2068 1202 2098 de
1219 2077 1284 2107 quo
1301 2067 1432 2097 Gellius
1450 2066 1509 2097 lib.
1530 2075 1606 2096 xvi.

909 2122 1048 2158 cap-12.
1069 2120 1078 2134 ‘
1094 2119 1276 2149 Fenerator
1288 2118 1387 2151 euim,
1399 2118 1447 2148 uti
1460 2117 1508 2147 M.
1521 2118 1607 2148 Var-

911 2179 947 2200 ro
978 2170 1009 2199 in
1040 2169 1098 2200 lib.
1131 2178 1185 2199 ιιι.
1217 2168 1259 2198 de
1293 2177 1446 2199 sermone
1481 2168 1605 2199 Latino

910 2219 1059 2258 scripsit,
1080 2229 1099 2249 a
1124 2218 1242 2249 fenore
1267 2225 1315 2248 est
1337 2219 1540 2256 nominatus,
1558 2218 1604 2249 fc-

911 2279 972 2299 nus
989 2274 1101 2299 autem
1119 2269 1247 2299 dictum
1267 2280 1284 2298 a
1302 2267 1372 2299 fetu
1389 2273 1425 2298 et
1445 2269 1539 2309 quasi
1557 2267 1605 2299 fe-

911 2323 985 2350 tura
1013 2319 1156 2360 quadam
1185 2320 1337 2358 pecuniae
1365 2319 1528 2358 parientis
1555 2324 1606 2350 at-

909 2379 974 2410 que
1002 2369 1240 2408 increscentis;
1266 2369 1392 2400 idcirco
1414 2375 1449 2399 et
1474 2369 1522 2400 M.
1543 2369 1606 2400 Ca-

909 2425 1020 2451 tonem
1039 2425 1074 2450 et
1102 2425 1232 2450 ceteros
1256 2420 1368 2450 aetatis
1388 2419 1460 2459 ejus
1475 2418 1604 2450 fenera-

909 2477 1014 2504 torem
1035 2472 1106 2502 sine
1123 2482 1141 2501 α
1159 2471 1254 2501 litera
1278 2471 1512 2510 pronuntiasse
1537 2475 1602 2500 tra-

908 2523 968 2560 dit,
980 2523 1080 2553 sicuti
1096 2520 1186 2552 fetus
1201 2522 1271 2561 ipse
1289 2527 1321 2551 et
1336 2520 1527 2551 fecunditas
1544 2530 1603 2561 ap-

910 2572 1058 2613 pellata!
1085 2572 1238 2603 Nonius:
1263 2575 1271 2589 ‘
1290 2572 1400 2601 Fenus
1417 2570 1458 2600 ab
1475 2580 1515 2600 co
1533 2571 1603 2601 dic-

909 2627 978 2653 tum
1010 2628 1074 2657 est,
1099 2621 1186 2662 quod
1214 2620 1390 2661 pecuniam
1413 2621 1525 2660 pariat
1555 2621 1602 2651 in-

907 2673 1076 2704 crescenti
1108 2678 1273 2712 tempore,
1300 2670 1395 2711 quasi
1427 2669 1514 2701 fetus
1543 2676 1601 2702 aut
