1835 2906
195 52 281 112 '538

657 73 807 106 SEXTI
844 71 1047 104 POMPEll
1083 71 1220 103 FEST1

253 175 520 230 improbum,
554 172 633 227 qui
665 171 843 213 assidue
871 170 918 212 in
937 169 1092 210 litibus
1111 169 1368 218 moraretur,
1389 166 1447 208 ob
1467 178 1654 222 eamque

255 256 436 285 causam
465 243 511 283 in
544 241 695 283 ordine
715 242 852 282 staret
871 236 1127 280 adeuntium
1148 241 1382 291 praetorem
1399 249 1410 277 ε
1442 239 1488 277 at
1506 235 1654 277 AElius

253 312 383 362 Stilo,
413 311 491 366 qui
522 309 700 352 minime
723 307 864 350 ordine
883 306 1050 348 viveret.

1425 303 1470 345 in
1490 318 1537 344 ea
1559 317 1657 347 ora-

254 380 392 430 tione,
428 392 563 434 quam
594 378 748 421 scribit
769 377 822 419 de
851 376 946 418 suis
966 374 1202 416 virtutibus
1224 377 1376 415 contra
1395 373 1655 416 Thermum:

255 447 380 500 Quid
413 448 521 490 mihi
554 448 689 498 fieret,
720 446 758 488 si
792 458 880 487 non
912 457 994 498 ego
1027 442 1249 498 stipendia
1267 442 1310 483 in
1334 442 1488 484 ordine
1512 442 1658 484 omnia

255 516 506 559 ordinarius
527 516 785 559 meruissem
807 513 1013 568 semper?
1064 512 1176 554 Sunt
1196 510 1379 566 quidam
1399 511 1548 562 etiam,
1584 511 1658 565 qui

255 583 601 641 manipularemh
634 597 750 634 eum,
787 583 865 638 qui
897 581 1033 624 infimi
1068 580 1234 622 ordinis
1272 580 1346 631 sit,
1383 579 1658 635 appellatum

255 654 435 696 credant
450 660 485 685 ¹⁷
519 652 798 695 ordinarium.

203 723 464 765 Ordinarius
496 722 643 772 homo,
676 732 842 770 scurra,
863 722 906 761 et
936 718 1182 772 improbus,
1203 718 1280 772 qui
1309 718 1423 760 assi·
1474 715 1659 771 [PAUL.

254 792 342 834 due
363 792 408 833 in
430 791 586 833 litibus
606 793 814 840 moratur,
839 789 898 830 ob
921 800 1108 842 eamque
1130 799 1314 829 causam
1334 787 1379 827 in
1399 785 1551 827 ordine
1571 788 1661 826 stat

253 863 500 904 Praetorem
541 861 788 902 adeuntium
806 872 816 901 ε
857 859 952 900 sive
989 858 1133 899 dictus
1173 869 1253 911 per
1294 855 1661 906 contrarietatem,

258 930 365 985 quia
388 929 569 971 minime
589 928 744 971 ordine
767 927 895 970 vivit.

198 999 346 1041 Ordiri
360 997 397 1029 Ἠ
419 1002 489 1040 est
507 998 570 1039 rei
594 998 865 1053 principium
883 996 1044 1038 facere.

198 1067 346 1109 Ordiri
380 1073 451 1109 est
500 1067 562 1109 rei
606 1067 875 1122 principium
901 1065 1076 1107 facere:
1108 1064 1222 1106 unde
1254 1068 1298 1105 et
1332 1067 1450 1117 togae
1494 1060 1662 1115 [FEST-

254 1141 469 1178 vocantur
491 1135 722 1178 exorditae.

198 1203 319 1246 Ordo
338 1207 351 1237 †
374 1204 657 1246 sacerdotum
673 1201 689 1225 k
712 1204 958 1245 aestimatur
980 1202 1191 1243 Deorum.

822 1323 1063 1337 ”teeme‘e

240 1396 279 1425 17
304 1393 384 1425 Vet.
409 1392 467 1424 lib.
482 1393 685 1426 tradant.-†
710 1392 806 1424 Scal.
834 1391 869 1422 in
893 1399 1000 1432 marg.
1017 1390 1152 1422 notavit
1179 1390 1252 1422 haec
1272 1389 1375 1420 verba
1390 1392 1426 1420 et
1447 1397 1540 1429 seqq.
1567 1387 1666 1426 Ordo,

195 1438 248 1477 8)·ε.
264 1446 337 1469 esse
354 1436 458 1472 Festi,
472 1434 531 1466 sed
549 1436 659 1467 nonin
677 1441 747 1467 vet.
765 1436 822 1466 lib.

858 1511 1002 1544 NOTAE

195 1589 468 1622 cumsecundum
495 1590 589 1630 leges
614 1589 648 1620 in
676 1587 903 1620 contubernio

195 1641 301 1672 filium
327 1646 442 1682 posset
467 1641 606 1679 habere,
622 1640 654 1671 in
671 1640 803 1681 legione
819 1640 905 1671 mili-

196 1698 267 1724 tem
293 1691 401 1725 fecit.'
446 1692 558 1732 Vulgo
588 1692 731 1722 dicimus
761 1691 786 1722 il
814 1693 841 1722 Ie
860 1691 905 1733 fit

194 1744 304 1785 simple
326 1744 439 1775 soldat.
484 1743 558 1775 Etsi
584 1753 650 1774 nou
680 1752 800 1784 negem
824 1743 905 1774 alias

193 1794 403 1826 ordinarium
440 1793 508 1826 dici
546 1795 699 1835 potuisse
737 1795 907 1826 bominem

195 1854 348 1876 scurram
376 1850 413 1876 et
441 1844 642 1886 improbum,
669 1846 727 1886 qui
757 1855 848 1886 saepe
872 1846 906 1877 iu

196 1894 354 1927 ordinem
372 1893 532 1926 redactus
559 1895 625 1926 sit:
652 1904 728 1926 nam
758 1895 792 1926 in
816 1895 905 1926 ordi-

195 1956 273 1978 nem
297 1945 469 1986 redigere,
485 1945 574 1976 idem
591 1950 643 1977 est
665 1945 848 1987 aliquando
866 1955 907 1977 ac

197 2001 332 2037 notare,
361 1995 588 2038 vilipendere,
627 1997 816 2028 contemtui
851 1996 908 2029 ha-

196 2049 290 2080 bere.
317 2049 418 2080 Idem.

238 2100 252 2120 ¹¹
277 2100 359 2132 Sunt
376 2100 515 2141 quidam,
531 2099 584 2141 qui
610 2099 847 2142 manipularem]
871 2100 908 2132 Si

197 2161 260 2192 pro
270 2152 399 2192 gregali
411 2152 519 2183 milite
530 2152 583 2182 hie
593 2151 816 2192 manipularem
828 2152 906 2183 Fes-

198 2208 252 2234 tus
269 2203 415 2244 accepit,
432 2212 501 2234 non
518 2202 618 2233 video
633 2202 710 2243 quid
728 2211 802 2233 esse
828 2212 906 2243 pos-

196 2254 240 2286 sit
254 2254 459 2286 discriminis
477 2253 566 2285 inter
582 2253 789 2285 ordinarium
804 2253 905 2286 istum

197 2311 233 2337 et
250 2315 339 2346 eum,
361 2305 418 2347 qui
445 2305 478 2336 in
503 2304 623 2336 ordine
640 2309 763 2341 meret,
779 2304 820 2335 de
838 2313 905 2346 quo

197 2365 301 2396 snpra
316 2356 349 2386 in
366 2355 478 2387 verbis
496 2355 651 2387 Catonis.
697 2356 812 2388 Quare
827 2365 903 2388 cum

199 2406 340 2438 doctiss.
356 2406 523 2438 Salmasio
539 2407 763 2447 manipularem
783 2407 838 2438 hic
855 2407 905 2438 in-

198 2462 374 2497 terpretor
386 2458 548 2498 manipuli
562 2456 751 2499 ductorem,
761 2458 817 2499 qui
832 2468 906 2499 pro-

199 2509 275 2550 prie
295 2507 475 2540 dicebatur
502 2508 707 2550 ordinarius,
721 2510 906 2550 manipula·

199 2560 292 2590 rius:
319 2559 430 2590 Gloss.
459 2565 545 2591 vett.
569 2558 771 2601 ι’νιιξιόιρχος,
799 2562 905 2592 mani-

198 2610 363 2651 pularius,
378 2610 595 2650 ordinarius,‘
612 2618 664 2643 est
677 2613 768 2643 enim
783 2611 905 2653 ταξίαρ-

200 2673 271 2702 χος,
300 2665 309 2679 ‘
324 2661 452 2694 ordinis
477 2661 620 2694 ductor-⁹
663 2663 710 2696 Et
734 2665 807 2696 ordo
824 2665 907 2697 nihil

957 1588 1049 1620 aliud
1079 1596 1180 1630 quam
1206 1587 1392 1627 manipulus.
1439 1585 1551 1626 Igitur
1573 1586 1664 1626 apud

959 1639 1100 1670 Festum
1119 1643 1128 1657 ‘
1143 1637 1364 1678 manipularis
1386 1635 1492 1667 infimi
1514 1635 1643 1667 ordinis
1656 1635 1664 1647 '

958 1689 1079 1722 eodem
1108 1688 1210 1721 modo
1236 1688 1380 1728 (lictum,
1406 1697 1473 1729 quo
1493 1686 1584 1728 apud
1598 1687 1666 1718 Ta-

959 1741 1020 1773 cit.
1048 1741 1189 1774 ‘Justus
1217 1739 1382 1772 Catonius
1411 1738 1511 1779 primi
1537 1736 1665 1769 ordinis

960 1791 1140 1826 centurio!
1166 1792 1264 1823 [dem.

999 1844 1007 1865 ἰ
1028 1841 1157 1884 Ordiri]
1168 1842 1322 1883 Ὀρδημα,
1334 1840 1354 1879 ἡ
1369 1840 1493 1878 τολύπη
1504 1842 1567 1872 τῶν
1579 1841 1666 1882 ἐρίων

961 1901 997 1929 et
1029 1894 1163 1937 ὀρδικὸν,
1193 1893 1392 1935 χιτωνίσκος.
1448 1892 1535 1924 Inde
1568 1892 1669 1923 ordiri

959 1948 1100 1990 propria
1130 1956 1195 1979 vox
1223 1951 1407 1985 textorum,
1439 1954 1515 1976 cum
1546 1947 1666 1975 texere

960 1999 1153 2040 incipiunt:
1191 1997 1283 2030 unde
1311 1997 1344 2028 in
1376 1996 1477 2038 gloss.
1516 1994 1663 2028 ‘ordior¹

961 2051 1096 2092 ἄρχομαι
1110 2050 1131 2082 :’
1154 2049 1212 2082 sed
1230 2049 1272 2080 ad
1289 2049 1355 2080 alia
1370 2045 1588 2085 transfertur,
1605 2055 1665 2077 un-

961 2103 1003 2134 de
1022 2114 1028 2132 ε
1053 2104 1062 2120 ‘
1077 2101 1243 2134 Ordimur
1271 2100 1372 2136 telas,
1391 2097 1545 2129 ordimur
1561 2097 1666 2129 verba

960 2151 1155 2195 loquendo.'
1186 2151 1243 2182 Sic
1260 2150 1359 2190 Virg.
1377 2149 1409 2180 in
1426 2148 1501 2180 Cul.
1526 2152 1534 2166 ⁴
1551 2148 1665 2190 Atque

960 2208 1000 2235 ut
1023 2201 1174 2234 araneoli
1202 2206 1340 2233 tenuem
1370 2199 1592 2232 formavimus
1614 2209 1667 2231 or-

961 2253 1059 2286 sum.’
1083 2254 1182 2284 Idmn.

1011 2305 1026 2327 ¹²
1065 2308 1152 2338 Ordo
1180 2305 1397 2347 sacerdotum]
1431 2303 1667 2346 Supplendum

959 2358 1050 2390 forte
1064 2370 1071 2388 ι
1089 2358 1176 2389 Ordo
1185 2357 1387 2390 Sacerdolum
1394 2355 1571 2388 ‘estimatur
1578 2355 1666 2387 Deo-

959 2421 1029 2442 rum
1040 2411 1180 2442 ordinem
1195 2408 1325 2448 referre.
1346 2411 1383 2440 ut
1405 2408 1563 2440 maximus
1583 2406 1666 2447 quis-

960 2472 1028 2503 que,
1052 2464 1106 2501 ὅτ.
1153 2461 1200 2492 At
1231 2461 1329 2492 Fulv.
1355 2460 1469 2491 Ursin.
1497 2457 1665 2499 putabat:

960 2513 1152 2545 AEstimatur
1168 2513 1306 2544 Deorum
1319 2510 1493 2551 majestate,
1515 2512 1550 2540 ut
1565 2510 1667 2540 maxi-

959 2575 1028 2596 mus
1054 2564 1193 2605 quisque.
1239 2564 1306 2595 Per
1337 2571 1464 2603 regem,
1493 2559 1665 2592 sacrificu-

962 2615 1029 2646 lum
1047 2615 1218 2656 intellige,
1231 2614 1289 2656 qui
1312 2612 1481 2645 sacrificia
1501 2611 1664 2653 faciebat,

963 2677 1038 2709 quae
1057 2675 1155 2708 reges
1171 2665 1289 2699 facere
1306 2664 1474 2697 sotebant.
1500 2663 1597 2695 Idem.
