1835 2906
188 120 276 162 218

635 129 782 160 SEXTI
818 129 1017 160 POMPEII
1053 129 1187 161 FESTI

194 224 473 280 Depolitum,'¹
490 225 739 279 perfectum,
753 226 863 279 quia*
880 238 1032 266 omnes
1053 225 1342 279 perfectiones
1359 226 1526 280 antiqui
1547 239 1626 280 po-

250 295 426 335 litiones
445 294 745 348 appellabant.

191 362 442 415 Depontani
457 359 472 383 k
506 375 630 403 senes
656 361 1000 415 appellabantur,
1021 360 1095 414 qui
1117 361 1391 413 sexagenarii
1411 361 1466 402 de
1488 366 1626 415 ponte

254 429 586 484 dejiciebantur.

197 496 497 552 Deprehensa¹
528 498 686 539 dicitur
716 510 851 550 genus
871 497 1068 538 militaris
1085 496 1480 538 animadversionis
1501 497 1632 538 casti-

254 566 428 619 gatione
444 567 595 621 major,
612 565 846 618 ignominia
864 565 1021 606 minor.

200 634 478 688 Depubem,¹¹¹
505 646 687 688 porcum
715 633 995 683 lactantem,¹⁵
1027 632 1103 687 qui
1134 631 1379 686 prohibitus
1409 633 1465 672 sit
1493 631 1632 685 pubes

255 702 361 743 fieri.

199 768 483 823 Depuvere‚¹⁶
502 775 517 791 ¹¹
547 769 727 810 caedere.

787 768 984 809 Lucilius
1003 782 1012 809 :
1044 768 1290 822 palmisque
1311 766 1528 808 misellam
1546 766 1635 807 De-

254 836 379 890 puvit
410 849 499 877 me:
533 836 576 876 id
597 840 676 886 est,
699 834 947 877 verberavit
967 848 1060 876 me:
1091 836 1210 889 quod
1231 837 1377 889 ipsum
1399 848 1457 876 ex
1478 834 1635 875 Graeco

257 908 324 944 est
341 901 473 944 παίειν.

202 968 307 1025 Δέρις
322 975 337 992 ⁰
371 970 518 1012 Graeci
553 970 776 1025 appellant
796 969 931 1024 pelles
952 970 1170 1021 nauticas,
1193 983 1305 1024 quas
1325 983 1406 1011 nos
1429 982 1636 1011 vocamus

259 1039 486 1092 segestria.

801 1136 1037 1149 ‘noeaoeeeee

247 1228 284 1255 15
309 1225 360 1255 Ex
387 1224 471 1256 Mss.
500 1225 582 1256 Dac.
606 1225 786 1265 legendum
816 1230 930 1256 monet
954 1227 1212 1257 lactentem—16
1236 1224 1323 1256 Scal.
1350 1228 1386 1255 et
1415 1224 1500 1255 Dac.
1525 1223 1640 1264 legunt

205 1268 374 1308 Depuvz're.

857 1354 997 1386 NOTAE

246 1428 253 1449 ἰ
276 1429 470 1469 Depolitum]
494 1429 602 1460 Valde
621 1430 773 1471 politum.
805 1429 897 1461 Plin.

204 1479 263 1511 lib.
289 1489 422 1511 xxxvr.
446 1490 520 1520 cap.
547 1483 598 1511 25.
632 1480 691 1511 ‘Si
716 1489 796 1511 vero
821 1485 899 1512 cote

204 1530 391 1570 depolitum
409 1535 471 1566 est,
489 1530 574 1570 nigri
598 1530 780 1570 pavimenti
805 1540 899 1560 usum

206 1580 363 1611 obtinet.’
400 1580 491 1611 Hinc
520 1587 556 1611 et
581 1581 790 1621 depolitiones.
812 1580 900 1612 Vide

208 1631 354 1661 Nonium
372 1631 403 1661 in
425 1635 433 1647 ‘
449 1631 652 1671 politiones.’
675 1631 774 1662 Idem.

249 1680 263 1701 k
288 1681 482 1721 Depontam']
519 1681 584 1713 Qui
609 1682 787 1722 sexaginta
809 1681 905 1712 aunis

207 1732 278 1762 nati
295 1731 337 1762 de
354 1737 459 1772 ponte
484 1732 517 1762 in
539 1732 687 1763 Tiberim
712 1732 906 1772 praecipita·

210 1781 346 1812 bantur.
411 1781 531 1812 Cicero
570 1791 631 1821 pro
668 1782 765 1813 Sext.
804 1782 905 1814 Rosc.

207 1831 354 1862 ‘Habeo
381 1832 484 1862 ctiam
511 1831 627 1862 dicere
654 1842 752 1872 quem
783 1838 905 1864 contra

209 1890 334 1911 morem
358 1881 516 1920 majorum
541 1881 702 1912 minorem
725 1883 818 1913 annis
845 1891 904 1914 Lx.

209 1931 251 1961 de
271 1936 373 1971 ponte
391 1930 423 1960 in
440 1931 587 1961 Tiberim
604 1931 750 1972 dejecit!
795 1933 905 1963 Van-o

209 1981 440 2021 sexagesimo:
475 1982 484 1998 ‘
502 1981 565 2011 Vix
579 1980 712 2012 ecfatus
729 1987 814 2022 erat,
828 1992 904 2013 curu

210 2040 302 2061 ruore
323 2031 491 2071 Majornm
516 2032 605 2062 ultro
633 2032 798 2063 Casnares
823 2033 905 2063 arri-

211 2084 322 2123 piunt,
351 2083 392 2114 de
419 2088 522 2123 ponte
550 2083 584 2114 in
609 2083 762 2114 Tiberim
789 2083 904 2114 detur-

212 2133 306 2173 bant,
336 2132 472 2163 senibus
501 2133 621 2164 crassis
646 2133 712 2164 lieu
739 2133 818 2164 muli
840 2143 905 2164 non

212 2183 364 2214 videmus
383 2183 460 2223 quid
476 2181 614 2214 faciant.
652 2183 741 2214 Nam
758 2183 832 2224 quis
850 2192 905 2223 pa-

215 2239 302 2264 trem
327 2242 414 2264 nunc
443 2233 559 2263 decem
588 2242 692 2264 annos
717 2239 815 2264 natus
841 2242 907 2264 non

213 2283 313 2313 niodo
327 2283 449 2318 aufert,
463 2293 520 2314 seu
539 2284 640 2323 tollit,
656 2284 719 2314 nisi
737 2293 864 2315 veneno
877 2285 887 2314 ?
900 2283 907 2295 ’

214 2334 304 2364 Vide
340 2334 348 2349 ‘
366 2343 486 2374 argens
504 2333 512 2346 ’
550 2338 585 2364 et
622 2335 631 2351 ‘
650 2332 912 2375 sexagenarios?

216 2384 314 2414 Idem.

257 2433 265 2454 ¹
284 2433 499 2474 Deprehensn]
519 2435 631 2467 Gloss.
648 2436 911 2477 ‘Deprehendit‚

216 2483 407 2525 διορθοῦται.’
451 2491 457 2502 ‘
474 2486 652 2527 Deprensi,
670 2486 910 2526 ὑπερεκτίσεως.’

218 2535 312 2575 Lego
325 2536 500 2575 deprensae:
524 2536 558 2567 id
572 2541 636 2577 est,
653 2547 772 2578 poenae,
785 2539 910 2570 multae.

219 2586 317 2616 Idem.

262 2640 283 2655 ¹¹³
307 2635 480 2675 Depubem]
506 2636 635 2667 Porcus
649 2639 702 2678 qui
723 2638 910 2669 trucidatur

221 2685 299 2717 dum
316 2686 431 2726 lactet,
448 2690 482 2717 ct
499 2686 544 2717 ita
556 2686 649 2726 pubes
665 2688 736 2718 fieri
755 2688 910 2729 prohibe·

953 1434 1018 1461 tur.
1055 1430 1122 1461 Pro
1138 1431 1302 1461 lactantem
1314 1426 1492 1469 legendum
1509 1426 1644 1459 omnino

952 1481 1126 1519 lactentem,
1151 1481 1184 1511 id
1209 1486 1272 1516 est.
1289 1481 1343 1511 lac
1368 1483 1556 1519 sugentem.
1601 1478 1645 1508 Et

953 1531 999 1561 ita
1016 1531 1049 1561 in
1066 1531 1149 1561 Mss.
1174 1530 1271 1560 Idem.

995 1586 1011 1601 ¹⁸
1034 1581 1210 1622 Depuvere]
1238 1579 1432 1620 Legendum
1447 1578 1594 1619 depunire
1609 1582 1647 1608 ut

953 1631 1080 1671 optime
1095 1631 1257 1671 Scaliger.
1303 1631 1380 1661 Nisi
1402 1639 1417 1660 e
1441 1639 1501 1670 pro
1525 1629 1536 1659 z'
1559 1628 1647 1669 posi·

955 1685 1024 1711 tum
1040 1681 1095 1712 sit.
1133 1681 1289 1721 Depuvire
1304 1691 1321 1711 a
1335 1680 1437 1720 panio,
1452 1680 1557 1715 caedo,
1575 1679 1648 1719 pul·

954 1740 1002 1770 so,
1018 1730 1107 1771 quod
1125 1741 1143 1761 a
1161 1731 1286 1762 Graeco
1305 1729 1391 1761 παίω.
1436 1729 1466 1760 Α
1480 1729 1584 1770 patio,
1598 1729 1650 1759 de-

953 1782 1068 1822 puvio‚·
1084 1792 1102 1812 α
1113 1782 1145 1812 in
1162 1791 1193 1821 u,
1205 1787 1241 1812 ut
1261 1783 1270 1799 ‘
1285 1780 1422 1822 quatio?
1445 1781 1454 1797 ‘
1469 1778 1649 1812 concutio?

957 1830 1043 1862 Vide
1062 1831 1070 1847 ⁶
1084 1830 1246 1871 obpuvit.'
1272 1831 1370 1861 Idem.

998 1886 1012 1901 ⁰
1035 1880 1137 1921 Δέρις]
1160 1881 1289 1911 Glossae
1303 1881 1487 1911 Veterum:
1512 1880 1652 1920 ‘Seges-

958 1935 1023 1970 tre,
1039 1931 1177 1971 διφθέρα,
1192 1930 1317 1971 διφθέρα
1337 1930 1470 1962 πλοίου.’
1513 1931 1651 1962 Glossa-

960 1982 1064 2012 rium:
1082 1982 1091 1997 ‘
1104 1982 1274 2022 Segestre,
1290 1981 1496 2021 στέγαστρον,
1513 1979 1651 2021 τεράδερ-

958 2032 1039 2070 μον.’
1062 2032 1205 2063 fortasse
1234 2032 1430 2071 περιδέρμιον,
1462 2032 1513 2061 vel
1542 2031 1651 2070 potius

958 2083 1155 2123 γεράδερμον,
1169 2089 1266 2114 vetus
1285 2085 1394 2123 pellis,
1411 2087 1447 2114 ut
1460 2080 1654 2122 γεράνδρυον.

959 2135 1028 2165 Jos.
1044 2133 1127 2166 Scal.

1003 2182 1106 2223 Δέρις]
1141 2182 1229 2223 Δέρις
1258 2189 1311 2214 est
1338 2181 1425 2222 δέρας
1453 2182 1523 2213 sive
1548 2181 1653 2222 δέρμα,

961 2234 1069 2274 pellis.
1093 2233 1245 2274 Hesych.
1283 2232 1399 2272 Δέῤῥις,
1419 2231 1524 2272 δέρμα,
1541 2232 1654 2272 βύρση.

962 2284 1071 2316 Latini
1094 2288 1217 2315 vocant
1235 2284 1243 2300 ‘
1258 2282 1429 2323 segestre,'
1444 2282 1654 2322 στέγαστρον,

962 2334 1051 2376 quod
1069 2345 1086 2366 a
1102 2333 1217 2373 στέγω,
1231 2339 1320 2374 tego.
1354 2333 1394 2364 In
1412 2333 1587 2365 Glossario
1598 2342 1656 2364 ex-

963 2386 1113 2426 ponitur,
1128 2385 1252 2425 διφθέρα
1265 2384 1388 2421 πλοίου,
1405 2385 1501 2425 pellis
1519 2385 1655 2424 navigii.

962 2436 1028 2467 Sed
1045 2437 1136 2477 prius
1148 2437 1299 2476 segestria
1311 2446 1329 2467 e
1342 2441 1458 2474 segete
1472 2434 1610 2473 fiebant,
1620 2439 1656 2466 et

964 2491 1034 2518 turn
1056 2487 1190 2518 demum
1214 2486 1308 2526 δέρεις
1333 2486 1399 2517 dici
1426 2491 1537 2525 coepta
1564 2491 1656 2524 sunt,

964 2547 1039 2567 cum
1056 2538 1087 2567 in
1104 2547 1219 2568 eorum
1239 2547 1330 2566 usum
1349 2535 1452 2576 pelles
1469 2541 1655 2566 cesserunt.

966 2587 1130 2620 Quamvis
1152 2593 1186 2618 et
1209 2586 1301 2626 δέρεις
1329 2591 1421 2616 texta
1448 2584 1569 2625 quibus
1595 2595 1656 2625 pro

968 2638 1049 2669 velis
1063 2639 1130 2669 sive
1143 2635 1344 2668 umbraculis
1356 2634 1549 2668 utebantur,
1559 2635 1657 2665 Grae-

966 2689 995 2720 ci
1011 2689 1183 2720 dixcrunt.
1200 2686 1348 2726 Hcsyeh.
1385 2684 1501 2726 Δέῤῥις,
1517 2685 1554 2715 τὸ
1571 2684 1658 2724 παχὺ
