1835 2906
203 375 206 377 ’
269 380 531 459 SEX.
584 374 1146 456 POMPEII
1215 369 1556 446 FESTI

886 574 949 604 DE

192 708 747 770 VERBORUM
817 693 1635 764 SIGNIFICATIONE

720 864 939 912 LIBER
972 861 1092 908 Vll.

194 1180 346 1239 GM».
363 1202 380 1218 ἃ
411 1194 591 1237 Caecilia
619 1191 848 1247 appellata
878 1193 962 1239 est,
988 1191 1036 1229 ut
1064 1186 1253 1228 Romam
1276 1183 1409 1233 venit,
1437 1193 1538 1236 quae
1565 1191 1640 1220 an-

850 1298 990 1331 NOTAE

236 1398 250 1414 ³
268 1392 366 1433 Gaia]
384 1391 484 1423 Pauli
500 1399 649 1422 errorem
666 1389 777 1430 potius
790 1395 890 1429 qnam

195 1446 301 1484 Festi,
313 1446 364 1475 vel
378 1443 503 1481 Verrii,
518 1441 692 1473 crederem
711 1441 744 1470 in
759 1440 821 1470 hoc
833 1448 890 1478 ge-

194 1505 275 1526 nere
305 1494 503 1534 scripturae:
537 1493 570 1523 in
599 1501 664 1532 quo
694 1494 772 1531 post
803 1489 891 1520 Con-

195 1545 381 1577 stantinum
413 1552 527 1575 omnes
569 1551 666 1582 paene
696 1539 825 1572 librarii
856 1544 891 1569 et

195 1605 394 1627 marmorum
419 1594 580 1625 incisores
602 1591 776 1623 errabant.
820 1590 892 1621 No-

197 1652 268 1677 tum
293 1651 356 1685 est,
382 1645 463 1676 illud
487 1643 687 1676 Quintiliani
711 1642 833 1679 Caium,
857 1647 893 1671 et

200 1696 308 1726 Caium
338 1695 460 1725 scribi:
495 1694 559 1724 dici
591 1702 671 1723 vero
712 1692 829 1722 Gaium
857 1696 893 1722 et

199 1747 324 1777 Gaiam.
352 1745 494 1775 Paulum
511 1753 576 1773 nou
590 1751 719 1773 errasse
736 1741 893 1779 arbitror,

196 1806 271 1827 cum
311 1794 449 1825 viderim
488 1792 755 1834 antiquissimum
800 1791 894 1822 Festi

195 1846 424 1887 fragmentum
442 1844 560 1875 ordine
588 1844 764 1874 literarum
787 1841 892 1882 scrip·

197 1903 288 1936 tum;
308 1902 344 1928 et
359 1896 498 1927 Verrius
514 1894 658 1926 eundem
676 1893 825 1925 ordinem
842 1901 893 1923 se-

198 1953 294 1980 cutus
320 1947 436 1987 fuerit,
462 1947 495 1976 in
522 1945 617 1976 libris
643 1944 686 1975 de
713 1943 893 1975 verborum

195 1997 453 2039 significatione.
496 1995 613 2027 Secuti
630 1995 731 2035 igitur
747 1999 825 2024 sunt
843 2003 893 2024 so-

198 2059 288 2085 num,
319 2058 386 2079 non
413 2047 554 2087 figuram
584 2046 712 2077 literae:
739 2045 791 2075 vel
817 2054 893 2075 cum

197 2100 263 2141 ipsi
279 2100 342 2130 alio
355 2099 427 2129 loco
439 2098 651 2137 scripserint,
665 2096 813 2137 imperiti
823 2105 891 2126 rnu-

198 2154 327 2186 tarunt,
342 2153 491 2179 erratum
512 2147 723 2177 librariorum
742 2155 815 2176 esse
833 2155 893 2185 pu-

198 2206 321 2242 tantes.
365 2199 465 2232 Quod
487 2199 529 2229 ad
547 2208 615 2229 rem
632 2198 739 2238 ipsam
756 2197 895 2235 attinet,

198 2250 476 2282 vidend.Plutar.
489 2249 521 2279 in
541 2249 714 2280 Problem.
733 2248 821 2280 Plin.
835 2247 893 2279 lib.

201 2312 284 2335 vui.
310 2313 386 2343 cap.
400 2305 454 2333 48.
498 2302 609 2334 Julius
638 2301 737 2332 Paris
762 2301 795 2331 in
822 2300 894 2341 epi-

201 2358 292 2385 tome
305 2352 435 2383 Valerii
452 2351 594 2382 Maximi
610 2351 652 2382 de
676 2349 895 2390 praenomini-

199 2404 276 2435 bus.
321 2401 387 2433 Sed
410 2405 445 2432 et
466 2401 681 2432 observatum
705 2404 899 2438 est,omnes

200 2455 371 2491 mulieres,
388 2462 461 2493 quae
488 2453 553 2483 alio
572 2451 781 2492 praenomine
805 2460 897 2481 care-

202 2510 293 2545 rent,
311 2505 405 2535 Gaias
422 2503 544 2541 dictas,
558 2510 737 2542 earumque
757 2501 898 2532 libertos

205 2557 278 2587 Caii
299 2554 503 2596 praenomine
526 2553 721 2593 plerumque
748 2551 896 2591 appella-

202 2613 274 2639 tos:
300 2615 403 2646 seque
422 2604 508 2634 Caiae
520 2603 661 2634 libertos
676 2601 812 2632 dixisse.
837 2601 896 2631 Vi-

206 2657 307 2688 dend.
327 2656 446 2686 Cicero
464 2663 526 2694 pro
550 2654 589 2684 L.
602 2653 771 2690 Muraena,
784 2656 818 2683 et
830 2652 897 2683 Ve-

205 2708 270 2739 lius
287 2707 420 2747 Longus
437 2704 478 2736 de
497 2704 661 2744 Ortliogr.
688 2702 766 2734 Aut.
782 2701 867 2740 Aug.

991 1385 1076 1415 Gaia
1105 1382 1248 1422 Coecilz'a]
1272 1383 1322 1413 Ex
1350 1379 1563 1414 Quintiliano
1593 1381 1644 1407 ta-

946 1445 1022 1467 men
1039 1434 1116 1465 Cuia
1132 1439 1167 1464 et
1185 1433 1281 1463 Caius
1298 1441 1358 1472 per
1377 1432 1403 1461 C
1419 1428 1645 1462 scribebatur,

946 1485 1006 1517 sed
1021 1486 1103 1515 Gaia
1116 1489 1153 1515 et
1171 1484 1272 1514 Gaius
1285 1479 1567 1523 pronuntiabatur
1584 1485 1645 1517 per

949 1538 991 1568 G.
1049 1536 1132 1577 Ejus
1158 1534 1264 1565 verba
1289 1537 1366 1563 suut
1394 1530 1452 1561 lib.
1477 1538 1500 1560 1.
1522 1537 1598 1568 cap.
1613 1529 1645 1558 7.

948 1591 955 1603 ‘
973 1586 1062 1619 Quid
1091 1594 1165 1626 quae
1193 1583 1386 1615 scribuntur
1416 1580 1514 1611 aliter
1544 1586 1644 1618 quain

948 1634 1189 1667 enuntiantur?
1247 1633 1336 1663 Nam
1363 1634 1399 1661 et
1424 1629 1533 1660 Gaius
1554 1628 1580 1658 C
1606 1625 1646 1657 li-

948 1692 1021 1718 tera
1034 1691 1183 1721 notatur,
1199 1694 1274 1726 quae
1288 1684 1458 1720 inversao
1472 1678 1646 1710 mulierem

948 1738 1118 1768 declarat:
1143 1735 1221 1777 quia
1248 1741 1316 1765 tam
1342 1732 1441 1763 Caias
1467 1738 1541 1761 esse
1558 1728 1647 1758 voci-

948 1794 1038 1820 tatas
1055 1796 1154 1829 quam
1178 1786 1290 1823 caios,
1306 1783 1408 1815 etiam
1426 1791 1468 1812 ex
1485 1777 1647 1820 nuptiali-

948 1839 1010 1871 bus
1027 1839 1129 1870 sacris
1146 1833 1312 1877 apparet!
1342 1832 1442 1865 Quod
1459 1831 1500 1862 ad
1517 1838 1644 1860 morem

947 1891 1084 1926 attinet,
1122 1888 1211 1919 idem
1249 1886 1364 1916 Valer.
1394 1883 1487 1914 Max.
1523 1883 1531 1899 ‘
1547 1881 1647 1912 Cete-

948 1952 1020 1973 rum
1038 1940 1123 1972 Caia
1139 1948 1201 1970 usu
1219 1946 1321 1977 super
1334 1944 1449 1966 omnes
1470 1932 1647 1964 celebrata

948 1997 1023 2024 est:
1052 1992 1175 2022 Fertur
1206 1988 1293 2019 enirn
1326 1985 1441 2017 Caiam
1475 1982 1648 2015 Caeciliam

947 2042 1123 2084 Tarquinii
1139 2038 1250 2071 Prisci
1273 2036 1361 2077 regis
1385 2043 1536 2071 uxorem,
1560 2031 1648 2071 opti-

948 2103 1034 2125 uiam
1051 2090 1217 2123 lanificam
1235 2088 1350 2119 fuisse.
1396 2086 1441 2116 Et
1456 2084 1532 2114 ideo
1556 2081 1650 2112 insti-

949 2149 1060 2176 tutum
1084 2142 1162 2176 fuit,
1187 2145 1226 2171 ut
1249 2147 1346 2169 novae
1369 2140 1486 2175 nuptae
1503 2131 1648 2171 anteja-

949 2204 1047 2225 nuaiu
1061 2192 1172 2224 mariti
1190 2191 1410 2227 interrogatae
1425 2192 1578 2225 quaenam
1592 2190 1648 2210 vo-

950 2248 1121 2281 carentur,
1150 2241 1265 2272 Caiam
1297 2246 1369 2268 esse
1399 2245 1434 2266 se
1470 2230 1650 2264 dicerent!

948 2295 1038 2327 Vide
1070 2291 1248 2325 Plutarch.
1280 2290 1313 2320 in
1346 2286 1511 2328 problem.
1558 2282 1649 2314 Plin.

949 2346 1010 2378 lib.
1025 2353 1107 2377 vm.
1125 2353 1199 2383 cap.
1222 2343 1275 2372 48.
1298 2338 1409 2370 Cicer.
1435 2345 1497 2377 pro
1521 2334 1648 2365 Murae·

952 2407 1007 2436 na,
1028 2396 1086 2437 qui
1109 2394 1141 2425 id
1168 2392 1280 2423 facete
1302 2388 1465 2428 exagitat.
1509 2386 1518 2402 ‘
1534 2382 1649 2422 Quia,’

952 2447 1073 2488 inquit,
1111 2445 1169 2475 ‘in
1201 2441 1343 2481 alicujus
1374 2437 1468 2469 libris
1500 2434 1649 2474 exempli

952 2507 1054 2530 causa
1070 2495 1102 2526 id
1122 2502 1243 2525 nomen
1257 2491 1471 2526 invenerunt,
1484 2489 1649 2526 putarunt

952 2556 1067 2579 omnes
1084 2544 1243 2576 mulieres
1259 2550 1334 2582 quae
1362 2537 1583 2570 coemtionem
1603 2535 1650 2565 fa-

952 2602 1082 2636 cerent,
1107 2595 1209 2626 Caias
1225 2589 1364 2622 vocari.’
1410 2587 1498 2618 Vide
1515 2586 1648 2617 Velium

953 2650 1105 2689 Longum
1119 2646 1159 2677 de
1176 2640 1441 2684 orthographia.
1466 2640 1547 2672 Dae,
