1835 2906
212 108 295 150 138

651 118 802 149 SEXTI
838 118 1042 148 POMPEII
1077 118 1215 148 FESTI

269 217 313 259 in
332 215 497 268 nuptiis
518 214 726 265 ferebant,
748 213 792 255 in
813 227 901 268 quo
921 217 1041 254 erant
1062 213 1267 254 nubentis
1298 213 1515 263 utensilia,
1537 213 1655 266 quod

270 289 314 323 et
334 282 556 324 camillum
578 282 817 331 dicebant,p
848 295 902 323 eo
928 280 1047 336 quod
1075 294 1297 322 sacrorum
1325 281 1569 322 ministrum
1590 280 1658 320 κά-

272 358 408 401 μιλλον
429 349 725 403 appellabant.

217 416 481 459 Cumerumq
521 430 601 458 vas
625 417 824 471 nuptiale
856 430 884 458 a
925 416 1206 459 similitudine
1237 429 1524 464 cumei-arum,
1559 429 1660 470 quae

270 487 382 527 fiunt
400 486 586 540 palmeae
607 486 676 527 vel
697 488 884 540 sparteae
906 484 963 527 ad
984 499 1110 540 usum
1133 483 1408 539 popularem,
1426 484 1491 525 sic
1509 485 1661 538 appel-

273 554 407 595 latum
416 585 425 593 .

219 622 331 664 Cum
353 621 533 674 imperio
554 634 650 662 esse
669 626 680 650 ³
696 626 708 642 s
739 620 970 662 dicebatur
990 619 1109 674 apud
1130 619 1347 674 antiquos,
1368 619 1441 660 cui
1468 619 1663 659 nomina-

274 690 350 731 tim
373 702 400 730 a
419 689 591 742 populo
613 688 800 730 dabatur
821 689 1066 743 imperium.

219 757 329 798 Cum
353 757 520 810 populo
542 762 702 809 agere,S
718 757 798 798 hoo
820 760 902 806 est,
923 756 1140 811 populum
1156 755 1210 797 ad
1227 755 1476 805 concilium,
1494 758 1571 795 aut
1591 766 1665 795 co-

275 826 401 867 mitia
422 837 594 866 vocare.

828 932 945 944 eeeeee

264 992 282 1019 3
316 988 369 1020 ΑΙ.
395 992 452 1020 cst.

947 932 1064 944 eeeeee

875 1084 1019 1118 NOTAE

223 1172 289 1194 rum
301 1163 351 1193 sit.
378 1163 450 1194 Ful.
467 1163 579 1194 Ursin.

269 1214 446 1255 Cumeram]
465 1213 611 1244 Omnino
628 1212 805 1253 legendum
821 1222 920 1243 cume-

222 1273 302 1302 rum,
320 1274 395 1296 nam
413 1274 470 1295 vas
482 1264 563 1295 illud
577 1274 642 1305 quo
653 1263 809 1295 nubentis
823 1269 920 1294 uten-

224 1316 299 1346 silia
326 1315 523 1347 ferebantur
549 1319 745 1346 constanter
768 1325 922 1346 cumeram

224 1376 291 1398 non
317 1377 438 1399 vumera
468 1366 655 1398 dicebatur.
710 1366 825 1397 Innuit
850 1366 922 1406 ipse

224 1417 347 1448 Festus
370 1416 468 1453 infra,
495 1417 552 1458 qui
574 1417 676 1448 etiam
694 1416 871 1447 discrimen
887 1416 924 1446 il-

223 1466 281 1497 lud
299 1467 387 1498 inter
407 1471 587 1507 utrumque
613 1466 719 1507 ponit,
744 1471 782 1497 ut
802 1475 925 1497 camera

225 1516 269 1547 sit
283 1516 323 1546 ad
342 1526 435 1547 usum
453 1517 826 1557 popularem‚cumerum
843 1525 923 1547 vero

226 1566 266 1596 ad
283 1566 429 1607 nuptias.
477 1566 605 1597 Firmat
620 1566 720 1597 etiam
738 1567 848 1597 Varro
865 1566 924 1597 lib.

229 1627 278 1647 vr.
302 1619 310 1634 ‘
332 1618 438 1656 {gitur
468 1617 593 1648 dicitur
624 1618 656 1647 in
689 1618 817 1657 nuptiis
845 1618 926 1649 Cas-

226 1667 349 1707 millus,
364 1667 419 1708 qui
437 1677 609 1698 cumerum
626 1667 706 1707 fert,
721 1668 753 1698 in
767 1678 833 1709 quo
847 1668 926 1709 quid

228 1719 314 1748 sitin
330 1719 528 1756 ministerio,
543 1719 698 1760 plerique
715 1719 927 1750 extrinsecus

228 1768 404 1799 nesciunt.'
452 1769 559 1799 Porro
587 1769 639 1799 liic
663 1779 733 1800 mos
760 1779 778 1799 a
795 1769 928 1801 Graecis

228 1818 393 1849 deductus
418 1824 481 1857 est,
498 1819 586 1858 apud
604 1828 687 1859 quos
705 1829 789 1859 puer
807 1820 863 1851 ille
880 1820 928 1851 in-

229 1878 370 1907 genuus.
394 1878 490 1909 quem
521 1868 692 1899 casmillum
716 1870 839 1909 Latini,
864 1871 929 1910 ipsi

229 1927 310 1949 vero
327 1924 446 1950 vocant
462 1918 632 1957 ἀμφιθαλῆ,
648 1919 710 1949 lioc
734 1925 797 1959 est,
824 1922 929 1960 patri-

229 1978 329 2003 mum.
346 1970 546 2008 matrimum,
566 1970 598 1999 ἐν
611 1968 718 2010 λίκνῳ,
733 1971 787 2011 qui
806 1971 858 2001 hic
881 1971 929 2001 di-

229 2021 317 2050 citur
333 2030 499 2059 cumeram,
519 2021 604 2050 male
621 2031 774 2051 cumeram
789 2021 854 2052 dici
872 2032 931 2062 pu-

229 2071 315 2101 tavit
339 2071 502 2111 Scaliger,
528 2079 631 2110 panes
663 2071 826 2111 gestabat
856 2081 932 2102 cum

229 2123 292 2151 hac
328 2121 545 2153 intentione:
572 2119 689 2160 ἔφυγον
719 2121 825 2161 κακὸν,
849 2119 935 2161 εὖρον

231 2173 363 2209 ἄμεινον.
381 2173 402 2203 i.
425 2173 434 2189 ‘
451 2172 571 2203 malum
587 2171 668 2213 fugi,
695 2173 812 2203 melius
837 2172 930 2204 inve-

233 2223 289 2253 ni!
315 2224 395 2254 Duc.

275 2278 289 2296 Ρ
315 2273 405 2307 Quod
433 2276 462 2302 et
490 2273 644 2304 camillum
666 2273 823 2313 dicebant]
846 2273 931 2305 Vide

233 2324 241 2339 ⁴
257 2322 438 2353 Camillus:
463 2322 561 2354 Idem.

277 2379 290 2399 [λ
318 2374 497 2414 Cumerum]
523 2373 611 2404 Vide
632 2382 743 2413 supra.
790 2373 820 2404 A
836 2384 934 2405 cume-

234 2434 280 2457 ra.
303 2433 479 2460 cumerum;
502 2428 554 2454 est
578 2429 689 2455 autem
718 2433 854 2456 cumera
879 2435 934 2456 vas

236 2474 416 2504 vimineum
427 2475 478 2504 vel
490 2475 590 2505 etiam
606 2474 723 2514 fictile,
733 2485 797 2516 quo
811 2476 934 2516 plebeii

234 2525 385 2555 homines
401 2523 567 2555 frumenta
579 2524 787 2556 condebant.
812 2526 934 2557 Horat.

236 2576 269 2604 in
293 2574 363 2604 Sat.
387 2574 472 2603 'Cur
489 2579 547 2604 tua
564 2575 636 2614 plus
655 2575 770 2606 laudes
789 2577 934 2607 cumeris

238 2625 391 2665 granaria
405 2624 527 2654 nostris
540 2624 561 2654 ?’
587 2626 681 2655 Idem.

281 2680 291 2695 Γ
318 2678 396 2706 Cum
410 2674 537 2715 imperio
551 2674 629 2714 esse]
657 2676 705 2706 De
719 2675 860 2716 imperio
877 2676 934 2707 mi-

973 1161 1063 1193 litari
1078 1161 1131 1192 hic
1156 1161 1274 1192 Festus
1297 1160 1467 1202 loquitur;
1497 1167 1573 1190 nam
1598 1166 1673 1189 cum

976 1212 1118 1253 imperio
1135 1221 1206 1242 esse
1222 1210 1402 1242 dicebatur
1429 1209 1511 1244 dux,
1535 1208 1591 1249 qui
1615 1209 1674 1239 im-

976 1262 1117 1302 perabat
1132 1261 1311 1301 exercitui,
1331 1260 1419 1292 unde
1435 1260 1558 1300 saepius
1584 1259 1675 1300 apud

976 1312 1156 1343 historicos
1170 1311 1322 1343 iuvenies
1337 1320 1379 1342 ex
1390 1309 1550 1341 formula:
1569 1310 1578 1327 ‘
1591 1310 1675 1340 Cum

978 1362 1122 1403 imperio
1149 1360 1294 1397 missus,’
1318 1361 1416 1392 ‘eum
1437 1360 1578 1401 imperio
1600 1359 1677 1390 mit-

979 1413 1075 1445 tere!
1123 1413 1169 1444 At
1186 1421 1265 1443 vero
1281 1411 1382 1451 infra,
1406 1421 1482 1443 cum
1508 1413 1679 1451 potestate

979 1474 1054 1495 esse
1071 1464 1249 1495 dicebatur
1265 1463 1480 1503 magistratus
1503 1461 1558 1502 qui
1576 1460 1679 1502 juris-

979 1515 1162 1546 dictionem
1192 1514 1349 1552 liabebat,
1382 1517 1417 1544 et
1446 1512 1538 1543 civili
1570 1511 1680 1551 aliquo

979 1575 1116 1596 munere
1133 1564 1349 1605 fungebatur,
1367 1572 1440 1604 quae
1463 1565 1617 1602 potestas
1635 1561 1682 1591 in-

982 1617 1113 1648 terdum
1138 1620 1147 1634 ‘
1158 1616 1257 1646 civile
1274 1614 1451 1655 imperium
1463 1612 1470 1624 ’
1484 1611 1678 1643 dicebatur:

982 1678 1058 1700 nam
1070 1677 1205 1709 semper
1218 1666 1325 1698 civilis
1341 1670 1393 1696 est
1416 1668 1582 1706 potestas.
1627 1661 1682 1694 Ci-

983 1729 1059 1751 cero
1086 1728 1146 1760 pro
1174 1717 1341 1749 Fonteio:
1366 1715 1375 1732 ‘
1390 1714 1513 1756 Ecquis
1537 1722 1682 1754 unquam

985 1781 1073 1810 reus,
1095 1770 1128 1801 in
1144 1768 1325 1800 honoribus
1339 1765 1506 1808 petendis,
1523 1764 1556 1795 in
1573 1766 1685 1805 potes-

985 1821 1125 1858 tatibus,
1138 1820 1170 1850 in
1185 1818 1335 1858 imperiis
1352 1815 1509 1858 gerendis
1523 1814 1571 1846 sic
1587 1822 1686 1845 accu-

984 1876 1077 1902 satus
1095 1869 1177 1901 esi?
1223 1868 1361 1908 Ulpian.
1379 1866 1485 1897 instit.
1499 1874 1525 1897 1.
1550 1864 1687 1905 ‘Popu-

986 1921 1036 1952 lus
1053 1921 1083 1952 ei
1099 1925 1134 1952 et
1155 1920 1186 1950 in
1205 1928 1281 1950 eum
1307 1926 1405 1949 omne
1431 1925 1526 1947 suum
1552 1914 1687 1955 imperi-

987 1980 1040 2001 um
1058 1975 1093 2001 et
1110 1972 1316 2010 potestatem
1333 1964 1514 1998 conferat!
1537 1965 1634 1995 Idem·

1029 2027 1039 2041 ἓ
1066 2022 1143 2051 Cum
1158 2020 1266 2060 populo
1288 2016 1396 2057 agere]
1421 2016 1482 2046 Est
1494 2021 1612 2045 vocare
1629 2023 1687 2054 po-

989 2071 1105 2111 pulum
1117 2069 1160 2100 ad
1175 2067 1350 2099 consilium
1367 2069 1424 2095 aut
1435 2064 1584 2098 comitia,
1596 2072 1687 2094 eum-

989 2131 1054 2163 que
1071 2128 1191 2159 rogare
1208 2122 1244 2148 ut
1261 2114 1429 2156 suffragiis
1444 2114 1513 2146 suis
1529 2113 1610 2155 quid
1631 2114 1688 2154 ju-

985 2172 1067 2203 beat
1085 2175 1143 2201 aut
1160 2171 1266 2199 vetet.
1295 2166 1341 2197 At
1358 2175 1437 2196 vero
1460 2165 1469 2181 ‘
1482 2174 1583 2205 agere
1600 2163 1689 2205 apud

988 2218 1169 2263 populum’
1191 2222 1243 2248 est
1270 2216 1467 2247 concionem
1496 2215 1622 2246 habere
1647 2214 1689 2245 ad

989 2270 1150 2311 populum
1183 2269 1254 2299 sine
1283 2267 1350 2298 ulla
1378 2266 1565 2307 rogatione.
1613 2265 1689 2297 Hoc

989 2320 1142 2352 omnibus
1158 2319 1278 2349 diebus
1301 2317 1374 2348 fieri
1402 2316 1540 2355 licebat,
1563 2320 1599 2348 et
1624 2325 1690 2348 non

989 2371 1187 2412 magistratu
1206 2373 1351 2406 tantum,
1369 2367 1427 2397 sed
1455 2367 1558 2397 etiam
1581 2376 1600 2397 a
1624 2366 1690 2406 pri-

991 2428 1068 2452 vato
1086 2425 1257 2453 senatore,
1274 2417 1474 2457 magistratu
1499 2416 1529 2447 ei
1555 2417 1691 2447 concio-

990 2481 1065 2503 nem
1094 2470 1208 2501 dante.
1256 2468 1344 2499 Illud
1369 2466 1530 2499 comitiali
1558 2472 1690 2496 tantum

989 2523 1057 2561 die,
1072 2531 1091 2552 a
1109 2522 1178 2552 solo
1195 2520 1295 2550 etiam
1311 2519 1519 2559 magistratu.
1543 2517 1691 2547 Messala

989 2574 1032 2604 de
1056 2571 1215 2612 auspiciis
1237 2580 1260 2600 1.
1276 2570 1285 2586 ‘
1301 2568 1335 2600 si
1353 2567 1549 2598 concionem
1567 2567 1692 2597 babere

990 2626 1118 2662 volunt,
1132 2623 1224 2653 utine
1238 2629 1314 2650 cum
1333 2619 1464 2660 populo
1479 2618 1599 2659 agant.'
1625 2617 1691 2649 Au-

990 2685 1059 2708 son.
1080 2675 1217 2714 Popma.
1242 2671 1338 2701 Idem.
