1835 2906
386 184 447 213 DE
483 179 752 211 VERBORUM
788 174 1202 207 SIGNIFICATIONE
1239 174 1333 203 Llss.
1368 173 1440 203 IX.

1556 158 1642 200 315

195 279 386 321 Imbrica
401 284 417 300 ¹¹
440 280 702 330 tempestate
723 272 918 327 pluviam
940 269 1111 310 videtur
1131 267 1390 320 significare.

196 347 450 387 Imbutumx
484 349 565 393 est,
587 342 702 396 quod
728 339 970 394 cujuspiam
991 336 1053 376 rei
1072 348 1253 376 succum
1280 334 1414 374 bibit:
1448 330 1560 372 unde
1582 331 1646 371 in-

254 415 466 463 fantibus,
502 426 558 454 au
584 411 716 452 velint
748 409 913 456 bibere,
944 404 1152 451 dicentes,
1177 413 1237 442 ssu
1260 401 1431 454 syllaba
1453 398 1645 440 contenti

255 495 423 522 sumus.

200 550 446 599 Immanis,y
468 548 599 597 ferus,
623 547 715 586 sive
735 555 930 595 magnus.

201 618 464 659 Immolarez
502 622 572 657 est
592 615 723 662 mola,
745 612 788 652 id
812 614 894 659 est,
918 608 1030 650 farre
1061 606 1232 654 molito,
1266 606 1307 644 et
1339 602 1431 643 sale
1459 600 1648 640 hostiam

258 698 539 739 perspersam
562 696 754 723 sacrare.

202 752 453 801 Immunis?
474 763 637 792 vacans
658 760 857 789 munere:
891 742 1151 798 aliquotiens
1178 752 1257 794 pro
1286 737 1488 790 improbo
1524 735 1651 789 poni-

261 825 340 869 tur,
362 825 411 860 ut
433 818 553 872 apud
577 818 809 858 Plautum:
825 812 839 835 b
861 812 1092 853 Immune4
1112 813 1177 849 est
1197 807 1385 848 facinus.

813 933 931 945 eeeeee

248 997 266 1024 4
291 994 378 1024 Vide
397 994 517 1024 Notas.

937 931 1056 943 oooooo

859 1053 886 1084 N
896 1051 998 1083 OTAE

206 1123 264 1154 lib.
284 1131 341 1153 xv.
358 1131 433 1161 cap.
447 1123 499 1151 24.
513 1124 548 1150 et
562 1120 678 1158 Festo,
692 1117 795 1148 verbo
811 1117 819 1133 ‘
836 1116 903 1146 Ob·

208 1171 350 1204 sutum!
375 1170 552 1208 AnaAug.

252 1221 394 1261 Imbrex]
418 1221 456 1252 C.
474 1220 623 1251 Licinius
641 1217 777 1249 Imbrex
795 1218 906 1248 aFes·

211 1281 244 1306 to
268 1273 461 1304 nominatur
488 1271 521 1300 in
547 1279 628 1300 voce
652 1270 661 1284 ⁴
679 1268 854 1300 Obstitnm
876 1267 908 1306 ;'

209 1322 362 1355 meminit
400 1322 501 1352 etiam
534 1320 690 1350 Gellius:
729 1320 737 1334 ‘
760 1318 906 1349 Licinius

209 1373 372 1411 Imbrex,'
387 1373 509 1413 inquit,
525 1373 640 1402 ‘vetus
658 1372 908 1402 Comoediarum

212 1425 382 1465 scriptun-‚¹
428 1424 595 1456 Quartum
621 1422 728 1452 locum
748 1421 794 1451 illi
819 1422 908 1451 inter

213 1476 357 1507 comicos
384 1474 499 1505 tribuit
517 1473 694 1503 Volcatius
722 1472 909 1512 Sigiditus:

213 1531 221 1544 ¹
236 1527 270 1557 Si
289 1527 367 1565 erit,
388 1525 475 1566 quod
499 1529 619 1565 quarto
643 1523 758 1561 detur,
775 1523 910 1553 dabitur

215 1576 371 1608 Licinio.'
417 1577 517 1615 Sunt,
535 1575 589 1615 qni
608 1574 753 1605 cundem
769 1584 807 1605 ac
824 1574 912 1604 Lici-

216 1629 306 1659 nium
334 1628 495 1667 'segnium
523 1631 657 1666 putent,
682 1635 755 1655 cum
773 1624 912 1655 Imbrex

217 1680 363 1718 tegulam
379 1676 562 1718 significet.
598 1675 666 1706 Sed
683 1674 820 1714 frustra,
837 1684 914 1705 nam

218 1729 359 1769 Tegula,
384 1727 542 1765 Publius,
565 1731 600 1756 at
624 1725 774 1766 Imbrex,
801 1725 914 1764 Caius,

219 1779 483 1819 cognominatus.
510 1778 591 1808 Dae.

262 1834 275 1848 '¹
299 1828 451 1868 Imbrl'cu]
487 1828 531 1858 Et
562 1826 736 1857 imm-icitur
759 1826 792 1856 in
818 1825 916 1857 Glos-

221 1879 310 1910 sario
326 1890 333 1909 2
358 1883 366 1896 ⁴
385 1878 593 1914 Imbricitnr,
614 1875 792 1916 ὀμβροῦται,
807 1875 918 1916 βρέχε-

220 1929 295 1961 ται.’
323 1929 389 1960 Sed
406 1929 476 1959 sine
487 1928 589 1958 dnbio
603 1926 731 1958 fallitur
744 1927 800 1957 ille
812 1927 918 1966 scrip-

222 1986 288 2020 tor,
300 1981 355 2020 qni
374 1979 461 2019 apud
481 1979 624 2009 Ennium
642 1977 834 2017 Imbricitur,
860 1986 919 2017 pro

224 2033 404 2063 Imbricz'tor
428 2032 551 2072 legerit
572 2032 603 2062 in
625 2031 690 2061 illis
708 2030 861 2061 versibus
877 2038 920 2061 ex

222 2083 346 2114 Annali
393 2082 694 2122 decimoseptimo:
743 2082 751 2098 ‘
771 2081 920 2112 Concur-

226 2142 318 2176 runt,
333 2135 438 2166 veluti
457 2135 550 2166 venti
567 2144 642 2165 cnm
659 2133 800 2174 spiritus
817 2132 923 2163 austri

227 2186 437 2225 lmbricitor,
463 2186 644 2226 aqniloque
672 2195 731 2216 suo
763 2193 838 2215 cum
865 2182 924 2214 fla-

226 2237 315 2267 mine
343 2242 461 2267 contra
487 2235 574 2265 Indn
604 2235 687 2265 mari
706 2244 826 2272 maeno
841 2233 924 2265 fluc-

228 2290 280 2316 tus
295 2287 458 2316 extollere
474 2284 633 2316 certant.’
656 2285 727 2317 JOS.
744 2285 827 2316 Scac.

273 2335 408 2365 Imbrica
425 2334 618 2374 tempestate]
642 2335 717 2366 ,lam
741 2343 833 2374 saepe
856 2343 924 2364 mo-

230 2385 376 2419 nuimus,
395 2385 528 2414 Festum
542 2385 675 2423 integra
691 2388 867 2414 auctorum
879 2385 924 2415 lo-

230 2447 271 2467 ca
299 2436 431 2466 solitum
459 2433 633 2472 exhibere,
663 2438 761 2464 ntea
784 2434 818 2464 in
845 2434 926 2473 ipsis

232 2486 425 2518 auctoribus
464 2486 601 2525 reperit.
644 2485 781 2515 Imbrica
825 2485 927 2524 igitur

232 2540 423 2577 tempestate,
446 2535 479 2565 id
505 2540 568 2573 est,
599 2535 726 2574 pluvia,
750 2535 792 2565 ab
819 2535 928 2573 imber,

233 2589 403 2621 imbricus,
436 2586 523 2616 unde
562 2585 713 2616 ‘Auster
749 2585 927 2616 imbricus’

235 2642 369 2674 Plauto,
380 2639 457 2679 qnia
471 2638 596 2668 imbres
610 2637 690 2672 ciet,
702 2637 791 2668 unde
804 2639 857 2667 et‘
871 2637 928 2667 im-

237 2690 402 2721 bricitor’
442 2688 548 2719 Ennio
576 2688 702 2717 (licitur
734 2688 844 2717 annal.
874 2687 929 2717 lib.

240 2751 326 2773 xvu.
351 2743 359 2758 ‘
381 2751 455 2771 snm
485 2739 624 2780 spiritus
652 2739 766 2770 Amisi
785 2738 930 2769 imbrim-

960 1113 1035 1145 tor.’
1059 1114 1139 1144 Dac-

1001 1170 1016 1185 x
1045 1162 1217 1202 Imbutwn]
1246 1162 1296 1192 De
1328 1168 1374 1190 Bu
1399 1156 1547 1189 effutitia
1577 1165 1658 1196 pne-

960 1226 1069 1247 rorum
1102 1214 1236 1252 vocula,
1265 1220 1368 1252 snpra
1396 1209 1554 1239 diximus.
1588 1206 1658 1236 Jos.

960 1267 1046 1297 Scae.

1007 1315 1178 1355 Imbutum]
1205 1312 1293 1343 Vide
1317 1310 1327 1327 ‘
1344 1307 1497 1341 Exbnae.'
1524 1308 1603 1338 Dac-

1005 1372 1018 1394 y
1042 1364 1207 1403 Immanis]
1233 1362 1378 1402 Proprie
1397 1360 1488 1391 ferus
1508 1368 1526 1388 a
1552 1357 1662 1397 priva-

964 1417 1033 1448 tiva
1050 1416 1227 1456 particula,
1244 1419 1277 1444 et
1289 1420 1397 1442 manus
1409 1411 1479 1440 sive
1494 1407 1593 1438 manis
1605 1407 1659 1441 bQ-

965 1478 1039 1499 nns.
1087 1467 1181 1506 Virg.
1215 1464 1495 1501 ‘immanemque
1531 1456 1663 1488 rotam.'

964 1518 1032 1549 Sed
1050 1517 1193 1546 sumitur
1209 1515 1309 1545 etiam
1329 1521 1388 1552 pro
1405 1519 1536 1549 magno.
1569 1508 1666 1543 Virg.

966 1570 975 1586 ‘
990 1568 1149 1599 Immanis
1166 1563 1313 1603 Triton,'
1341 1565 1349 1580 ‘
1364 1561 1521 1592 immania
1536 1568 1667 1590 armen-

968 1618 1025 1650 ta.'
1073 1619 1129 1649 Sic
1147 1625 1261 1654 soevus,
1277 1614 1333 1656 qui
1352 1612 1486 1653 proprie
1505 1608 1668 1645 crudelis,

968 1679 1028 1711 pro
1038 1677 1158 1708 magno
1169 1667 1314 1697 Veteres
1329 1665 1546 1702 usurparunt.
1571 1658 1667 1698 Virg.

969 1722 1107 1752 ‘Saevus
1147 1715 1302 1749 AEneas:'
1337 1715 1475 1745 ‘Saevns
1512 1707 1667 1741 Hector.'

972 1773 1126 1804 Ennius:
1169 1768 1316 1799 ‘induta
1344 1764 1410 1796 fuit
1440 1772 1531 1793 saeva
1555 1759 1667 1792 stola:

972 1824 1070 1854 Idem.

1015 1878 1028 1892 ⁷-
1058 1867 1239 1908 Immolare]
1266 1865 1360 1897 Mola
1383 1868 1436 1894 est
1465 1862 1518 1894 far
1544 1866 1667 1892 tostum

973 1925 1039 1955 sale
1064 1931 1227 1964 sparsum,
1252 1917 1341 1960 qnod
1365 1915 1548 1947 hostiarum
1567 1912 1671 1944 fronti

972 1978 1060 2008 inter
1075 1983 1201 2006 cornua
1218 1969 1468 2011 imponebatur,
1484 1964 1573 2006 quod
1596 1973 1671 2004 pro-

975 2027 1047 2069 prie
1062 2025 1231 2057 immolare.
1276 2020 1365 2050 Vide
1389 2023 1397 2036 ‘
1417 2015 1527 2048 mola?
1552 2016 1650 2046 Idem.

1017 2083 1032 2098 ²²
1055 2072 1221 2112 Immum's]
1240 2072 1350 2102 Plaut.
1369 2069 1400 2098 in
1418 2068 1505 2108 prin.
1522 2066 1675 2096 Trinum-

976 2129 1042 2160 mi:
1069 2126 1233 2156 ‘amicum
1261 2121 1426 2160 castigare
1451 2119 1494 2148 ob
1517 2117 1673 2147 meritam

979 2178 1114 2210 noxiam
1148 2175 1301 2205 Immane
1339 2175 1391 2201 est
1427 2166 1582 2199 facinus!
1634 2166 1674 2197 In

981 2228 1099 2261 Plauti
1125 2226 1220 2257 libris
1251 2222 1353 2254 editis
1377 2225 1413 2251 et
1445 2217 1636 2255 Ciceronis,
1658 2227 1677 2247 a

982 2290 1048 2321 quo
1063 2279 1097 2309 hi
1113 2285 1227 2307 versus
1246 2272 1443 2303 referuntur
1456 2270 1514 2300 lib.
1527 2277 1550 2299 1·
1567 2268 1608 2299 de
1620 2268 1676 2299 In-

979 2334 1073 2361 vent.
1120 2328 1258 2357 Immune
1274 2323 1439 2362 scriptum
1453 2325 1516 2358 est,
1533 2329 1599 2350 non
1614 2319 1678 2349 Im-

980 2390 1088 2412 mune:
1115 2378 1173 2408 sed
1193 2377 1314 2407 Festus
1332 2375 1465 2403 immune
1481 2373 1624 2410 legerat,
1643 2375 1678 2401 ut

982 2442 1022 2463 ex
1036 2432 1097 2461 boe
1112 2430 1187 2458 loeo
1205 2429 1358 2466 apparet.
1386 2422 1573 2452 Vaticanus
1591 2421 1677 2451 liber

981 2481 1084 2512 habet
1111 2479 1261 2510 immoene,
1285 2472 1373 2515 quod
1401 2473 1488 2503 idem
1505 2476 1570 2507 est,
1588 2471 1675 2511 quod

982 2532 1134 2562 immune:
1159 2536 1236 2557 nam
1260 2530 1296 2556 et
1322 2523 1402 2554 alibi
1428 2523 1510 2553 dicit
1534 2522 1566 2551 in
1592 2522 1679 2551 Bae-

984 2581 1108 2613 cbidib.
1133 2580 1141 2595 ‘
1157 2578 1360 2616 Pergamum
1378 2573 1492 2604 divina
1505 2572 1679 2603 moenitnm

986 2630 1109 2663 manu.’
1133 2629 1209 2660 Ant.
1226 2627 1311 2665 Aug.

1030 2678 1196 2718 Immanis]
1220 2678 1355 2708 vacans
1373 2684 1524 2710 munere,
1541 2673 1595 2713 qni
1616 2682 1680 2702 non

986 2735 1070 2765 facit
1088 2739 1212 2762 numus⁵
1241 2729 1336 2767 Virg.
1363 2725 1614 2764 ‘immunisque
1633 2734 1682 2753 scu
