1835 2906
373 151 432 180 DE
466 150 739 180 VERBORUM
773 147 1184 178 SIGNIFICA'I'IONE
1223 150 1316 178 [11¹2.
1350 150 1441 178 XII.
1538 140 1621 181 469

229 247 387 288 dictus.
465 245 634 286 Ennius
675 245 786 286 libro
829 249 978 284 sexto:
1034 242 1193 284 Navus
1245 254 1442 298 repertus
1483 245 1615 286 homo

229 314 368 355 Graio
409 317 531 367 patre
571 313 734 355 Graius
768 312 896 353 homo
924 323 1018 359 reX,
1051 315 1095 350 et
1133 310 1244 352 libro
1287 312 1622 354 sextodecimo:

232 383 457 423 Navorum
479 382 708 434 imperium
731 394 902 422 servare
924 383 990 421 est
1008 380 1373 432 insuperantum.2
1433 381 1621 422 Plautus

228 452 274 490 in
298 450 564 491 Frivolaria:
599 449 726 490 Nave
755 462 884 501 agere
909 451 1096 501 oportet,
1120 448 1239 501 quod
1263 460 1385 500 agas,
1407 462 1493 490 non
1516 450 1623 491 duc-

229 517 372 558 tarier.

173 585 346 634 Navus,
381 585 509 634 celer,
544 598 596 626 ac
633 588 869 624 strenuus:
912 595 940 623 a
972 583 1152 623 navium
1183 581 1415 623 velocitate
1446 583 1624 632 [PAUL.

231 653 390 694 dictus.

174 720 384 761 NEBULO
403 726 414 742 Ξ
454 721 598 761 dictus
629 724 710 768 est,
730 722 776 760 ut
806 719 869 759 ait
890 719 1037 760 AElius
1062 718 1193 768 Stilo,
1216 719 1292 771 qui
1323 732 1411 759 non
1457 718 1623 772 [Fsssr.

229 789 368 841 pluris
410 795 478 829 est
522 801 654 842 quam
694 787 869 835 nebula,
902 795 979 827 aut
1013 787 1089 840 qui
1136 799 1224 826 non
1274 785 1403 827 facile
1434 787 1625 840 perspici

231 857 390 909 possit,
413 857 559 910 qualis
581 856 638 896 sit
657 868 858 909 nequam,
880 859 1078 907 nugator.

174 924 272 965 Nec
295 924 673 978 conjunctionemt
703 923 976 977 grammatici
1008 922 1095 963 fere
1118 922 1268 963 dicunt
1303 934 1401 963 esse
1434 921 1627 975 disjunc-

232 993 386 1042 tivam,
406 997 456 1032 ut
473 991 571 1032 Nec
593 991 717 1044 legit,
738 1003 818 1031 nec
842 990 1019 1041 scribit3
1043 1003 1140 1031 cum
1161 990 1198 1030 si
1221 989 1470 1042 diligentius
1493 991 1627 1043 inspi-

231 1059 391 1109 ciatur,
413 1065 462 1100 ut
482 1060 587 1101 fecit
609 1059 786 1100 Sinnius
810 1057 983 1111 Capito,
1006 1057 1187 1109 intelligi
1215 1058 1356 1110 possit
1378 1070 1476 1097 eam
1511 1058 1631 1110 posi-

232 1132 322 1167 tam
343 1140 442 1167 esse
465 1128 520 1167 ab
537 1117 826 1180 antiquis'pro
841 1139 949 1165 uon:
982 1131 1032 1165 ut
1049 1130 1090 1165 et
1111 1126 1155 1165 in
1174 1125 1411 1165 duodecim
1433 1130 1517 1171 est,
1536 1135 1627 1164 AS'r

235 1206 281 1234 El
307 1205 488 1235 cus'ros
513 1206 608 1235 NEC
635 1198 773 1234 EsiT.³
807 1193 952 1233 Item:
975 1203 1016 1231 SI
1041 1201 1244 1232 ADoRAT
1269 1197 1467 1240 FUst'ro,¹¹
1492 1202 1625 1239 QUOD

234 1273 328 1302 NEC
364 1272 694 1303 MANIFEs'rUM
741 1271 875 1301 ESIT:
922 1266 967 1300 et
1006 1260 1124 1313 apud
1156 1259 1363 1300 Plautum
1400 1259 1446 1299 in
1487 1258 1629 1298 Phas-

232 1332 349 1369 mate
369 1334 397 1367 :x
429 1328 526 1370 Nec
549 1334 663 1370 recte
685 1330 722 1369 si
753 1329 815 1368 illi
840 1328 1005 1368 dixeris
1024 1341 1035 1367 :
1067 1332 1109 1368 et
1129 1322 1384 1380 Turpilium
1404 1327 1445 1367 in
1465 1326 1628 1367 Deme-

232 1397 344 1437 trio:
379 1397 479 1438 Nec
503 1402 622 1438 recte
645 1397 735 1438 dici
757 1395 864 1436 mihi
888 1395 1007 1449 quod
1023 1395 1283 1448 jamdudum
1306 1394 1454 1435 audio.

783 1517 1019 1528 eeeeeeeeeeee

219 1608 238 1635 2
261 1604 348 1635 Vide
364 1605 548 1635 Notas.-3
575 1606 653 1635 Vet.
670 1605 744 1636 cod.
761 1606 867 1639 nescit.
893 1606 980 1636 Vide
998 1605 1093 1636 iufra.

831 1725 973 1756 NOTAE

220 1804 231 1818 ⁵
254 1799 390 1840 Nebula]
431 1800 439 1815 ‘
457 1799 603 1838 Nebulo,
639 1799 776 1840 μάλθων,
801 1802 817 1830 ὁ
838 1802 879 1832 τὰ

175 1851 237 1881 ’ἴδια
274 1849 373 1890 λάθρα
402 1852 604 1890 καταφαγὼν,
628 1850 751 1891 εἰκαῖος,
780 1851 879 1893 λάθρα

177 1900 321 1931 amaros?
345 1901 566 1932 Glossarium.
590 1903 659 1933 Jos.
682 1903 764 1934 Scul-

222 1953 359 1992 Nebulo]
393 1957 400 1969 ‘
418 1952 563 1992 Nebuto,
593 1955 646 1985 vel
677 1954 796 1989 inanis,
824 1954 877 1985 vel

177 2014 282 2034 vanus
300 2011 356 2034 aut
375 2004 492 2040 mollis,
511 2010 546 2034 ut
564 2010 614 2035 est
634 2005 779 2036 nebula.'
807 2007 876 2036 Do-

177 2060 248 2085 nat.
286 2055 331 2095 Et
348 2055 483 2085 Horatii
514 2055 704 2095 interpres:
739 2055 878 2087 ‘Nebu-

175 2105 283 2144 lones,
300 2105 379 2134 vani
394 2111 426 2134 et
441 2105 531 2135 leves
544 2112 579 2136 ut
595 2106 743 2137 nebula!
765 2107 876 2138 Gloss.

178 2155 187 2171 ‘
206 2155 351 2190 Nebulo,
370 2156 385 2184 ὁ
402 2155 443 2185 τὰ
466 2156 528 2186 ἴδια
553 2155 652 2197 λάθρα
674 2158 876 2197 καταφαγὼν,

179 2207 305 2246 εἰκαῖος,
320 2206 419 2248 λάθρα
439 2207 580 2247 ἄσωτος,’
597 2210 628 2239 id
648 2216 712 2248 est,
728 2212 736 2226 ‘
755 2210 876 2251 mollis,

181 2259 270 2288 bona
286 2268 345 2288 sua
358 2259 443 2288 clam
461 2259 664 2300 dilapidans,
691 2270 806 2299 vanus,
824 2270 880 2290 ne-

181 2307 303 2349 quam!
328 2308 410 2338 Dav.

224 2362 233 2379 ῑ
258 2360 324 2390 Nec
338 2359 591 2399 conjunctionem]
614 2359 653 2389 Iu
671 2361 782 2392 verbis
797 2361 879 2392 duo-

182 2411 292 2441 decim
319 2409 508 2439 tabularum
528 2410 664 2440 relatis:
691 2411 752 2442 Ast
771 2412 798 2442 ei
814 2422 879 2442 cus-

182 2466 227 2492 tos
243 2461 374 2491 necescit
391 2470 399 2490 .·
424 2460 509 2497 item,
536 2461 563 2489 si
584 2461 694 2491 adorat
707 2461 811 2502 furto,
827 2463 878 2500 8)·0.

181 2512 358 2543 crederem
391 2511 494 2541 scribi
520 2518 690 2550 oportere,
719 2522 773 2543 ηερ
797 2514 880 2549 esit;

182 2569 216 2594 et
234 2563 373 2593 verbum
389 2563 497 2592 adorat
514 2561 707 2602 siguificare
724 2567 796 2601 agat
812 2574 822 2599 ;
847 2569 884 2593 ut

182 2613 273 2644 idem
287 2613 405 2643 Festus
422 2613 539 2643 scribit
559 2614 659 2643 verbo
684 2615 692 2630 ⁴
707 2613 885 2645 Adorare!

184 2666 291 2695 Varro
308 2664 365 2695 lib.
391 2673 469 2694 vui.
494 2663 536 2694 de
562 2664 658 2703 Ling.
685 2664 760 2694 Lat.
784 2664 883 2695 ‘Sum

183 2716 272 2757 quod
291 2725 377 2746 nuuc
392 2714 528 2750 dicitur,
541 2714 718 2746 dicebatur
731 2724 836 2755 esum,
851 2720 886 2746 et

933 1803 966 1832 in
984 1801 1139 1832 omnibus
1163 1798 1316 1840 personis
1333 1795 1525 1833 constabat,
1541 1794 1631 1834 qnod

933 1852 1110 1883 dicebatur
1126 1860 1232 1887 esum,
1248 1859 1296 1885 ες,
1320 1853 1395 1879 est:
1419 1856 1523 1880 eram,
1548 1856 1635 1879 eras,

933 1907 1027 1933 erat:
1053 1911 1122 1936 ero,
1138 1901 1217 1938 eris,
1230 1898 1319 1930 erit.’
1365 1898 1428 1928 Vel
1453 1897 1513 1927 esic
1535 1896 1635 1933 signi-

932 1953 1013 1984 fleat
1043 1952 1116 1991 erit,
1146 1952 1198 1981 vel
1226 1950 1289 1980 sit:
1327 1955 1362 1979 et
1395 1954 1538 1988 utroque
1555 1957 1636 1977 casu

934 2006 1070 2036 videtur
1100 2004 1219 2034 deesse
1249 2002 1287 2032 si.
1334 2001 1395 2031 Ast
1421 2001 1449 2030 sz·
1478 2001 1506 2029 ei
1536 2002 1637 2029 custos

933 2066 987 2087 nec
1003 2056 1074 2086 esit.
1118 2053 1184 2084 Sed
1212 2052 1302 2082 Escz't
1318 2059 1452 2091 quoque
1467 2048 1637 2089 siguificat

933 2108 993 2138 erit
1005 2119 1014 2137 .·
1033 2112 1068 2137 ut
1085 2107 1117 2136 in
1133 2105 1231 2135 litera
1244 2105 1282 2142 E,
1294 2102 1528 2142 etSuperescit.
1557 2100 1636 2132 Ant.

933 2159 1019 2199 Aug.

980 2208 1063 2248 Nec]
1102 2208 1142 2239 In
1171 2206 1280 2237 verbis
1306 2206 1389 2243 tegis
1414 2206 1464 2235 12.
1510 2203 1638 2233 Turne-

937 2260 997 2290 bus
1022 2258 1204 2298 legendum
1236 2261 1378 2286 censet:
1413 2263 1518 2284 carcer
1541 2256 1640 2283 custos

935 2321 989 2341 nec
1020 2311 1090 2348 esic,
1115 2318 1190 2349 pro,
1210 2308 1280 2342 xAst
1305 2306 1333 2336 ei
1357 2309 1458 2336 custos
1483 2313 1537 2334 nec
1566 2303 1637 2334 esic.

937 2361 1036 2393 Quod
1055 2359 1135 2400 quid
1161 2358 1216 2391 sit,
1245 2366 1307 2396 ego
1337 2356 1435 2396 plane
1460 2364 1526 2385 nou
1551 2364 1640 2384 asse-

937 2421 1031 2452 quor.
1052 2412 1121 2440 Jos.
1138 2409 1222 2439 Scal.

982 2460 1066 2499 Nec]
1104 2459 1172 2489 Pro
1197 2467 1278 2487 non:
1325 2456 1357 2485 in
1386 2455 1450 2494 leg.
1483 2457 1537 2485 12.
1567 2454 1639 2485 tab.

938 2518 945 2530 ‘
959 2513 1014 2542 Sei
1031 2510 1175 2541 furiosus
1194 2508 1319 2542 existit,
1334 2513 1385 2537 ast
1399 2507 1429 2537 ei
1445 2512 1558 2538 custos
1576 2516 1638 2537 net:

939 2562 1028 2594 esit.'
1053 2562 1124 2591 Esit
1142 2570 1201 2600 pro
1218 2559 1289 2589 erit.
1319 2557 1403 2588 Dae.

984 2619 996 2633 ⁸¹
1021 2614 1058 2644 Si
1073 2613 1183 2643 adorat
1202 2607 1312 2648 furto]
1336 2608 1422 2638 Vide
1451 2608 1460 2625 ‘
1479 2607 1645 2639 adorare.’

941 2666 1042 2696 Idem..

984 2719 997 2734 Χ
1014 2714 1108 2754 Apud
1126 2713 1273 2743 Plautum
1286 2710 1318 2740 in
1336 2708 1518 2749 Phasmate]
1537 2708 1641 2740 Phas-
