1835 2906
202 84 286 126 516

649 89 798 122 SEX'rl
832 87 1033 120 POMPEH
1070 85 1210 117 FESTI

260 190 373 231 cium
395 185 589 235 fecerint,
612 184 826 235 dieimus;
858 181 979 237 quod
1015 181 1061 222 id
1098 181 1231 231 clare,
1262 182 1305 221 et
1340 191 1440 221 cum
1462 179 1656 233 quodam

261 269 422 299 canore
443 255 508 304 fit,
539 258 589 295 ut
620 253 774 308 procul
805 250 1005 293 exaudiri
1037 249 1207 303 possit:
1239 248 1359 302 quod
1378 252 1505 301 turpe
1524 248 1659 288 habe-

260 331 346 373 tur,
377 323 485 377 quia
518 334 607 362 non
636 321 729 362 sine
755 332 890 361 causa
914 318 1005 358 fieri
1026 321 1237 371 putatur:
1269 315 1371 357 inde
1393 315 1659 356 cantilenam

260 389 386 442 dici,d
417 390 522 445 quia
543 390 661 431 illam
683 401 769 429 non
791 390 946 427 cantus
964 383 1290 440 jucunditatem
1308 387 1427 436 puto.

207 460 479 503 Occidamus
501 458 688 499 Plautus
711 454 837 509 ponit
856 466 938 507 pro
960 457 1115 494 contra
1143 451 1371 500 cedamus,
1405 463 1506 492 cum
1526 448 1661 503 pluri-

262 542 347 570 mae
368 528 468 568 aliae
490 524 830 580 praepositiones
850 521 1159 562 familiariores
1179 519 1280 560 huic
1302 519 1436 560 verbo
1459 519 1562 559 sint.

208 595 478 638 Occidamus
501 592 690 633 Plautus
715 589 892 643 posuite
923 601 1004 642 pro
1027 592 1178 630 contra
1199 587 1424 628 cedamus.

210 658 546 711 Occisitantur‚f
577 671 699 711 saepe
721 657 989 698 occiduntur.

1484 586 1667 641 [PAUL.

1497 654 1665 708 [Pusam

209 732 521 778 occisitantur,
553 740 675 780 saepe
708 726 993 767 occiduntur:
1023 725 1087 766 sic
1116 724 1166 766 C.
1195 723 1425 765 Gracchus
1485 722 1664 773 [PAUL-

265 812 345 854 pro
367 797 520 839 rostris
550 797 592 836 in
623 795 676 836 P.
698 794 927 848 Popilium
945 808 953 835 :
988 793 1209 835 Homines
1229 791 1358 832 liberi
1379 803 1493 832 nunc
1516 790 1561 831 in
1583 804 1665 845 op-

264 866 370 921 pido
394 864 697 906 occisitantur.

868 1018 1014 1050 NOTAE

257 1130 488 1170 Occentassint]
512 1138 640 1173 sionis.
664 1137 827 1161 cARMEN.
852 1137 913 1160 oc-

211 1191 415 1213 CENTASSH.
451 1189 564 1214 QUOD.
588 1188 757 1211 ALTEREI.
789 1187 912 1210 FLAGt-

211 1241 319 1264 Tium.
337 1241 451 1264 mers.
469 1240 635 1263 CAP1TAL.
662 1239 757 1262 ESTO.
803 1230 913 1268 Flagi-

212 1285 292 1315 tium
309 1285 396 1325 apud
415 1285 562 1315 Veteres
586 1282 804 1323 significabat
829 1280 915 1311 infa-

212 1335 326 1365 miam.
386 1335 508 1375 Itaque
548 1334 712 1364 Plautus:
751 1333 760 1349 ‘
785 1332 915 1372 majore

213 1395 288 1415 eum
307 1383 437 1424 flagitio
454 1384 578 1415 reddes
597 1389 715 1424 postea
730 1382 749 1413 :'
773 1383 835 1413 lioc
853 1387 918 1421 est,

214 1448 290 1468 cum
308 1436 464 1468 infamia:
484 1442 519 1467 et
535 1437 640 1467 Cato:
664 1436 672 1452 ‘
689 1433 917 1466 intercutibus

214 1489 343 1528 stupris
361 1487 534 1528 flagitatus
551 1486 569 1517 :'
589 1487 650 1517 hoc
667 1491 730 1523 est,
748 1485 918 1516 intestinis

214 1539 349 1580 probris
373 1537 568 1575 infamatus,
597 1537 685 1567 unde
709 1536 920 1575 Flagitacores

215 1589 300 1620 dicti
318 1593 437 1629 postea
456 1589 683 1625 faeneratores,
701 1587 788 1627 quod
807 1586 919 1617 convi-

216 1640 269 1671 cio
295 1643 455 1679 repetant
482 1637 603 1669 foenue.
652 1638 741 1668 Nam
764 1636 841 1667 odio
858 1635 918 1666 fm-

216 1695 410 1721 neratorum
430 1690 501 1719 liaec
519 1689 551 1719 in
569 1689 641 1719 illos
655 1687 843 1728 appellatio
860 1687 919 1718 ob-

218 1741 332 1780 tinuit,
345 1749 420 1770 cum
435 1739 581 1780 alioquin
598 1740 673 1778 lege
689 1742 738 1769 12.
751 1737 919 1778 flagitare,

216 1791 280 1821 hoc
307 1796 371 1829 est,
395 1790 557 1821 conviciis
582 1789 724 1829 alicujus
747 1788 919 1819 existima-

217 1842 344 1872 tionem
361 1840 499 1878 laedere,
515 1840 640 1880 capital
659 1844 760 1869 esset.
797 1839 919 1879 Itaque

218 1897 313 1923 recte
348 1892 468 1922 Festus
499 1891 559 1930 ait,
591 1890 625 1921 id
659 1895 760 1930 turpe
791 1889 921 1928 baberi,

218 1944 297 1986 quia
314 1953 378 1987 non
396 1944 466 1973 sine
482 1953 583 1974 causa
600 1941 672 1972 fieri
691 1946 847 1982 putetur:
868 1941 921 1971 vix

218 1995 306 2026 enim
325 1994 501 2036 qnisquam
522 2004 562 2024 eo
587 1993 738 2024 audaciae
758 1992 920 2032 provehe-

219 2051 326 2085 retur,
344 2050 381 2076 ut
397 2045 539 2085 alicujus
558 2044 682 2075 famam
698 2048 846 2084 peteret,
860 2042 923 2073 nisi

212 2097 405 2137 justissima
442 2105 544 2127 causa
581 2095 746 2126 subesset.
808 2095 924 2127 Quare

218 2151 376 2179 occentarc
393 2157 457 2178 non
477 2146 616 2182 licebat,
629 2155 704 2177 cum
721 2145 840 2186 aliquis
855 2154 924 2175 rem

219 2208 313 2229 suam
330 2198 522 2239 repetebat.
570 2197 646 2227 Hoc
670 2196 760 2227 enim
786 2195 923 2235 proprie

221 2249 399 2280 dicebatur
433 2248 613 2287 Flagitare:
643 2245 733 2286 quod
759 2245 860 2282 idem,
888 2250 924 2275 ut

222 2305 319 2339 puto,
341 2301 394 2330 lex
423 2299 575 2337 vocabat,
598 2298 605 2313 ‘
625 2297 740 2338 pipulo
757 2295 924 2336 poscere?

223 2350 366 2381 Plautus
399 2349 593 2381 Aulularia:
634 2349 642 2365 ‘
664 2348 719 2378 [ta
754 2356 806 2377 me
838 2346 925 2377 bene

223 2406 314 2432 amet
342 2402 506 2441 Laverna,
525 2401 597 2441 jam
625 2399 688 2430 nisi
714 2397 809 2429 reddi
838 2398 926 2428 Mihi

225 2461 303 2481 vasa
329 2452 442 2491 jubes,
474 2452 590 2492 pipulo
621 2451 674 2481 iiic
706 2448 859 2480 differam
892 2453 925 2479 te

226 2506 304 2531 aute
323 2502 427 2532 aedis!
462 2502 525 2532 Cn.
544 2501 688 2532 Mattius
707 2500 739 2530 in
756 2499 927 2530 Mimiam-

227 2552 293 2582 bis:
320 2553 329 2568 ‘
350 2553 441 2582 Dein
459 2553 592 2583 cocenti
618 2561 697 2582 vasa
720 2555 844 2581 cuncta
868 2549 925 2580 de-

219 2603 343 2642 jectar.
392 2604 591 2643 Nequamve
608 2603 810 2633 scitamenta
829 2601 926 2641 pipu-

228 2655 258 2684 lo
277 2654 408 2694 poscit)
455 2654 552 2685 Quod
572 2654 714 2685 Plautus
742 2653 825 2683 dicit
850 2653 857 2668 ‘
879 2653 926 2692 pi-

970 1128 1050 1167 pulo
1082 1125 1220 1158 differre
1255 1130 1335 1157 ante
1372 1123 1489 1166 aedes,’
1517 1123 1606 1156 idem
1635 1123 1670 1155 in

970 1177 1079 1208 Persa
1093 1177 1179 1208 dixit
1196 1178 1204 1193 ‘
1219 1180 1403 1207 occentare
1418 1173 1566 1206 ostium)
1604 1174 1668 1205 Isi-

970 1228 1072 1259 dorus
1094 1228 1126 1258 in
1145 1226 1296 1258 Glossis:
1320 1227 1329 1243 ‘
1350 1225 1488 1266 Pipulo,
1504 1224 1672 1264 convicio,

972 1277 1132 1320 ploratu.’
1178 1279 1357 1309 Postrema
1380 1286 1455 1317 qnae
1478 1276 1532 1307 hic
1555 1276 1672 1315 legun-

972 1338 1039 1370 tur,
1053 1335 1132 1360 sunt
1149 1329 1267 1360 addita
1281 1337 1323 1359 ex
1340 1327 1526 1358 corollariis
1541 1325 1673 1357 Abbre-

972 1381 1132 1411 viatoris:
1157 1388 1269 1420 neque
1296 1383 1361 1417 est,
1383 1377 1473 1419 quod
1498 1377 1587 1408 docti
1608 1377 1674 1407 viri

972 1431 1005 1461 in
1045 1430 1108 1461 illis
1145 1428 1366 1460 emendandis
1402 1432 1566 1458 aestueut:
1610 1426 1675 1458 nisi

974 1482 1116 1512 Paulum
1146 1480 1268 1511 Latine
1294 1478 1384 1520 loqui
1412 1482 1548 1519 putant.
1596 1477 1675 1509 Non

974 1537 1026 1563 est
1064 1536 1176 1563 autem
1212 1529 1437 1561 omittendum
1469 1528 1550 1559 illud
1585 1528 1676 1569 apud

975 1583 1136 1621 Plinium,
1152 1592 1194 1612 ex
1213 1585 1262 1612 12.
1281 1589 1409 1614 sionis.
1426 1588 1571 1611 MALUM.
1589 1588 1677 1611 CAR-

977 1642 1068 1665 ΜΕΝ.
1099 1640 1350 1670 ικοΛΝΤΑεςιτ,
1379 1640 1444 1661 non
1475 1640 1549 1661 esse
1584 1630 1676 1661 idem

975 1695 1051 1716 cum
1069 1685 1130 1715 hoc
1148 1684 1276 1724 capite,
1290 1682 1376 1724 qnod
1397 1687 1597 1713 tractamus:
1616 1680 1676 1711 sed

976 1736 1075 1775 longe
1094 1735 1204 1766 aliud:
1229 1734 1380 1775 loquitur
1396 1733 1485 1763 enini
1502 1731 1544 1763 de
1561 1733 1677 1763 incan-

977 1787 1158 1826 tatoribuS,
1176 1786 1217 1817 (le
1234 1785 1354 1826 quibus
1369 1784 1521 1824 suspicor
1539 1783 1678 1814 Festum

977 1844 1140 1870 tractasse
1158 1838 1189 1869 iu
1208 1837 1355 1878 reliquiis
1370 1836 1445 1875 inis,
1458 1845 1531 1876 quae
1547 1835 1677 1866 ultimae

976 1895 1054 1922 sunt
1073 1891 1104 1920 in
1124 1890 1221 1920 litera
1239 1889 1280 1919 P.
1304 1889 1374 1919 Jos.
1391 1887 1475 1918 Scal.

1019 1941 1033 1961 ὓ
1057 1941 1136 1972 Inde
1161 1941 1348 1971 cantilenam
1367 1937 1445 1978 dici]
1474 1938 1545 1969 Ista
1568 1936 1681 1978 rejicit

976 1992 1127 2032 Scaliger
1144 1991 1240 2032 quasi
1258 1990 1299 2021 ab
1321 1989 1561 2020 abbreviatore
1585 1986 1682 2018 addi-

981 2049 1025 2074 ta.
1073 2043 1151 2074 Non
1175 2041 1262 2072 male
1287 2045 1400 2072 tamen
1425 2037 1593 2070 Antonius
1612 2036 1680 2067 Au-

979 2093 1147 2133 gusdnus,
1174 2091 1231 2133 qui
1260 2090 1412 2130 legebat:
1439 2089 1516 2119 Inde
1543 2087 1682 2118 Cantile-

979 2155 1049 2176 nam
1073 2144 1135 2175 dici
1157 2143 1322 2183 querelam,
1337 2151 1397 2172 non
1411 2144 1520 2172 cantus
1534 2139 1683 2179 jucundi-

978 2198 1074 2226 tatem
1094 2197 1179 2234 puto.
1204 2193 1289 2223 Dae.

1021 2250 1035 2265 Θ
1063 2244 1247 2275 Occidunms
1270 2243 1403 2273 Plautus
1426 2241 1545 2282 posuit]
1567 2239 1684 2271 Plauti

980 2296 1105 2333 locum,
1135 2294 1267 2334 opinor,
1291 2292 1453 2331 intelligit
1480 2290 1643 2322 Pseudol.
1660 2298 1685 2320 ι.

981 2349 1012 2377 3.
1037 2346 1094 2376 ubi
1119 2345 1204 2375 male
1229 2344 1345 2375 liodie:
1370 2344 1379 2359 ‘
1398 2342 1428 2378 1,
1444 2350 1562 2383 puere,
1586 2348 1686 2371 acce-

981 2397 1099 2428 damus
1117 2397 1180 2426 hac
1197 2393 1355 2426 obviam?
1403 2390 1683 2428 Rescribendum,

982 2448 1165 2486 occidamus,
1180 2447 1236 2477 Ῐιασ
1251 2445 1382 2481 obviam,
1400 2452 1466 2474 non
1490 2450 1569 2472 vero
1594 2439 1686 2480 apud

982 2499 1122 2529 Festum
1147 2497 1335 2529 accedamus,
1367 2499 1403 2525 ut
1428 2492 1612 2524 Guillelmo
1635 2491 1684 2521 vi-

982 2558 1053 2579 sum
1071 2552 1135 2578 est.
1160 2547 1255 2577 Idem.

1024 2598 1033 2619 f
1057 2596 1285 2636 Occisimntur]
1310 2596 1357 2626 Ut
1375 2604 1393 2625 a
1421 2594 1429 2610 ‘
1446 2592 1567 2626 trudo:
1588 2592 1596 2608 ‘
1613 2596 1686 2622 tru-

981 2649 1072 2691 sito‚’
1095 2651 1143 2681 sie
1161 2648 1201 2679 ab
1231 2650 1239 2663 ⁶
1255 2645 1395 2684 occido‚‘
1418 2646 1426 2661 ‘
1446 2642 1608 2675 occiano!
1634 2642 1684 2673 Id.
