<?xml version="1.0" encoding="UTF-8"?>
<!DOCTYPE html PUBLIC "-//W3C//DTD XHTML 1.0 Transitional//EN"
    "http://www.w3.org/TR/xhtml1/DTD/xhtml1-transitional.dtd">
<html xmlns="http://www.w3.org/1999/xhtml" xml:lang="en" lang="en">
 <head>
  <title>
</title>
<meta http-equiv="Content-Type" content="text/html;charset=utf-8" />
  <meta name='ocr-system' content='tesseract 3.04.00' />
  <meta name='ocr-capabilities' content='ocr_page ocr_carea ocr_par ocr_line ocrx_word'/>
</head>
<body>
  <div class='ocr_page' id='page_1' title='image "./mverriiflacciqua01verruoft_0214.png"; bbox 0 0 1835 2906; ppageno 0'>
   <div class='ocr_carea' id='block_1_1' title="bbox 184 125 271 166">
    <p class='ocr_par' dir='ltr' id='par_1_1' title="bbox 184 125 271 166">
     <span class='ocr_line' id='line_1_1' title="bbox 184 125 271 166; baseline 0 -1"><span class='ocrx_word' id='word_1_1' title='bbox 184 125 271 166; x_wconf 77' lang='lat'><strong>204</strong></span> 
     </span>
    </p>
   </div>
   <div class='ocr_carea' id='block_1_2' title="bbox 629 130 1188 162">
    <p class='ocr_par' dir='ltr' id='par_1_2' title="bbox 629 130 1188 162">
     <span class='ocr_line' id='line_1_2' title="bbox 629 130 1188 162; baseline -0.005 0"><span class='ocrx_word' id='word_1_2' title='bbox 629 132 777 162; x_wconf 80' lang='lat' dir='ltr'>SEXTI</span> <span class='ocrx_word' id='word_1_3' title='bbox 814 131 1015 161; x_wconf 73' lang='lat' dir='ltr'>POMPEI!</span> <span class='ocrx_word' id='word_1_4' title='bbox 1051 130 1188 160; x_wconf 80' lang='lat' dir='ltr'>FESTI</span> 
     </span>
    </p>
   </div>
   <div class='ocr_carea' id='block_1_3' title="bbox 244 222 1625 281">
    <p class='ocr_par' dir='ltr' id='par_1_3' title="bbox 244 222 1625 281">
     <span class='ocr_line' id='line_1_3' title="bbox 244 222 1625 281; baseline -0.005 -10"><span class='ocrx_word' id='word_1_5' title='bbox 244 235 342 280; x_wconf 80' lang='lat' dir='ltr'><strong>sae‚¹¹</strong></span> <span class='ocrx_word' id='word_1_6' title='bbox 368 228 412 268; x_wconf 88' lang='lat' dir='ltr'><strong>in</strong></span> <span class='ocrx_word' id='word_1_7' title='bbox 433 227 593 281; x_wconf 88' lang='lat' dir='ltr'><strong>quibus</strong></span> <span class='ocrx_word' id='word_1_8' title='bbox 619 226 925 268; x_wconf 82' lang='lat' dir='ltr'><strong>immolabatur</strong></span> <span class='ocrx_word' id='word_1_9' title='bbox 953 224 1134 275; x_wconf 88' lang='lat' dir='ltr'><strong>Junoni‚</strong></span> <span class='ocrx_word' id='word_1_10' title='bbox 1158 237 1258 278; x_wconf 87' lang='lat' dir='ltr'><strong>quae</strong></span> <span class='ocrx_word' id='word_1_11' title='bbox 1286 222 1414 265; x_wconf 84' lang='lat' dir='ltr'><strong>Curis</strong></span> <span class='ocrx_word' id='word_1_12' title='bbox 1448 228 1517 266; x_wconf 88' lang='lat' dir='ltr'><strong>est</strong></span> <span class='ocrx_word' id='word_1_13' title='bbox 1548 236 1625 277; x_wconf 85' lang='lat' dir='ltr'><strong>ap-</strong></span> 
     </span>
    </p>
   </div>
   <div class='ocr_carea' id='block_1_4' title="bbox 241 297 415 352">
    <p class='ocr_par' dir='ltr' id='par_1_4' title="bbox 241 297 415 352">
     <span class='ocr_line' id='line_1_4' title="bbox 241 297 415 352; baseline -0.023 -14"><span class='ocrx_word' id='word_1_14' title='bbox 241 297 415 352; x_wconf 84' lang='lat' dir='ltr'><strong>pellata.</strong></span> 
     </span>
    </p>
   </div>
   <div class='ocr_carea' id='block_1_5' title="bbox 186 363 1627 553">
    <p class='ocr_par' dir='ltr' id='par_1_5' title="bbox 186 363 1627 553">
     <span class='ocr_line' id='line_1_5' title="bbox 186 363 1056 416; baseline -0.005 -10"><span class='ocrx_word' id='word_1_15' title='bbox 186 365 367 406; x_wconf 77' lang='lat' dir='ltr'><strong>Curiata</strong></span> <span class='ocrx_word' id='word_1_16' title='bbox 387 363 591 405; x_wconf 81' lang='lat' dir='ltr'><strong>comitia⁰</strong></span> <span class='ocrx_word' id='word_1_17' title='bbox 622 376 649 404; x_wconf 87' lang='lat' dir='ltr'><strong>a</strong></span> <span class='ocrx_word' id='word_1_18' title='bbox 669 363 800 404; x_wconf 85' lang='lat' dir='ltr'><strong>curiis</strong></span> <span class='ocrx_word' id='word_1_19' title='bbox 822 363 1056 416; x_wconf 84' lang='lat' dir='ltr'><strong>appellata.</strong></span> 
     </span>
     <span class='ocr_line' id='line_1_6' title="bbox 186 427 1610 483; baseline -0.005 -10"><span class='ocrx_word' id='word_1_20' title='bbox 186 432 310 473; x_wconf 88' lang='lat' dir='ltr'><strong>Curii</strong></span> <span class='ocrx_word' id='word_1_21' title='bbox 330 432 461 473; x_wconf 52' lang='lat' dir='ltr'><strong>fana?</strong></span> <span class='ocrx_word' id='word_1_22' title='bbox 491 444 519 472; x_wconf 86' lang='lat' dir='ltr'><strong>a</strong></span> <span class='ocrx_word' id='word_1_23' title='bbox 538 431 669 473; x_wconf 88' lang='lat' dir='ltr'><strong>Curio</strong></span> <span class='ocrx_word' id='word_1_24' title='bbox 685 435 702 461; x_wconf 88' lang='lat'>9</span> <span class='ocrx_word' id='word_1_25' title='bbox 731 430 861 480; x_wconf 85' lang='lat' dir='ltr'><strong>dicta,</strong></span> <span class='ocrx_word' id='word_1_26' title='bbox 877 429 983 483; x_wconf 78' lang='lat' dir='ltr'><strong>quia</strong></span> <span class='ocrx_word' id='word_1_27' title='bbox 1000 442 1054 470; x_wconf 92' lang='lat' dir='ltr'><strong>eo</strong></span> <span class='ocrx_word' id='word_1_28' title='bbox 1071 429 1173 469; x_wconf 89' lang='lat' dir='ltr'><strong>loco</strong></span> <span class='ocrx_word' id='word_1_29' title='bbox 1191 427 1367 468; x_wconf 89' lang='lat' dir='ltr'><strong>domum</strong></span> <span class='ocrx_word' id='word_1_30' title='bbox 1386 427 1610 468; x_wconf 87' lang='lat' dir='ltr'><strong>habuerat.</strong></span> 
     </span>
     <span class='ocr_line' id='line_1_7' title="bbox 186 494 1627 553; baseline -0.005 -12"><span class='ocrx_word' id='word_1_31' title='bbox 186 500 421 541; x_wconf 87' lang='lat' dir='ltr'><strong>Curionem</strong></span> <span class='ocrx_word' id='word_1_32' title='bbox 462 503 647 553; x_wconf 80' lang='lat' dir='ltr'><strong>agnumq</strong></span> <span class='ocrx_word' id='word_1_33' title='bbox 679 497 868 539; x_wconf 86' lang='lat' dir='ltr'><strong>Plautus</strong></span> <span class='ocrx_word' id='word_1_34' title='bbox 899 510 977 552; x_wconf 89' lang='lat' dir='ltr'><strong>pro</strong></span> <span class='ocrx_word' id='word_1_35' title='bbox 1009 509 1156 538; x_wconf 88' lang='lat' dir='ltr'><strong>macro</strong></span> <span class='ocrx_word' id='word_1_36' title='bbox 1188 495 1317 546; x_wconf 84' lang='lat' dir='ltr'>dixit,</span> <span class='ocrx_word' id='word_1_37' title='bbox 1359 494 1489 549; x_wconf 83' lang='lat' dir='ltr'><strong>quasi</strong></span> <span class='ocrx_word' id='word_1_38' title='bbox 1521 506 1627 535; x_wconf 86' lang='lat' dir='ltr'><strong>cura</strong></span> 
     </span>
    </p>
   </div>
   <div class='ocr_carea' id='block_1_6' title="bbox 243 569 512 610">
    <p class='ocr_par' dir='ltr' id='par_1_6' title="bbox 243 569 512 610">
     <span class='ocr_line' id='line_1_8' title="bbox 243 569 512 610; baseline -0.011 0"><span class='ocrx_word' id='word_1_39' title='bbox 243 569 512 610; x_wconf 84' lang='lat' dir='ltr'><strong>macruisset.</strong></span> 
     </span>
    </p>
   </div>
   <div class='ocr_carea' id='block_1_7' title="bbox 186 631 1630 753">
    <p class='ocr_par' dir='ltr' id='par_1_7' title="bbox 186 631 1630 753">
     <span class='ocr_line' id='line_1_9' title="bbox 186 631 1103 687; baseline -0.007 -10"><span class='ocrx_word' id='word_1_40' title='bbox 186 636 398 677; x_wconf 85' lang='lat' dir='ltr'><strong>Curionia</strong></span> <span class='ocrx_word' id='word_1_41' title='bbox 418 639 572 683; x_wconf 82' lang='lat' dir='ltr'><strong>sacra,¹</strong></span> <span class='ocrx_word' id='word_1_42' title='bbox 592 646 692 687; x_wconf 86' lang='lat' dir='ltr'><strong>quae</strong></span> <span class='ocrx_word' id='word_1_43' title='bbox 712 634 755 674; x_wconf 89' lang='lat' dir='ltr'><strong>in</strong></span> <span class='ocrx_word' id='word_1_44' title='bbox 773 632 905 673; x_wconf 89' lang='lat' dir='ltr'><strong>curiis</strong></span> <span class='ocrx_word' id='word_1_45' title='bbox 927 631 1103 672; x_wconf 88' lang='lat' dir='ltr'><strong>fiebant.</strong></span> 
     </span>
     <span class='ocr_line' id='line_1_10' title="bbox 186 698 1630 753; baseline -0.004 -10"><span class='ocrx_word' id='word_1_46' title='bbox 186 701 441 743; x_wconf 89' lang='lat' dir='ltr'><strong>Curionium</strong></span> <span class='ocrx_word' id='word_1_47' title='bbox 462 706 547 743; x_wconf 80' lang='lat' dir='ltr'><strong>aes⁵</strong></span> <span class='ocrx_word' id='word_1_48' title='bbox 578 701 813 749; x_wconf 82' lang='lat' dir='ltr'>dicebatur,</span> <span class='ocrx_word' id='word_1_49' title='bbox 838 699 958 753; x_wconf 88' lang='lat' dir='ltr'><strong>quod</strong></span> <span class='ocrx_word' id='word_1_50' title='bbox 989 698 1179 739; x_wconf 85' lang='lat' dir='ltr'><strong>dabatur</strong></span> <span class='ocrx_word' id='word_1_51' title='bbox 1206 698 1376 739; x_wconf 87' lang='lat' dir='ltr'><strong>curioni</strong></span> <span class='ocrx_word' id='word_1_52' title='bbox 1403 699 1460 740; x_wconf 94' lang='lat' dir='ltr'><strong>ob</strong></span> <span class='ocrx_word' id='word_1_53' title='bbox 1487 709 1630 738; x_wconf 83' lang='lat' dir='ltr'><strong>sacer-</strong></span> 
     </span>
    </p>
   </div>
   <div class='ocr_carea' id='block_1_8' title="bbox 187 770 801 878">
    <p class='ocr_par' dir='ltr' id='par_1_8' title="bbox 187 770 801 878">
     <span class='ocr_line' id='line_1_11' title="bbox 244 770 706 811; baseline -0.004 -1"><span class='ocrx_word' id='word_1_54' title='bbox 244 770 411 811; x_wconf 75' lang='lat' dir='ltr'><strong>dotium</strong></span> <span class='ocrx_word' id='word_1_55' title='bbox 434 770 706 811; x_wconf 83' lang='lat' dir='ltr'><strong>curionatus.</strong></span> 
     </span>
     <span class='ocr_line' id='line_1_12' title="bbox 187 835 801 878; baseline -0.007 0"><span class='ocrx_word' id='word_1_56' title='bbox 187 837 345 878; x_wconf 71' lang='lat' dir='ltr'><strong>Curist</strong></span> <span class='ocrx_word' id='word_1_57' title='bbox 375 843 443 878; x_wconf 87' lang='lat' dir='ltr'><strong>est</strong></span> <span class='ocrx_word' id='word_1_58' title='bbox 463 837 625 878; x_wconf 83' lang='lat' dir='ltr'>Sabine</span> <span class='ocrx_word' id='word_1_59' title='bbox 658 835 801 875; x_wconf 84' lang='lat' dir='ltr'><strong>hasta.</strong></span> 
     </span>
    </p>
   </div>
   <div class='ocr_carea' id='block_1_9' title="bbox 863 831 1630 884">
    <p class='ocr_par' dir='ltr' id='par_1_9' title="bbox 863 831 1630 884">
     <span class='ocr_line' id='line_1_13' title="bbox 863 831 1630 884; baseline -0.005 -10"><span class='ocrx_word' id='word_1_60' title='bbox 863 832 992 874; x_wconf 89' lang='lat' dir='ltr'>Unde</span> <span class='ocrx_word' id='word_1_61' title='bbox 1014 832 1236 873; x_wconf 82' lang='lat' dir='ltr'><strong>Romulus</strong></span> <span class='ocrx_word' id='word_1_62' title='bbox 1266 832 1493 883; x_wconf 85' lang='lat' dir='ltr'><strong>Quirinus,</strong></span> <span class='ocrx_word' id='word_1_63' title='bbox 1527 831 1630 884; x_wconf 87' lang='lat' dir='ltr'><strong>quia</strong></span> 
     </span>
    </p>
   </div>
   <div class='ocr_carea' id='block_1_10' title="bbox 243 898 1631 954">
    <p class='ocr_par' dir='ltr' id='par_1_10' title="bbox 243 898 1631 954">
     <span class='ocr_line' id='line_1_14' title="bbox 243 898 1631 954; baseline -0.006 -7"><span class='ocrx_word' id='word_1_64' title='bbox 243 918 341 946; x_wconf 89' lang='lat' dir='ltr'><strong>eam</strong></span> <span class='ocrx_word' id='word_1_65' title='bbox 372 905 556 954; x_wconf 82' lang='lat' dir='ltr'><strong>ferebat,</strong></span> <span class='ocrx_word' id='word_1_66' title='bbox 592 908 656 945; x_wconf 88' lang='lat' dir='ltr'><strong>est</strong></span> <span class='ocrx_word' id='word_1_67' title='bbox 682 903 853 954; x_wconf 88' lang='lat' dir='ltr'><strong>dictus;</strong></span> <span class='ocrx_word' id='word_1_68' title='bbox 887 906 930 943; x_wconf 86' lang='lat' dir='ltr'><strong>et</strong></span> <span class='ocrx_word' id='word_1_69' title='bbox 958 900 1147 942; x_wconf 89' lang='lat' dir='ltr'><strong>Romani</strong></span> <span class='ocrx_word' id='word_1_70' title='bbox 1175 913 1201 941; x_wconf 89' lang='lat' dir='ltr'><strong>a</strong></span> <span class='ocrx_word' id='word_1_71' title='bbox 1233 899 1417 950; x_wconf 89' lang='lat' dir='ltr'><strong>Quirino</strong></span> <span class='ocrx_word' id='word_1_72' title='bbox 1439 898 1631 949; x_wconf 85' lang='lat' dir='ltr'><strong>Quirites</strong></span> 
     </span>
    </p>
   </div>
   <div class='ocr_carea' id='block_1_11' title="bbox 243 973 462 1014">
    <p class='ocr_par' dir='ltr' id='par_1_11' title="bbox 243 973 462 1014">
     <span class='ocr_line' id='line_1_15' title="bbox 243 973 462 1014; baseline 0.005 -1"><span class='ocrx_word' id='word_1_73' title='bbox 243 973 462 1014; x_wconf 82' lang='lat' dir='ltr'><strong>dicuntur.</strong></span> 
     </span>
    </p>
   </div>
   <div class='ocr_carea' id='block_1_12' title="bbox 523 967 1630 1024">
    <p class='ocr_par' dir='ltr' id='par_1_12' title="bbox 523 967 1630 1024">
     <span class='ocr_line' id='line_1_16' title="bbox 523 967 1630 1024; baseline -0.007 -10"><span class='ocrx_word' id='word_1_74' title='bbox 523 972 714 1024; x_wconf 84' lang='lat' dir='ltr'><strong>Quidam</strong></span> <span class='ocrx_word' id='word_1_75' title='bbox 745 984 843 1012; x_wconf 91' lang='lat' dir='ltr'><strong>eum</strong></span> <span class='ocrx_word' id='word_1_76' title='bbox 874 970 1041 1011; x_wconf 88' lang='lat' dir='ltr'><strong>dictum</strong></span> <span class='ocrx_word' id='word_1_77' title='bbox 1072 972 1227 1023; x_wconf 83' lang='lat' dir='ltr'><strong>putant</strong></span> <span class='ocrx_word' id='word_1_78' title='bbox 1249 981 1275 1010; x_wconf 83' lang='lat' dir='ltr'><strong>a</strong></span> <span class='ocrx_word' id='word_1_79' title='bbox 1306 967 1504 1017; x_wconf 90' lang='lat' dir='ltr'><strong>Curibus,</strong></span> <span class='ocrx_word' id='word_1_80' title='bbox 1531 978 1630 1020; x_wconf 84' lang='lat' dir='ltr'><strong>quae</strong></span> 
     </span>
    </p>
   </div>
   <div class='ocr_carea' id='block_1_13' title="bbox 244 1039 1103 1095">
    <p class='ocr_par' dir='ltr' id='par_1_13' title="bbox 244 1039 1103 1095">
     <span class='ocr_line' id='line_1_17' title="bbox 244 1039 1103 1095; baseline -0.005 -12"><span class='ocrx_word' id='word_1_81' title='bbox 244 1042 325 1083; x_wconf 82' lang='lat' dir='ltr'><strong>fuit</strong></span> <span class='ocrx_word' id='word_1_82' title='bbox 345 1042 445 1083; x_wconf 87' lang='lat' dir='ltr'><strong>urbs</strong></span> <span class='ocrx_word' id='word_1_83' title='bbox 468 1040 805 1095; x_wconf 80' lang='lat' dir='ltr'><strong>opulentissima</strong></span> <span class='ocrx_word' id='word_1_84' title='bbox 827 1039 1103 1081; x_wconf 85' lang='lat' dir='ltr'><strong>Sabinorum.</strong></span> 
     </span>
    </p>
   </div>
   <div class='ocr_carea' id='block_1_14' title="bbox 791 1161 908 1172">
    <p class='ocr_par' dir='ltr' id='par_1_14' title="bbox 791 1161 908 1172">
     <span class='ocr_line' id='line_1_18' title="bbox 791 1161 908 1172; baseline -0.009 0"><span class='ocrx_word' id='word_1_85' title='bbox 791 1161 908 1172; x_wconf 54' lang='grc' dir='ltr'><strong>αααααα</strong></span> 
     </span>
    </p>
   </div>
   <div class='ocr_carea' id='block_1_15' title="bbox 913 1159 1028 1171">
    <p class='ocr_par' dir='ltr' id='par_1_15' title="bbox 913 1159 1028 1171">
     <span class='ocr_line' id='line_1_19' title="bbox 913 1159 1028 1171; baseline -0.009 0"><span class='ocrx_word' id='word_1_86' title='bbox 913 1159 1028 1171; x_wconf 69' lang='lat' dir='ltr'><strong>eeeeee</strong></span> 
     </span>
    </p>
   </div>
   <div class='ocr_carea' id='block_1_16' title="bbox 230 1237 963 1276">
    <p class='ocr_par' dir='ltr' id='par_1_16' title="bbox 230 1237 963 1276">
     <span class='ocr_line' id='line_1_20' title="bbox 230 1237 963 1276; baseline -0.001 -7"><span class='ocrx_word' id='word_1_87' title='bbox 230 1242 251 1269; x_wconf 80' lang='lat'>9</span> <span class='ocrx_word' id='word_1_88' title='bbox 275 1238 416 1272; x_wconf 78' lang='lat' dir='ltr'><strong>Quidam</strong></span> <span class='ocrx_word' id='word_1_89' title='bbox 432 1239 513 1271; x_wconf 84' lang='lat' dir='ltr'><strong>libb.</strong></span> <span class='ocrx_word' id='word_1_90' title='bbox 539 1239 663 1270; x_wconf 73' lang='lat' dir='ltr'><strong>Curiati</strong></span> <span class='ocrx_word' id='word_1_91' title='bbox 678 1238 757 1276; x_wconf 78' lang='lat' dir='ltr'><strong>suna</strong></span> <span class='ocrx_word' id='word_1_92' title='bbox 785 1249 803 1269; x_wconf 84' lang='grc' dir='ltr'><em>α</em></span> <span class='ocrx_word' id='word_1_93' title='bbox 823 1237 963 1269; x_wconf 73' lang='lat' dir='ltr'><strong>curiatio.</strong></span> 
     </span>
    </p>
   </div>
   <div class='ocr_carea' id='block_1_17' title="bbox 840 1345 978 1378">
    <p class='ocr_par' dir='ltr' id='par_1_17' title="bbox 840 1345 978 1378">
     <span class='ocr_line' id='line_1_21' title="bbox 840 1345 978 1378; baseline -0.014 0"><span class='ocrx_word' id='word_1_94' title='bbox 840 1345 978 1378; x_wconf 80' lang='lat' dir='ltr'>NOTAE</span> 
     </span>
    </p>
   </div>
   <div class='ocr_carea' id='block_1_18' title="bbox 188 1423 892 2721">
    <p class='ocr_par' dir='ltr' id='par_1_18' title="bbox 188 1423 891 2160">
     <span class='ocr_line' id='line_1_22' title="bbox 232 1423 884 1464; baseline -0.005 -9"><span class='ocrx_word' id='word_1_95' title='bbox 232 1428 245 1442; x_wconf 65' lang='lat'><strong>¹³</strong></span> <span class='ocrx_word' id='word_1_96' title='bbox 272 1424 414 1455; x_wconf 81' lang='lat' dir='ltr'><strong>Cur-iales</strong></span> <span class='ocrx_word' id='word_1_97' title='bbox 428 1423 554 1464; x_wconf 69' lang='lat' dir='ltr'><strong>merasce]</strong></span> <span class='ocrx_word' id='word_1_98' title='bbox 579 1423 708 1454; x_wconf 83' lang='lat' dir='ltr'><strong>Mensae</strong></span> <span class='ocrx_word' id='word_1_99' title='bbox 723 1423 884 1464; x_wconf 84' lang='lat' dir='ltr'><strong>cujusque</strong></span> 
     </span>
     <span class='ocr_line' id='line_1_23' title="bbox 189 1473 885 1514; baseline -0.003 -9"><span class='ocrx_word' id='word_1_100' title='bbox 189 1474 303 1512; x_wconf 81' lang='lat' dir='ltr'><strong>curiae,</strong></span> <span class='ocrx_word' id='word_1_101' title='bbox 316 1474 443 1506; x_wconf 85' lang='lat' dir='ltr'><strong>Junoni</strong></span> <span class='ocrx_word' id='word_1_102' title='bbox 459 1474 594 1505; x_wconf 84' lang='lat' dir='ltr'><strong>dicatae.</strong></span> <span class='ocrx_word' id='word_1_103' title='bbox 618 1474 762 1514; x_wconf 83' lang='lat' dir='ltr'><strong>Dionys.</strong></span> <span class='ocrx_word' id='word_1_104' title='bbox 776 1473 834 1504; x_wconf 83' lang='lat' dir='ltr'><strong>lib.</strong></span> <span class='ocrx_word' id='word_1_105' title='bbox 846 1482 885 1504; x_wconf 91' lang='grc' dir='ltr'><strong>ιι.</strong></span> 
     </span>
     <span class='ocr_line' id='line_1_24' title="bbox 189 1524 886 1566; baseline -0.003 -10"><span class='ocrx_word' id='word_1_106' title='bbox 189 1534 264 1566; x_wconf 87' lang='lat' dir='ltr'><strong>cap.</strong></span> <span class='ocrx_word' id='word_1_107' title='bbox 294 1528 326 1556; x_wconf 90' lang='grc'><strong>8.</strong></span> <span class='ocrx_word' id='word_1_108' title='bbox 371 1525 489 1556; x_wconf 85' lang='lat' dir='ltr'><strong>Tatius</strong></span> <span class='ocrx_word' id='word_1_109' title='bbox 522 1525 554 1555; x_wconf 91' lang='lat' dir='ltr'><strong>in</strong></span> <span class='ocrx_word' id='word_1_110' title='bbox 594 1525 747 1556; x_wconf 87' lang='lat' dir='ltr'><strong>omnibus</strong></span> <span class='ocrx_word' id='word_1_111' title='bbox 783 1524 886 1555; x_wconf 83' lang='lat' dir='ltr'><strong>curiis</strong></span> 
     </span>
     <span class='ocr_line' id='line_1_25' title="bbox 189 1574 885 1608; baseline -0.001 -3"><span class='ocrx_word' id='word_1_112' title='bbox 189 1584 322 1605; x_wconf 88' lang='lat' dir='ltr'><strong>mensas</strong></span> <span class='ocrx_word' id='word_1_113' title='bbox 344 1575 468 1606; x_wconf 85' lang='lat' dir='ltr'><strong>Junoni</strong></span> <span class='ocrx_word' id='word_1_114' title='bbox 494 1574 649 1608; x_wconf 80' lang='lat' dir='ltr'><strong>Qniritiae</strong></span> <span class='ocrx_word' id='word_1_115' title='bbox 685 1584 724 1606; x_wconf 92' lang='lat' dir='ltr'><strong>ac</strong></span> <span class='ocrx_word' id='word_1_116' title='bbox 748 1574 885 1605; x_wconf 85' lang='lat' dir='ltr'><strong>Sabinae</strong></span> 
     </span>
     <span class='ocr_line' id='line_1_26' title="bbox 188 1623 886 1656; baseline 0 -2"><span class='ocrx_word' id='word_1_117' title='bbox 188 1623 327 1655; x_wconf 80' lang='lat' dir='ltr'><strong>dicavit.</strong></span> <span class='ocrx_word' id='word_1_118' title='bbox 358 1624 422 1655; x_wconf 81' lang='lat' dir='ltr'><strong>Hae</strong></span> <span class='ocrx_word' id='word_1_119' title='bbox 439 1633 564 1656; x_wconf 81' lang='lat' dir='ltr'><strong>mensae</strong></span> <span class='ocrx_word' id='word_1_120' title='bbox 578 1623 791 1655; x_wconf 84' lang='lat' dir='ltr'><strong>celebrandis</strong></span> <span class='ocrx_word' id='word_1_121' title='bbox 808 1633 886 1655; x_wconf 93' lang='lat' dir='ltr'><strong>con-</strong></span> 
     </span>
     <span class='ocr_line' id='line_1_27' title="bbox 188 1673 885 1715; baseline 0.001 -12"><span class='ocrx_word' id='word_1_122' title='bbox 188 1674 285 1704; x_wconf 90' lang='lat' dir='ltr'><strong>viviis</strong></span> <span class='ocrx_word' id='word_1_123' title='bbox 302 1674 482 1705; x_wconf 77' lang='lat' dir='ltr'><strong>institutae.</strong></span> <span class='ocrx_word' id='word_1_124' title='bbox 528 1675 615 1705; x_wconf 89' lang='lat' dir='ltr'><strong>Nam</strong></span> <span class='ocrx_word' id='word_1_125' title='bbox 627 1674 765 1715; x_wconf 82' lang='lat' dir='ltr'><strong>singulae</strong></span> <span class='ocrx_word' id='word_1_126' title='bbox 781 1673 885 1705; x_wconf 85' lang='lat' dir='ltr'><strong>curiae</strong></span> 
     </span>
     <span class='ocr_line' id='line_1_28' title="bbox 191 1723 885 1756; baseline 0 -2"><span class='ocrx_word' id='word_1_127' title='bbox 191 1734 266 1755; x_wconf 90' lang='lat' dir='ltr'><strong>cum</strong></span> <span class='ocrx_word' id='word_1_128' title='bbox 283 1725 350 1756; x_wconf 86' lang='lat' dir='ltr'><strong>suis</strong></span> <span class='ocrx_word' id='word_1_129' title='bbox 375 1725 607 1756; x_wconf 84' lang='lat' dir='ltr'><strong>sacerdotibus</strong></span> <span class='ocrx_word' id='word_1_130' title='bbox 633 1724 798 1756; x_wconf 84' lang='lat' dir='ltr'><strong>sacrificia</strong></span> <span class='ocrx_word' id='word_1_131' title='bbox 815 1723 885 1755; x_wconf 90' lang='lat' dir='ltr'><strong>obi-</strong></span> 
     </span>
     <span class='ocr_line' id='line_1_29' title="bbox 191 1775 886 1816; baseline 0 -11"><span class='ocrx_word' id='word_1_132' title='bbox 191 1775 328 1815; x_wconf 77' lang='lat' dir='ltr'><strong>bant,et</strong></span> <span class='ocrx_word' id='word_1_133' title='bbox 340 1785 403 1806; x_wconf 89' lang='lat' dir='ltr'><strong>una</strong></span> <span class='ocrx_word' id='word_1_134' title='bbox 415 1776 652 1816; x_wconf 83' lang='lat' dir='ltr'><strong>epulabantur,</strong></span> <span class='ocrx_word' id='word_1_135' title='bbox 666 1775 754 1806; x_wconf 88' lang='lat' dir='ltr'><strong>unde</strong></span> <span class='ocrx_word' id='word_1_136' title='bbox 767 1780 802 1806; x_wconf 84' lang='lat' dir='ltr'><strong>et</strong></span> <span class='ocrx_word' id='word_1_137' title='bbox 815 1779 886 1805; x_wconf 86' lang='lat' dir='ltr'><strong>‘cu-</strong></span> 
     </span>
     <span class='ocr_line' id='line_1_30' title="bbox 192 1825 886 1865; baseline -0.001 -9"><span class='ocrx_word' id='word_1_138' title='bbox 192 1826 250 1857; x_wconf 88' lang='lat' dir='ltr'><strong>riae</strong></span> <span class='ocrx_word' id='word_1_139' title='bbox 268 1827 338 1857; x_wconf 85' lang='lat' dir='ltr'><strong>dies</strong></span> <span class='ocrx_word' id='word_1_140' title='bbox 352 1826 359 1838; x_wconf 92' lang='lat'>&#39;</span> <span class='ocrx_word' id='word_1_141' title='bbox 378 1826 467 1865; x_wconf 85' lang='lat' dir='ltr'><strong>apud</strong></span> <span class='ocrx_word' id='word_1_142' title='bbox 491 1826 687 1856; x_wconf 86' lang='lat' dir='ltr'><strong>Ciceronem</strong></span> <span class='ocrx_word' id='word_1_143' title='bbox 704 1825 746 1856; x_wconf 91' lang='lat' dir='ltr'><strong>de</strong></span> <span class='ocrx_word' id='word_1_144' title='bbox 764 1825 886 1856; x_wconf 87' lang='lat' dir='ltr'><strong>Orato-</strong></span> 
     </span>
     <span class='ocr_line' id='line_1_31' title="bbox 193 1874 888 1915; baseline -0.003 -9"><span class='ocrx_word' id='word_1_145' title='bbox 193 1885 245 1906; x_wconf 86' lang='lat' dir='ltr'><strong>re:</strong></span> <span class='ocrx_word' id='word_1_146' title='bbox 270 1882 278 1894; x_wconf 88' lang='lat'>‘</span> <span class='ocrx_word' id='word_1_147' title='bbox 294 1876 340 1906; x_wconf 88' lang='lat' dir='ltr'><strong>Ut</strong></span> <span class='ocrx_word' id='word_1_148' title='bbox 356 1885 430 1906; x_wconf 82' lang='lat' dir='ltr'><strong>cuin</strong></span> <span class='ocrx_word' id='word_1_149' title='bbox 453 1875 536 1905; x_wconf 88' lang='lat' dir='ltr'><strong>lauti</strong></span> <span class='ocrx_word' id='word_1_150' title='bbox 553 1875 802 1915; x_wconf 79' lang='lat' dir='ltr'><strong>accubuissent,</strong></span> <span class='ocrx_word' id='word_1_151' title='bbox 825 1874 888 1905; x_wconf 86' lang='lat' dir='ltr'><strong>tol-</strong></span> 
     </span>
     <span class='ocr_line' id='line_1_32' title="bbox 191 1925 887 1965; baseline -0.001 -9"><span class='ocrx_word' id='word_1_152' title='bbox 191 1926 318 1956; x_wconf 85' lang='lat' dir='ltr'><strong>leretur</strong></span> <span class='ocrx_word' id='word_1_153' title='bbox 354 1925 461 1956; x_wconf 87' lang='lat' dir='ltr'><strong>omnis</strong></span> <span class='ocrx_word' id='word_1_154' title='bbox 503 1925 684 1965; x_wconf 83' lang='lat' dir='ltr'><strong>superioris</strong></span> <span class='ocrx_word' id='word_1_155' title='bbox 723 1925 887 1956; x_wconf 85' lang='lat' dir='ltr'><strong>sermonis</strong></span> 
     </span>
     <span class='ocr_line' id='line_1_33' title="bbox 193 1975 887 2017; baseline -0.003 -10"><span class='ocrx_word' id='word_1_156' title='bbox 193 1977 348 2016; x_wconf 76' lang='lat' dir='ltr'><strong>tristitia,</strong></span> <span class='ocrx_word' id='word_1_157' title='bbox 370 1985 477 2017; x_wconf 88' lang='lat' dir='ltr'><strong>eaque</strong></span> <span class='ocrx_word' id='word_1_158' title='bbox 503 1981 593 2007; x_wconf 85' lang='lat' dir='ltr'><strong>esset</strong></span> <span class='ocrx_word' id='word_1_159' title='bbox 617 1975 650 2006; x_wconf 93' lang='lat' dir='ltr'><strong>in</strong></span> <span class='ocrx_word' id='word_1_160' title='bbox 677 1976 811 2006; x_wconf 85' lang='lat' dir='ltr'><strong>homine</strong></span> <span class='ocrx_word' id='word_1_161' title='bbox 831 1976 887 2015; x_wconf 88' lang='lat' dir='ltr'><strong>ju-</strong></span> 
     </span>
     <span class='ocr_line' id='line_1_34' title="bbox 192 2025 890 2067; baseline -0.003 -9"><span class='ocrx_word' id='word_1_162' title='bbox 192 2027 361 2067; x_wconf 86' lang='lat' dir='ltr'><strong>cunditas,</strong></span> <span class='ocrx_word' id='word_1_163' title='bbox 377 2031 491 2058; x_wconf 88' lang='lat' dir='ltr'><strong>tantus</strong></span> <span class='ocrx_word' id='word_1_164' title='bbox 509 2025 702 2067; x_wconf 86' lang='lat' dir='ltr'><strong>injocando</strong></span> <span class='ocrx_word' id='word_1_165' title='bbox 727 2026 835 2066; x_wconf 88' lang='lat' dir='ltr'><strong>lepos,</strong></span> <span class='ocrx_word' id='word_1_166' title='bbox 852 2031 890 2056; x_wconf 92' lang='lat' dir='ltr'><strong>ut</strong></span> 
     </span>
     <span class='ocr_line' id='line_1_35' title="bbox 194 2076 891 2110; baseline -0.001 -2"><span class='ocrx_word' id='word_1_167' title='bbox 194 2078 265 2109; x_wconf 86' lang='lat' dir='ltr'><strong>dies</strong></span> <span class='ocrx_word' id='word_1_168' title='bbox 282 2079 370 2110; x_wconf 88' lang='lat' dir='ltr'><strong>inter</strong></span> <span class='ocrx_word' id='word_1_169' title='bbox 387 2087 443 2109; x_wconf 88' lang='lat' dir='ltr'><strong>eos</strong></span> <span class='ocrx_word' id='word_1_170' title='bbox 459 2078 561 2109; x_wconf 85' lang='lat' dir='ltr'><strong>curiae</strong></span> <span class='ocrx_word' id='word_1_171' title='bbox 575 2076 680 2108; x_wconf 85' lang='lat' dir='ltr'><strong>fuisse</strong></span> <span class='ocrx_word' id='word_1_172' title='bbox 697 2076 891 2108; x_wconf 87' lang='lat' dir='ltr'><strong>videretur.&#39;</strong></span> 
     </span>
     <span class='ocr_line' id='line_1_36' title="bbox 195 2129 292 2160; baseline 0.01 -1"><span class='ocrx_word' id='word_1_173' title='bbox 195 2129 292 2160; x_wconf 84' lang='lat' dir='ltr'><strong>Idem.</strong></span> 
     </span>
    </p>

    <p class='ocr_par' dir='ltr' id='par_1_19' title="bbox 196 2177 891 2462">
     <span class='ocr_line' id='line_1_37' title="bbox 237 2177 888 2219; baseline -0.003 -10"><span class='ocrx_word' id='word_1_174' title='bbox 237 2184 250 2199; x_wconf 85' lang='lat'><strong>⁰</strong></span> <span class='ocrx_word' id='word_1_175' title='bbox 277 2179 408 2210; x_wconf 73' lang='lat' dir='ltr'><strong>curiata</strong></span> <span class='ocrx_word' id='word_1_176' title='bbox 422 2178 562 2219; x_wconf 78' lang='lat' dir='ltr'><strong>comitia]</strong></span> <span class='ocrx_word' id='word_1_177' title='bbox 588 2178 718 2211; x_wconf 84' lang='lat' dir='ltr'><strong>Quibus</strong></span> <span class='ocrx_word' id='word_1_178' title='bbox 735 2177 888 2209; x_wconf 87' lang='lat' dir='ltr'><strong>curiatim</strong></span> 
     </span>
     <span class='ocr_line' id='line_1_38' title="bbox 196 2229 889 2271; baseline -0.004 -9"><span class='ocrx_word' id='word_1_179' title='bbox 196 2229 359 2271; x_wconf 80' lang='lat' dir='ltr'><strong>suffragia</strong></span> <span class='ocrx_word' id='word_1_180' title='bbox 375 2230 586 2268; x_wconf 83' lang='lat' dir='ltr'><strong>dicebantur,</strong></span> <span class='ocrx_word' id='word_1_181' title='bbox 609 2235 645 2259; x_wconf 87' lang='lat' dir='ltr'><strong>ut</strong></span> <span class='ocrx_word' id='word_1_182' title='bbox 671 2229 759 2270; x_wconf 83' lang='lat' dir='ltr'><strong>quod</strong></span> <span class='ocrx_word' id='word_1_183' title='bbox 778 2229 889 2270; x_wconf 86' lang='lat' dir='ltr'><strong>plures</strong></span> 
     </span>
     <span class='ocr_line' id='line_1_39' title="bbox 196 2279 890 2321; baseline -0.003 -9"><span class='ocrx_word' id='word_1_184' title='bbox 196 2282 297 2312; x_wconf 82' lang='lat' dir='ltr'><strong>curiae</strong></span> <span class='ocrx_word' id='word_1_185' title='bbox 322 2281 535 2321; x_wconf 72' lang='lat' dir='ltr'><strong>statuissent,</strong></span> <span class='ocrx_word' id='word_1_186' title='bbox 559 2281 591 2311; x_wconf 86' lang='lat' dir='ltr'><strong>id</strong></span> <span class='ocrx_word' id='word_1_187' title='bbox 614 2280 744 2320; x_wconf 83' lang='lat' dir='ltr'><strong>jussum</strong></span> <span class='ocrx_word' id='word_1_188' title='bbox 773 2279 890 2321; x_wconf 85' lang='lat' dir='ltr'><strong>populi</strong></span> 
     </span>
     <span class='ocr_line' id='line_1_40' title="bbox 196 2330 891 2372; baseline -0.004 -9"><span class='ocrx_word' id='word_1_189' title='bbox 196 2332 381 2363; x_wconf 80' lang='lat' dir='ltr'><strong>diceretur.</strong></span> <span class='ocrx_word' id='word_1_190' title='bbox 411 2332 461 2362; x_wconf 88' lang='lat' dir='ltr'><strong>Ea</strong></span> <span class='ocrx_word' id='word_1_191' title='bbox 477 2332 713 2372; x_wconf 75' lang='lat' dir='ltr'><strong>Magistratus,</strong></span> <span class='ocrx_word' id='word_1_192' title='bbox 726 2331 781 2372; x_wconf 91' lang='lat' dir='ltr'><strong>qui</strong></span> <span class='ocrx_word' id='word_1_193' title='bbox 800 2330 891 2370; x_wconf 90' lang='lat' dir='ltr'><strong>prio-</strong></span> 
     </span>
     <span class='ocr_line' id='line_1_41' title="bbox 197 2380 889 2422; baseline 0.001 -10"><span class='ocrx_word' id='word_1_194' title='bbox 197 2382 289 2412; x_wconf 72' lang='lat' dir='ltr'><strong>ribus</strong></span> <span class='ocrx_word' id='word_1_195' title='bbox 313 2382 456 2412; x_wconf 79' lang='lat' dir='ltr'><strong>comitiis</strong></span> <span class='ocrx_word' id='word_1_196' title='bbox 479 2383 583 2413; x_wconf 86' lang='lat' dir='ltr'><strong>creati</strong></span> <span class='ocrx_word' id='word_1_197' title='bbox 607 2380 753 2422; x_wconf 83' lang='lat' dir='ltr'><strong>fuerant,</strong></span> <span class='ocrx_word' id='word_1_198' title='bbox 770 2381 889 2413; x_wconf 88' lang='lat' dir='ltr'><strong>confir-</strong></span> 
     </span>
     <span class='ocr_line' id='line_1_42' title="bbox 197 2432 470 2462; baseline -0.004 0"><span class='ocrx_word' id='word_1_199' title='bbox 197 2432 346 2462; x_wconf 86' lang='lat' dir='ltr'><strong>mabant.</strong></span> <span class='ocrx_word' id='word_1_200' title='bbox 375 2432 470 2461; x_wconf 81' lang='lat' dir='ltr'><strong>Idem.</strong></span> 
     </span>
    </p>

    <p class='ocr_par' dir='ltr' id='par_1_20' title="bbox 198 2480 890 2664">
     <span class='ocr_line' id='line_1_43' title="bbox 241 2480 889 2522; baseline 0.005 -12"><span class='ocrx_word' id='word_1_201' title='bbox 241 2486 256 2507; x_wconf 82' lang='grc' dir='ltr'><strong>Ρ</strong></span> <span class='ocrx_word' id='word_1_202' title='bbox 282 2480 474 2521; x_wconf 78' lang='lat' dir='ltr'><strong>Cnriisuna]</strong></span> <span class='ocrx_word' id='word_1_203' title='bbox 503 2481 529 2511; x_wconf 88' lang='lat' dir='ltr'><strong>A</strong></span> <span class='ocrx_word' id='word_1_204' title='bbox 546 2482 687 2522; x_wconf 84' lang='lat' dir='ltr'><strong>quodam</strong></span> <span class='ocrx_word' id='word_1_205' title='bbox 701 2482 802 2513; x_wconf 88' lang='lat' dir='ltr'><strong>Curio</strong></span> <span class='ocrx_word' id='word_1_206' title='bbox 820 2481 889 2512; x_wconf 85' lang='lat' dir='ltr'><strong>dic-</strong></span> 
     </span>
     <span class='ocr_line' id='line_1_44' title="bbox 198 2530 890 2570; baseline 0.004 -11"><span class='ocrx_word' id='word_1_207' title='bbox 198 2537 245 2563; x_wconf 70' lang='lat' dir='ltr'><strong>ta.</strong></span> <span class='ocrx_word' id='word_1_208' title='bbox 272 2530 418 2563; x_wconf 81' lang='lat' dir='ltr'><strong>Quidam</strong></span> <span class='ocrx_word' id='word_1_209' title='bbox 435 2530 531 2561; x_wconf 82' lang='lat' dir='ltr'><strong>codd.</strong></span> <span class='ocrx_word' id='word_1_210' title='bbox 550 2532 774 2570; x_wconf 74' lang='lat' dir='ltr'><strong>Curiatisana.</strong></span> <span class='ocrx_word' id='word_1_211' title='bbox 809 2532 890 2563; x_wconf 84' lang='lat' dir='ltr'><strong>For-</strong></span> 
     </span>
     <span class='ocr_line' id='line_1_45' title="bbox 199 2579 890 2617; baseline 0.003 -5"><span class='ocrx_word' id='word_1_212' title='bbox 199 2590 259 2612; x_wconf 86' lang='lat' dir='ltr'><strong>san</strong></span> <span class='ocrx_word' id='word_1_213' title='bbox 277 2579 368 2611; x_wconf 80' lang='lat' dir='ltr'><strong>Curiz‘</strong></span> <span class='ocrx_word' id='word_1_214' title='bbox 382 2579 486 2617; x_wconf 68' lang='lat' dir='ltr'><strong>tifata.</strong></span> <span class='ocrx_word' id='word_1_215' title='bbox 532 2581 586 2611; x_wconf 89' lang='lat' dir='ltr'><strong>Sic</strong></span> <span class='ocrx_word' id='word_1_216' title='bbox 604 2581 691 2613; x_wconf 81' lang='lat' dir='ltr'><strong>infra</strong></span> <span class='ocrx_word' id='word_1_217' title='bbox 715 2584 723 2598; x_wconf 91' lang='lat'>‘</span> <span class='ocrx_word' id='word_1_218' title='bbox 739 2583 890 2614; x_wconf 85' lang='lat' dir='ltr'><strong>Mancini</strong></span> 
     </span>
     <span class='ocr_line' id='line_1_46' title="bbox 200 2630 681 2664; baseline -0.004 0"><span class='ocrx_word' id='word_1_219' title='bbox 200 2630 321 2664; x_wconf 60' lang='lat' dir='ltr'><strong>afara?</strong></span> <span class='ocrx_word' id='word_1_220' title='bbox 354 2630 479 2661; x_wconf 89' lang='lat' dir='ltr'><strong>Locum</strong></span> <span class='ocrx_word' id='word_1_221' title='bbox 496 2630 562 2661; x_wconf 89' lang='lat' dir='ltr'><strong>adi.</strong></span> <span class='ocrx_word' id='word_1_222' title='bbox 584 2631 681 2663; x_wconf 79' lang='lat' dir='ltr'><strong>Idem.</strong></span> 
     </span>
    </p>

    <p class='ocr_par' dir='ltr' id='par_1_21' title="bbox 243 2680 892 2721">
     <span class='ocr_line' id='line_1_47' title="bbox 243 2680 892 2721; baseline 0.011 -14"><span class='ocrx_word' id='word_1_223' title='bbox 243 2687 257 2707; x_wconf 80' lang='grc' dir='ltr'><strong>ιι</strong></span> <span class='ocrx_word' id='word_1_224' title='bbox 283 2680 449 2712; x_wconf 83' lang='lat' dir='ltr'><strong>Curionem</strong></span> <span class='ocrx_word' id='word_1_225' title='bbox 476 2681 605 2721; x_wconf 80' lang='lat' dir='ltr'><strong>agnum]</strong></span> <span class='ocrx_word' id='word_1_226' title='bbox 644 2682 752 2713; x_wconf 86' lang='lat' dir='ltr'><strong>Locus</strong></span> <span class='ocrx_word' id='word_1_227' title='bbox 778 2683 892 2714; x_wconf 85' lang='lat' dir='ltr'><strong>Plauti</strong></span> 
     </span>
    </p>
   </div>
   <div class='ocr_carea' id='block_1_19' title="bbox 939 1415 1643 2725">
    <p class='ocr_par' dir='ltr' id='par_1_22' title="bbox 939 1415 1639 1905">
     <span class='ocr_line' id='line_1_48' title="bbox 940 1415 1635 1460; baseline -0.009 -9"><span class='ocrx_word' id='word_1_228' title='bbox 940 1425 992 1451; x_wconf 82' lang='lat' dir='ltr'><strong>est</strong></span> <span class='ocrx_word' id='word_1_229' title='bbox 1010 1419 1123 1451; x_wconf 86' lang='lat' dir='ltr'><strong>Aulnl.</strong></span> <span class='ocrx_word' id='word_1_230' title='bbox 1145 1429 1201 1451; x_wconf 93' lang='grc' dir='ltr'><strong>ιιι.</strong></span> <span class='ocrx_word' id='word_1_231' title='bbox 1219 1422 1250 1450; x_wconf 82' lang='grc' dir='ltr'><strong>ὓ.</strong></span> <span class='ocrx_word' id='word_1_232' title='bbox 1275 1419 1362 1460; x_wconf 88' lang='lat' dir='ltr'><strong>‘quo</strong></span> <span class='ocrx_word' id='word_1_233' title='bbox 1389 1415 1523 1458; x_wconf 88' lang='lat' dir='ltr'><strong>quidem</strong></span> <span class='ocrx_word' id='word_1_234' title='bbox 1549 1424 1635 1454; x_wconf 78' lang='lat' dir='ltr'><strong>agno</strong></span> 
     </span>
     <span class='ocr_line' id='line_1_49' title="bbox 939 1468 1636 1509; baseline -0.01 -7"><span class='ocrx_word' id='word_1_235' title='bbox 939 1476 992 1502; x_wconf 89' lang='lat' dir='ltr'><strong>sat</strong></span> <span class='ocrx_word' id='word_1_236' title='bbox 1010 1470 1102 1501; x_wconf 72' lang='lat' dir='ltr'><strong>scio-³</strong></span> <span class='ocrx_word' id='word_1_237' title='bbox 1133 1471 1141 1486; x_wconf 93' lang='lat'>‘</span> <span class='ocrx_word' id='word_1_238' title='bbox 1160 1469 1274 1509; x_wconf 86' lang='lat' dir='ltr'><strong>Magis</strong></span> <span class='ocrx_word' id='word_1_239' title='bbox 1291 1468 1455 1500; x_wconf 86' lang='lat' dir='ltr'><strong>curiosam</strong></span> <span class='ocrx_word' id='word_1_240' title='bbox 1474 1475 1636 1506; x_wconf 90' lang='lat' dir='ltr'><strong>nusquam</strong></span> 
     </span>
     <span class='ocr_line' id='line_1_50' title="bbox 941 1517 1637 1551; baseline -0.009 0"><span class='ocrx_word' id='word_1_241' title='bbox 941 1530 1015 1551; x_wconf 85' lang='lat' dir='ltr'><strong>esse</strong></span> <span class='ocrx_word' id='word_1_242' title='bbox 1033 1520 1132 1551; x_wconf 89' lang='lat' dir='ltr'><strong>ullam</strong></span> <span class='ocrx_word' id='word_1_243' title='bbox 1151 1520 1303 1551; x_wconf 87' lang='lat' dir='ltr'><strong>bestiam.</strong></span> <span class='ocrx_word' id='word_1_244' title='bbox 1336 1518 1422 1549; x_wconf 83' lang='lat' dir='ltr'><strong>Volo</strong></span> <span class='ocrx_word' id='word_1_245' title='bbox 1440 1527 1482 1548; x_wconf 86' lang='lat' dir='ltr'><strong>ex</strong></span> <span class='ocrx_word' id='word_1_246' title='bbox 1501 1522 1535 1547; x_wconf 86' lang='lat' dir='ltr'><strong>te</strong></span> <span class='ocrx_word' id='word_1_247' title='bbox 1552 1517 1637 1546; x_wconf 83' lang='lat' dir='ltr'><strong>scire</strong></span> 
     </span>
     <span class='ocr_line' id='line_1_51' title="bbox 940 1569 1637 1613; baseline -0.007 -11"><span class='ocrx_word' id='word_1_248' title='bbox 940 1571 1019 1613; x_wconf 87' lang='lat' dir='ltr'><strong>quid</strong></span> <span class='ocrx_word' id='word_1_249' title='bbox 1037 1572 1079 1602; x_wconf 85' lang='lat' dir='ltr'><strong>sit</strong></span> <span class='ocrx_word' id='word_1_250' title='bbox 1096 1580 1200 1611; x_wconf 82' lang='lat' dir='ltr'><strong>agnus</strong></span> <span class='ocrx_word' id='word_1_251' title='bbox 1216 1570 1324 1609; x_wconf 90' lang='lat' dir='ltr'><strong>curio,</strong></span> <span class='ocrx_word' id='word_1_252' title='bbox 1351 1569 1417 1602; x_wconf 84' lang='lat' dir='ltr'><strong>Qui</strong></span> <span class='ocrx_word' id='word_1_253' title='bbox 1444 1577 1520 1598; x_wconf 85' lang='lat' dir='ltr'><strong>ossa</strong></span> <span class='ocrx_word' id='word_1_254' title='bbox 1536 1572 1637 1607; x_wconf 87' lang='lat' dir='ltr'><strong>atque</strong></span> 
     </span>
     <span class='ocr_line' id='line_1_52' title="bbox 942 1615 1637 1662; baseline -0.009 -10"><span class='ocrx_word' id='word_1_255' title='bbox 942 1621 1038 1662; x_wconf 85' lang='lat' dir='ltr'><strong>pellis</strong></span> <span class='ocrx_word' id='word_1_256' title='bbox 1056 1626 1147 1652; x_wconf 88' lang='lat' dir='ltr'><strong>totus</strong></span> <span class='ocrx_word' id='word_1_257' title='bbox 1163 1625 1228 1660; x_wconf 87' lang='lat' dir='ltr'><strong>est,</strong></span> <span class='ocrx_word' id='word_1_258' title='bbox 1245 1619 1293 1650; x_wconf 85' lang='lat' dir='ltr'><strong>ita</strong></span> <span class='ocrx_word' id='word_1_259' title='bbox 1308 1628 1390 1650; x_wconf 85' lang='lat' dir='ltr'><strong>cura</strong></span> <span class='ocrx_word' id='word_1_260' title='bbox 1406 1615 1542 1649; x_wconf 62' lang='lat' dir='ltr'><strong>macer!</strong></span> <span class='ocrx_word' id='word_1_261' title='bbox 1569 1616 1637 1647; x_wconf 87' lang='lat' dir='ltr'><strong>Ubi</strong></span> 
     </span>
     <span class='ocr_line' id='line_1_53' title="bbox 941 1667 1638 1703; baseline -0.009 0"><span class='ocrx_word' id='word_1_262' title='bbox 941 1677 975 1703; x_wconf 87' lang='lat' dir='ltr'><strong>et</strong></span> <span class='ocrx_word' id='word_1_263' title='bbox 990 1671 1144 1702; x_wconf 81' lang='lat' dir='ltr'><strong>curiosum</strong></span> <span class='ocrx_word' id='word_1_264' title='bbox 1167 1676 1202 1702; x_wconf 91' lang='lat' dir='ltr'><strong>et</strong></span> <span class='ocrx_word' id='word_1_265' title='bbox 1225 1670 1379 1700; x_wconf 77' lang='lat' dir='ltr'><strong>curionem</strong></span> <span class='ocrx_word' id='word_1_266' title='bbox 1404 1673 1514 1700; x_wconf 88' lang='lat' dir='ltr'><strong>vocat.</strong></span> <span class='ocrx_word' id='word_1_267' title='bbox 1562 1667 1638 1698; x_wconf 89' lang='lat' dir='ltr'><strong>Nec</strong></span> 
     </span>
     <span class='ocr_line' id='line_1_54' title="bbox 943 1718 1638 1761; baseline -0.007 -8"><span class='ocrx_word' id='word_1_268' title='bbox 943 1730 1080 1753; x_wconf 77' lang='lat' dir='ltr'><strong>necesse</strong></span> <span class='ocrx_word' id='word_1_269' title='bbox 1096 1726 1150 1752; x_wconf 84' lang='lat' dir='ltr'><strong>est</strong></span> <span class='ocrx_word' id='word_1_270' title='bbox 1165 1725 1201 1751; x_wconf 91' lang='lat' dir='ltr'><strong>ut</strong></span> <span class='ocrx_word' id='word_1_271' title='bbox 1217 1730 1319 1761; x_wconf 86' lang='lat' dir='ltr'><strong>supra</strong></span> <span class='ocrx_word' id='word_1_272' title='bbox 1337 1729 1397 1760; x_wconf 88' lang='lat' dir='ltr'><strong>pro</strong></span> <span class='ocrx_word' id='word_1_273' title='bbox 1409 1718 1572 1753; x_wconf 81' lang='lat' dir='ltr'><strong>curiosam,</strong></span> <span class='ocrx_word' id='word_1_274' title='bbox 1585 1727 1638 1748; x_wconf 83' lang='lat' dir='ltr'><strong>cu-</strong></span> 
     </span>
     <span class='ocr_line' id='line_1_55' title="bbox 941 1769 1638 1812; baseline -0.006 -9"><span class='ocrx_word' id='word_1_275' title='bbox 941 1773 1058 1804; x_wconf 80' lang='lat' dir='ltr'><strong>rionem</strong></span> <span class='ocrx_word' id='word_1_276' title='bbox 1071 1773 1176 1811; x_wconf 82' lang='lat' dir='ltr'><strong>legas,</strong></span> <span class='ocrx_word' id='word_1_277' title='bbox 1186 1781 1260 1802; x_wconf 90' lang='lat' dir='ltr'><strong>nam</strong></span> <span class='ocrx_word' id='word_1_278' title='bbox 1276 1776 1456 1812; x_wconf 83' lang='lat' dir='ltr'><strong>utrumque</strong></span> <span class='ocrx_word' id='word_1_279' title='bbox 1467 1774 1560 1801; x_wconf 88' lang='lat' dir='ltr'><strong>recte</strong></span> <span class='ocrx_word' id='word_1_280' title='bbox 1573 1769 1638 1800; x_wconf 88' lang='lat' dir='ltr'><strong>dici</strong></span> 
     </span>
     <span class='ocr_line' id='line_1_56' title="bbox 943 1821 1639 1864; baseline -0.006 -10"><span class='ocrx_word' id='word_1_281' title='bbox 943 1830 1066 1864; x_wconf 82' lang='lat' dir='ltr'><strong>potest.</strong></span> <span class='ocrx_word' id='word_1_282' title='bbox 1099 1824 1143 1854; x_wconf 86' lang='lat' dir='ltr'><strong>Et</strong></span> <span class='ocrx_word' id='word_1_283' title='bbox 1161 1822 1298 1863; x_wconf 77' lang='lat' dir='ltr'><strong>Apulei.</strong></span> <span class='ocrx_word' id='word_1_284' title='bbox 1327 1821 1460 1861; x_wconf 83' lang='lat' dir='ltr'><strong>Agnum</strong></span> <span class='ocrx_word' id='word_1_285' title='bbox 1479 1821 1639 1861; x_wconf 84' lang='lat' dir='ltr'><strong>pinguem</strong></span> 
     </span>
     <span class='ocr_line' id='line_1_57' title="bbox 940 1872 1376 1905; baseline -0.007 0"><span class='ocrx_word' id='word_1_286' title='bbox 940 1874 1127 1905; x_wconf 71' lang='lat' dir='ltr'><strong>incuriosum</strong></span> <span class='ocrx_word' id='word_1_287' title='bbox 1145 1878 1254 1904; x_wconf 87' lang='lat' dir='ltr'><strong>vocat.</strong></span> <span class='ocrx_word' id='word_1_288' title='bbox 1278 1872 1376 1903; x_wconf 82' lang='lat' dir='ltr'><strong>Idem.</strong></span> 
     </span>
    </p>

    <p class='ocr_par' dir='ltr' id='par_1_23' title="bbox 940 1921 1640 2110">
     <span class='ocr_line' id='line_1_58' title="bbox 985 1921 1640 1965; baseline -0.008 -9"><span class='ocrx_word' id='word_1_289' title='bbox 985 1930 996 1946; x_wconf 79' lang='lat'><strong>¹·</strong></span> <span class='ocrx_word' id='word_1_290' title='bbox 1022 1924 1172 1956; x_wconf 81' lang='lat' dir='ltr'><strong>Curionia</strong></span> <span class='ocrx_word' id='word_1_291' title='bbox 1186 1925 1289 1965; x_wconf 84' lang='lat' dir='ltr'><strong>sacra]</strong></span> <span class='ocrx_word' id='word_1_292' title='bbox 1315 1924 1400 1956; x_wconf 80' lang='lat' dir='ltr'><strong>Quae</strong></span> <span class='ocrx_word' id='word_1_293' title='bbox 1418 1923 1449 1953; x_wconf 91' lang='lat' dir='ltr'><strong>in</strong></span> <span class='ocrx_word' id='word_1_294' title='bbox 1465 1922 1566 1953; x_wconf 89' lang='lat' dir='ltr'><strong>curiis</strong></span> <span class='ocrx_word' id='word_1_295' title='bbox 1582 1921 1640 1951; x_wconf 87' lang='lat' dir='ltr'><strong>lia·</strong></span> 
     </span>
     <span class='ocr_line' id='line_1_59' title="bbox 944 1971 1639 2007; baseline -0.009 0"><span class='ocrx_word' id='word_1_296' title='bbox 944 1976 1070 2007; x_wconf 85' lang='lat' dir='ltr'><strong>bebant</strong></span> <span class='ocrx_word' id='word_1_297' title='bbox 1088 1985 1106 2006; x_wconf 91' lang='lat' dir='ltr'><strong>a</strong></span> <span class='ocrx_word' id='word_1_298' title='bbox 1123 1976 1261 2006; x_wconf 87' lang='lat' dir='ltr'><strong>curione</strong></span> <span class='ocrx_word' id='word_1_299' title='bbox 1278 1983 1449 2005; x_wconf 89' lang='lat' dir='ltr'><strong>sacrorum</strong></span> <span class='ocrx_word' id='word_1_300' title='bbox 1469 1971 1639 2003; x_wconf 89' lang='lat' dir='ltr'><strong>curialium</strong></span> 
     </span>
     <span class='ocr_line' id='line_1_60' title="bbox 944 2022 1640 2068; baseline -0.01 -10"><span class='ocrx_word' id='word_1_301' title='bbox 944 2025 1123 2068; x_wconf 67' lang='lat' dir='ltr'><strong>praefecto.</strong></span> <span class='ocrx_word' id='word_1_302' title='bbox 1148 2024 1366 2057; x_wconf 87' lang='lat' dir='ltr'><strong>‘Curionium</strong></span> <span class='ocrx_word' id='word_1_303' title='bbox 1392 2022 1463 2063; x_wconf 85' lang='lat' dir='ltr'><strong>aes‚&#39;</strong></span> <span class='ocrx_word' id='word_1_304' title='bbox 1486 2023 1512 2053; x_wconf 88' lang='lat' dir='ltr'><strong>Ie</strong></span> <span class='ocrx_word' id='word_1_305' title='bbox 1527 2031 1640 2053; x_wconf 72' lang='lat' dir='ltr'><strong>revenit</strong></span> 
     </span>
     <span class='ocr_line' id='line_1_61' title="bbox 940 2076 1350 2110; baseline -0.005 -1"><span class='ocrx_word' id='word_1_306' title='bbox 940 2079 1050 2110; x_wconf 80' lang='lat' dir='ltr'><strong>annuel</strong></span> <span class='ocrx_word' id='word_1_307' title='bbox 1065 2079 1107 2109; x_wconf 82' lang='lat' dir='ltr'><strong>du</strong></span> <span class='ocrx_word' id='word_1_308' title='bbox 1127 2077 1219 2109; x_wconf 72' lang='lat' dir='ltr'><strong>Cure.</strong></span> <span class='ocrx_word' id='word_1_309' title='bbox 1242 2076 1350 2108; x_wconf 85' lang='lat' dir='ltr'><strong>Idem.</strong></span> 
     </span>
    </p>

    <p class='ocr_par' dir='ltr' id='par_1_24' title="bbox 944 2125 1638 2212">
     <span class='ocr_line' id='line_1_62' title="bbox 990 2125 1638 2167; baseline -0.008 -7"><span class='ocrx_word' id='word_1_310' title='bbox 990 2134 1001 2148; x_wconf 72' lang='lat'>⁵</span> <span class='ocrx_word' id='word_1_311' title='bbox 1032 2128 1214 2160; x_wconf 69' lang='lat' dir='ltr'><strong>cur-ionium</strong></span> <span class='ocrx_word' id='word_1_312' title='bbox 1243 2126 1301 2167; x_wconf 68' lang='grc' dir='ltr'><strong>ωε]</strong></span> <span class='ocrx_word' id='word_1_313' title='bbox 1340 2125 1499 2157; x_wconf 84' lang='lat' dir='ltr'><strong>Curionia</strong></span> <span class='ocrx_word' id='word_1_314' title='bbox 1530 2134 1638 2156; x_wconf 89' lang='lat' dir='ltr'><strong>sacra.</strong></span> 
     </span>
     <span class='ocr_line' id='line_1_63' title="bbox 944 2180 1039 2212; baseline -0.021 0"><span class='ocrx_word' id='word_1_315' title='bbox 944 2180 1039 2212; x_wconf 81' lang='lat' dir='ltr'><strong>Idem.</strong></span> 
     </span>
    </p>

    <p class='ocr_par' dir='ltr' id='par_1_25' title="bbox 941 2225 1643 2725">
     <span class='ocr_line' id='line_1_64' title="bbox 985 2225 1641 2270; baseline -0.008 -10"><span class='ocrx_word' id='word_1_316' title='bbox 985 2232 993 2250; x_wconf 65' lang='grc' dir='ltr'><strong>ῑ</strong></span> <span class='ocrx_word' id='word_1_317' title='bbox 1019 2229 1128 2270; x_wconf 79' lang='lat' dir='ltr'><strong>Curis]</strong></span> <span class='ocrx_word' id='word_1_318' title='bbox 1154 2228 1163 2245; x_wconf 88' lang='lat'>‘</span> <span class='ocrx_word' id='word_1_319' title='bbox 1177 2228 1274 2260; x_wconf 86' lang='lat' dir='ltr'><strong>Curis</strong></span> <span class='ocrx_word' id='word_1_320' title='bbox 1289 2226 1297 2240; x_wconf 90' lang='lat'><em>’</em></span> <span class='ocrx_word' id='word_1_321' title='bbox 1312 2226 1513 2257; x_wconf 89' lang='lat' dir='ltr'><strong>Sabinorum</strong></span> <span class='ocrx_word' id='word_1_322' title='bbox 1528 2225 1641 2265; x_wconf 86' lang='lat' dir='ltr'><strong>lingua</strong></span> 
     </span>
     <span class='ocr_line' id='line_1_65' title="bbox 941 2276 1643 2320; baseline -0.009 -8"><span class='ocrx_word' id='word_1_323' title='bbox 941 2281 1072 2312; x_wconf 85' lang='lat' dir='ltr'><strong>hastam</strong></span> <span class='ocrx_word' id='word_1_324' title='bbox 1100 2278 1291 2320; x_wconf 83' lang='lat' dir='ltr'><strong>significare</strong></span> <span class='ocrx_word' id='word_1_325' title='bbox 1320 2282 1466 2309; x_wconf 84' lang='lat' dir='ltr'><strong>testatur</strong></span> <span class='ocrx_word' id='word_1_326' title='bbox 1494 2276 1580 2308; x_wconf 87' lang='lat' dir='ltr'><strong>Cato</strong></span> <span class='ocrx_word' id='word_1_327' title='bbox 1607 2281 1643 2307; x_wconf 85' lang='lat' dir='ltr'><strong>et</strong></span> 
     </span>
     <span class='ocr_line' id='line_1_66' title="bbox 941 2326 1642 2367; baseline -0.009 -5"><span class='ocrx_word' id='word_1_328' title='bbox 941 2332 1009 2362; x_wconf 89' lang='lat' dir='ltr'><strong>alii.</strong></span> <span class='ocrx_word' id='word_1_329' title='bbox 1055 2330 1156 2362; x_wconf 85' lang='lat' dir='ltr'><strong>Ovid.</strong></span> <span class='ocrx_word' id='word_1_330' title='bbox 1173 2329 1285 2360; x_wconf 83' lang='lat' dir='ltr'><strong>etiam.</strong></span> <span class='ocrx_word' id='word_1_331' title='bbox 1320 2333 1328 2345; x_wconf 90' lang='lat'><em>‘</em></span> <span class='ocrx_word' id='word_1_332' title='bbox 1341 2328 1420 2359; x_wconf 90' lang='lat' dir='ltr'><strong>Sive</strong></span> <span class='ocrx_word' id='word_1_333' title='bbox 1438 2326 1527 2367; x_wconf 87' lang='lat' dir='ltr'><strong>quod</strong></span> <span class='ocrx_word' id='word_1_334' title='bbox 1544 2327 1642 2357; x_wconf 80' lang='lat' dir='ltr'><strong>hasta</strong></span> 
     </span>
     <span class='ocr_line' id='line_1_67' title="bbox 944 2376 1640 2423; baseline -0.007 -11"><span class='ocrx_word' id='word_1_335' title='bbox 944 2382 1048 2423; x_wconf 86' lang='lat' dir='ltr'><strong>quiris</strong></span> <span class='ocrx_word' id='word_1_336' title='bbox 1066 2380 1185 2421; x_wconf 89' lang='lat' dir='ltr'><strong>priscis</strong></span> <span class='ocrx_word' id='word_1_337' title='bbox 1203 2385 1254 2411; x_wconf 87' lang='lat' dir='ltr'><strong>est</strong></span> <span class='ocrx_word' id='word_1_338' title='bbox 1272 2379 1362 2411; x_wconf 85' lang='lat' dir='ltr'><strong>dicta</strong></span> <span class='ocrx_word' id='word_1_339' title='bbox 1374 2376 1527 2410; x_wconf 68' lang='lat' dir='ltr'><strong>Sabinis!</strong></span> <span class='ocrx_word' id='word_1_340' title='bbox 1572 2377 1640 2408; x_wconf 89' lang='lat' dir='ltr'><strong>Sed</strong></span> 
     </span>
     <span class='ocr_line' id='line_1_68' title="bbox 946 2430 1641 2475; baseline -0.009 -11"><span class='ocrx_word' id='word_1_341' title='bbox 946 2434 1085 2475; x_wconf 87' lang='lat' dir='ltr'><strong>propius</strong></span> <span class='ocrx_word' id='word_1_342' title='bbox 1111 2441 1191 2464; x_wconf 91' lang='lat' dir='ltr'><strong>vero</strong></span> <span class='ocrx_word' id='word_1_343' title='bbox 1216 2437 1267 2463; x_wconf 85' lang='lat' dir='ltr'><strong>est</strong></span> <span class='ocrx_word' id='word_1_344' title='bbox 1283 2441 1300 2462; x_wconf 91' lang='lat' dir='ltr'><strong>a</strong></span> <span class='ocrx_word' id='word_1_345' title='bbox 1320 2430 1398 2462; x_wconf 80' lang='lat' dir='ltr'><strong>Curi</strong></span> <span class='ocrx_word' id='word_1_346' title='bbox 1423 2430 1567 2462; x_wconf 88' lang='lat' dir='ltr'><strong>Curibus</strong></span> <span class='ocrx_word' id='word_1_347' title='bbox 1585 2438 1641 2459; x_wconf 89' lang='lat' dir='ltr'><strong>no-</strong></span> 
     </span>
     <span class='ocr_line' id='line_1_69' title="bbox 945 2478 1641 2521; baseline -0.01 -7"><span class='ocrx_word' id='word_1_348' title='bbox 945 2493 1021 2514; x_wconf 82' lang='lat' dir='ltr'><strong>men</strong></span> <span class='ocrx_word' id='word_1_349' title='bbox 1039 2483 1195 2521; x_wconf 87' lang='lat' dir='ltr'><strong>inditum,</strong></span> <span class='ocrx_word' id='word_1_350' title='bbox 1211 2487 1245 2513; x_wconf 89' lang='lat' dir='ltr'><strong>et</strong></span> <span class='ocrx_word' id='word_1_351' title='bbox 1272 2491 1291 2512; x_wconf 87' lang='lat' dir='ltr'><strong>a</strong></span> <span class='ocrx_word' id='word_1_352' title='bbox 1317 2480 1450 2512; x_wconf 78' lang='lat' dir='ltr'><strong>Curibus</strong></span> <span class='ocrx_word' id='word_1_353' title='bbox 1475 2478 1641 2514; x_wconf 77' lang='lat' dir='ltr'><strong>Quirinum</strong></span> 
     </span>
     <span class='ocr_line' id='line_1_70' title="bbox 946 2529 1640 2568; baseline -0.01 -4"><span class='ocrx_word' id='word_1_354' title='bbox 946 2539 981 2564; x_wconf 92' lang='lat' dir='ltr'><strong>et</strong></span> <span class='ocrx_word' id='word_1_355' title='bbox 1000 2533 1141 2568; x_wconf 73' lang='lat' dir='ltr'><strong>Quirites</strong></span> <span class='ocrx_word' id='word_1_356' title='bbox 1157 2532 1277 2563; x_wconf 82' lang='lat' dir='ltr'><strong>dictos.</strong></span> <span class='ocrx_word' id='word_1_357' title='bbox 1309 2530 1394 2561; x_wconf 89' lang='lat' dir='ltr'><strong>Nam</strong></span> <span class='ocrx_word' id='word_1_358' title='bbox 1410 2529 1550 2564; x_wconf 75' lang='lat' dir='ltr'><strong>Quirites</strong></span> <span class='ocrx_word' id='word_1_359' title='bbox 1566 2537 1640 2567; x_wconf 87' lang='lat' dir='ltr'><strong>pro-</strong></span> 
     </span>
     <span class='ocr_line' id='line_1_71' title="bbox 946 2577 1640 2624; baseline -0.01 -10"><span class='ocrx_word' id='word_1_360' title='bbox 946 2584 1019 2624; x_wconf 85' lang='lat' dir='ltr'><strong>prie</strong></span> <span class='ocrx_word' id='word_1_361' title='bbox 1048 2583 1104 2624; x_wconf 86' lang='lat' dir='ltr'><strong>qui</strong></span> <span class='ocrx_word' id='word_1_362' title='bbox 1134 2583 1231 2613; x_wconf 80' lang='lat' dir='ltr'><strong>Cures</strong></span> <span class='ocrx_word' id='word_1_363' title='bbox 1254 2580 1453 2611; x_wconf 88' lang='lat' dir='ltr'><strong>Sabinorum</strong></span> <span class='ocrx_word' id='word_1_364' title='bbox 1479 2577 1640 2618; x_wconf 83' lang='lat' dir='ltr'><strong>oppidum</strong></span> 
     </span>
     <span class='ocr_line' id='line_1_72' title="bbox 947 2628 1640 2664; baseline -0.01 0"><span class='ocrx_word' id='word_1_365' title='bbox 947 2633 1154 2664; x_wconf 84' lang='lat' dir='ltr'><strong>incolebant.</strong></span> <span class='ocrx_word' id='word_1_366' title='bbox 1212 2631 1257 2662; x_wconf 85' lang='lat' dir='ltr'><strong>Et</strong></span> <span class='ocrx_word' id='word_1_367' title='bbox 1280 2639 1300 2660; x_wconf 78' lang='lat' dir='ltr'><strong>a</strong></span> <span class='ocrx_word' id='word_1_368' title='bbox 1328 2628 1461 2659; x_wconf 79' lang='lat' dir='ltr'><strong>Curibus</strong></span> <span class='ocrx_word' id='word_1_369' title='bbox 1488 2628 1640 2660; x_wconf 78' lang='lat' dir='ltr'><strong>Quirites</strong></span> 
     </span>
     <span class='ocr_line' id='line_1_73' title="bbox 949 2677 1641 2725; baseline -0.01 -10"><span class='ocrx_word' id='word_1_370' title='bbox 949 2684 1137 2725; x_wconf 81' lang='lat' dir='ltr'><strong>appellatos</strong></span> <span class='ocrx_word' id='word_1_371' title='bbox 1151 2686 1295 2713; x_wconf 84' lang='lat' dir='ltr'><strong>testatur</strong></span> <span class='ocrx_word' id='word_1_372' title='bbox 1310 2678 1421 2710; x_wconf 90' lang='lat' dir='ltr'><strong>Livius</strong></span> <span class='ocrx_word' id='word_1_373' title='bbox 1435 2678 1490 2709; x_wconf 86' lang='lat' dir='ltr'><strong>lib.</strong></span> <span class='ocrx_word' id='word_1_374' title='bbox 1504 2688 1527 2709; x_wconf 80' lang='grc' dir='ltr'><strong>ι.</strong></span> <span class='ocrx_word' id='word_1_375' title='bbox 1539 2678 1547 2694; x_wconf 91' lang='lat'>‘</span> <span class='ocrx_word' id='word_1_376' title='bbox 1562 2677 1641 2709; x_wconf 82' lang='lat' dir='ltr'><strong>Qui-</strong></span> 
     </span>
    </p>
   </div>
  </div>
 </body>
</html>
