1835 2906
202 124 258 165 62

647 134 794 164 SEX'FI
822 133 1032 165 ‚POMPElI
1068 132 1201 164 FEsTt

202 230 415 272 Alliensis
456 229 577 270 diesr
621 228 847 270 dicebatur
886 228 1004 281 apud
1048 227 1276 269 Romanos
1304 227 1640 285 *obscoenissimi

260 297 444 338 ominis:
480 298 535 337 ab
566 295 687 337 Allia
715 297 851 338 fluvio
882 296 1066 345 scilicet,
1095 295 1170 334 ubi
1202 293 1434 334 Romanus
1465 295 1588 334 fusus
1619 308 1646 335 a

261 363 408 404 Gallis
430 364 651 404 exercitus
670 367 751 404 est.

203 430 367 479 ΑΙιῑιει,5
389 435 556 479 sancta,
579 431 671 471 sive
691 429 897 483 pulchra3
937 430 1008 470 vel
1027 429 1162 478 alens,
1185 428 1240 468 ab
1263 416 1629 470 alendo'seilicet.

204 497 410 538 Almities
424 498 435 519 t
453 497 629 538 habitus
653 498 864 538 almarum
883 509 1042 537 rerum.

209 563 382 605 Altaria
396 570 413 586 ¹¹
434 568 548 612 sunt,
570 565 614 604 in
637 564 798 617 quibus
820 563 933 615 ignis
963 563 1174 603 adoletur.

1233 561 1406 602 Altaria
1426 561 1480 600 ab
1502 561 1649 601 altitu-

268 630 369 671 dine
389 631 511 671 dicta
531 635 652 670 sunt:
685 629 803 682 quod
830 629 995 682 antiqui
1017 629 1118 669 Diis
1141 628 1313 680 superis
1335 627 1380 667 in
1398 626 1602 667 aedificiis
1623 640 1651 667 a

266 701 379 737 terra
400 698 610 737 exaltatis
633 709 759 737 sacra
779 695 1028 737 faciebant:
1061 696 1162 736 Diis
1189 695 1468 736 terrestribus
1496 694 1541 734 in
1567 699 1651 734 ter-

262 775 335 804 ra:
369 764 469 804 Diis
490 765 773 809 infernalibus
796 764 841 803 in
861 763 1025 804 effossa
1045 767 1169 804 terra.

208 828 429 870 AltellusX
453 831 670 872 Romulus
703 831 942 880 dicebatur,
976 831 1104 884 quasi
1137 829 1248 870 altus
1281 829 1326 868 in
1358 828 1533 869 tellure:
1578 829 1650 869 vel

864 951 1002 983 NOTAE

251 1013 358 1053 Altus]
396 1015 538 1046 Veteres
577 1015 741 1047 editiones
777 1017 905 1047 habent

210 1064 324 1095 Allex:
347 1065 433 1104 quod
458 1075 522 1105 ego
550 1066 629 1096 item
658 1067 770 1106 reperi
792 1067 825 1097 in
843 1066 906 1097 Isi-

212 1114 286 1145 dori
303 1115 445 1146 Glossis.
470 1118 478 1132 ⁶
498 1116 610 1156 Allex‚
623 1118 737 1157 pollex
754 1118 786 1147 in
800 1115 908 1156 pede.’

211 1164 337 1195 Tamen
366 1165 398 1195 iu
426 1165 525 1196 litera
552 1166 583 1196 H
611 1171 749 1197 vocatur
774 1167 908 1197 Hamus:

214 1219 249 1243 et
266 1214 494 1245 Glossarium:
520 1215 529 1231 ⁴
549 1215 683 1256 Hallus,
704 1215 795 1247 ποδὸς
813 1214 911 1254 μέγας

212 1261 388 1294 δάκτυλος.’
409 1265 476 1294 Jos.
495 1264 579 1295 Scal.

163 1342 166 1344 ,
255 1318 267 1334 r
290 1314 439 1344 Alliensis
451 1316 530 1356 dies]
558 1325 647 1347 xvn.
665 1317 744 1347 Kal.
761 1316 909 1346 sextiles.

214 1362 296 1393 Duc.

256 1418 268 1433 ⁸
290 1414 397 1453 Alma]
431 1416 615 1454 Eleganter
645 1419 740 1445 vetus
768 1415 845 1445 illud
877 1418 912 1446 et

215 1464 351 1504 plenum
365 1465 460 1495 bonae
473 1464 579 1504 frugis
589 1465 814 1496 Glossarium:
833 1467 842 1482 ‘
853 1465 912 1495 Al-

215 1522 282 1551 ma,
298 1514 410 1553 κλυτὴ,
423 1514 513 1554 ἁγνὴ,
529 1515 632 1555 ὡραία,
644 1514 824 1556 θρέπτειρα.’
845 1516 912 1547 JOS.

218 1562 302 1593 Scaz.

259 1612 369 1652 Alma]
394 1613 543 1644 Homero
569 1613 706 1655 ζείδωρος
728 1613 849 1655 ἄρουρα,
868 1615 913 1644 al-

215 1671 264 1692 ma
280 1665 378 1701 terra,
393 1663 482 1702 quod
499 1663 650 1695 homiues
668 1665 806 1695 nutriat.
830 1663 914 1694 Inde

218 1711 329 1742 Gloss.
349 1715 357 1728 ‘
376 1711 495 1749 almus,
519 1711 681 1752 ζείδωρος-3
707 1714 787 1743 Dac-

259 1762 269 1781 ‘
293 1760 455 1799 Almities]
472 1761 700 1792 Glossarium:
725 1764 733 1778 ‘
748 1761 915 1796 Atinium,

219 1810 342 1848 αὔξησις
366 1809 487 1849 ἆρχῆς.’
533 1810 541 1826 ‘
557 1810 717 1849 Almitus‚
745 1811 915 1850 ἀνατροφὴ,

219 1858 389 1898 ἀναγωγή.’
417 1862 425 1876 ‘
446 1860 602 1899 Almites,
637 1859 755 1891 κάλλος
788 1861 915 1900 ἀνατρο-

219 1908 304 1947 φῆς.’
328 1909 512 1947 Charisius,
527 1911 535 1926 ‘
551 1909 721 1950 Almities‚
733 1909 917 1949 εὐπρέπεια.’

225 1960 294 1989 Jos.
313 1958 395 1989 Scal.

264 2008 424 2049 Almities]
447 2008 701 2049 Interpretatur
726 2019 744 2039 a
767 2009 919 2040 Charisio

221 2057 280 2089 lib.
308 2067 331 2089 Ι.
350 2058 521 2098 εὐπρέπεια.
563 2060 620 2090 Sic
638 2060 804 2099 intelliges
821 2060 920 2090 Pauli

223 2107 340 2145 verba,
358 2118 433 2148 quae
459 2109 535 2138 milii
558 2109 719 2140 mendosa
742 2119 814 2139 esse
831 2109 920 2139 vide-

224 2158 359 2188 bantur.
377 2159 454 2189 Ant.
471 2159 557 2197 Aug.

269 2209 430 2249 Almities]
465 2210 611 2241 Almities
633 2214 668 2241 et
689 2211 813 2242 almitas
835 2211 921 2242 idem

225 2264 278 2288 est
304 2258 392 2299 quod
426 2259 570 2290 Horatio
599 2260 770 2299 Faustitas,
799 2259 830 2290 id
860 2265 923 2294 est,

227 2312 328 2338 terrae
357 2307 529 2348 fertilitas,
551 2309 727 2340 salubritas
751 2319 924 2350 aquarum,

229 2360 265 2387 et
281 2357 375 2388 Jovis
398 2368 499 2388 auree.
545 2360 690 2390 Faustus
706 2369 815 2390 rerum
831 2360 924 2390 habi-

229 2411 294 2441 tus,
310 2407 425 2438 fausta
442 2417 551 2439 rerum
574 2410 765 2441 existentia.
810 2411 924 2443 Quare

229 2457 357 2496 optime
371 2458 523 2489 Cliarisio
541 2461 549 2476 ‘
566 2460 722 2499 almities,
739 2459 924 2501 εὐπρέπεια]

232 2507 315 2537 Βαε.

275 2556 438 2596 uAltaria]
455 2556 506 2587 Ab
516 2558 926 2599 altitudine,uta‘lucus‚'

232 2608 240 2622 <
259 2606 375 2641 lucar,’
389 2607 436 2636 sic
455 2608 495 2636 ab
514 2607 663 2645 ‘altus‚'‘
680 2611 790 2649 altars
814 2611 927 2641 altaria

960 1015 1041 1046 Deis
1064 1014 1193 1056 superis
1219 1018 1347 1044 tantum
1372 1017 1406 1044 et
1425 1011 1542 1043 inferis
1567 1012 1656 1043 dica·
1711 1021 1716 1026 ·

961 1070 1089 1097 rentur.
1131 1064 1265 1095 Servius
1281 1064 1313 1094 in
1336 1063 1451 1102 Eclog.
1468 1072 1499 1092 v.
1525 1062 1534 1078 ‘
1552 1062 1656 1093 Novi-

962 1125 1034 1146 mus
1057 1124 1130 1145 aras
1152 1119 1186 1144 et
1207 1113 1283 1144 Diis
1307 1122 1381 1144 esse
1403 1112 1531 1152 superis
1555 1116 1588 1142 et
1609 1111 1657 1141 in-

965 1165 1046 1196 feris
1074 1167 1313 1195 consecratas:
1340 1162 1457 1193 altaria
1481 1171 1559 1192 vero
1585 1170 1657 1191 esse

963 1223 1162 1254 superorum
1189 1218 1318 1243 tantum
1336 1213 1503 1249 Deorum,
1525 1221 1599 1252 quae
1617 1211 1659 1241 ab

966 1264 1146 1295 altitudine
1185 1267 1317 1294 constat
1354 1271 1426 1292 esse
1467 1259 1659 1291 nominata!

966 1314 1111 1346 Quidam
1127 1322 1199 1344 aras
1218 1312 1436 1344 terrestribus
1453 1316 1583 1342 tantum
1603 1320 1660 1351 po-

966 1364 1048 1394 sitas
1072 1364 1234 1402 scribunt,
1251 1362 1367 1393 inferis
1391 1362 1525 1393 scrobes
1542 1362 1594 1392 vel
1611 1360 1660 1392 fo-

966 1424 1034 1445 cos.
1080 1415 1125 1445 Ut
1144 1414 1196 1444 hic
1208 1415 1340 1444 Festus.
1385 1412 1424 1442 In
1442 1412 1490 1442 his
1508 1412 1661 1442 Lutatius

967 1464 1069 1494 Statii
1086 1465 1274 1502 interpres:
1297 1464 1306 1480 ‘
1328 1463 1401 1493 Diis
1428 1462 1558 1501 superis
1582 1461 1665 1491 alta-

968 1515 1027 1551 ria,
1044 1514 1262 1545 terrestribus
1280 1523 1359 1550 arae,
1384 1512 1500 1543 inferis
1519 1511 1663 1542 Scrobes

969 1565 1021 1595 vel
1046 1563 1114 1595 foci
1131 1562 1310 1594 dicantur)
1356 1563 1397 1592 Et
1422 1562 1588 1601 Porpliyr.
1605 1561 1664 1591 lib.

969 1613 1010 1644 de
1028 1614 1261 1653 Nympharum
1278 1617 1385 1647 antro,
1400 1613 1468 1642 Τοῖς
1479 1611 1535 1650 μὲν
1549 1612 1664 1648 Ὀλυμ-

968 1663 1047 1695 πῖοις
1071 1665 1148 1694 θεοῖς
1172 1663 1260 1694 ναούς
1275 1675 1310 1693 τε
1331 1662 1379 1693 καὶ
1400 1661 1453 1699 ἕδη
1475 1661 1525 1692 καὶ
1545 1660 1665 1699 βωμοὺς

969 1713 1141 1753 ἱδρύσαντο,
1152 1713 1286 1752 χθονίοις
1302 1713 1333 1744 δὲ
1349 1713 1399 1743 καὶ
1413 1714 1506 1752 ἥρωσι
1519 1712 1668 1752 ἐσχάρας,

970 1763 1160 1802 ὑποχθονίοις
1173 1762 1301 1801 βόθρους
1314 1762 1363 1793 καὶ
1376 1762 1505 1801 μέγαρα.
1523 1764 1542 1793 i.
1569 1765 1577 1778 ‘
1593 1763 1667 1792 Coe-

970 1813 1111 1843 lcstibus
1136 1812 1269 1852 quidem
1288 1812 1359 1842 Diis
1384 1812 1512 1851 templa
1528 1816 1562 1841 et
1583 1812 1668 1842 altar

975 1863 1022 1892 ria
1046 1867 1248 1892 statuerunt.
1292 1861 1521 1892 Terrestribus
1541 1866 1575 1892 et
1600 1861 1670 1891 He-

974 1911 1086 1941 roibus
1101 1921 1194 1941 aras:
1220 1910 1337 1941 inferis
1349 1911 1484 1941 scrobes
1498 1915 1531 1941 et
1543 1910 1670 1942 fossas:

974 1961 1029 1990 De
1066 1961 1155 1991 hisce
1193 1960 1318 1990 ultimis
1349 1960 1450 1989 Ovid.
1492 1960 1523 1989 in
1559 1960 1670 1990 Meta-

974 2010 1102 2049 moi-ph.
1125 2010 1134 2026 ‘
1152 2009 1252 2040 Haud
1271 2009 1387 2048 procul
1411 2014 1527 2048 egesta
1545 2009 1671 2039 scrobi-

975 2060 1034 2091 bus
1050 2060 1170 2090 tellure
1181 2059 1310 2090 duabus
1321 2060 1423 2090 Sacra
1436 2058 1543 2090 facit?
1572 2059 1670 2089 Idem.

1017 2115 1032 2130 x
1055 2110 1206 2149 Altellus]
1231 2112 1293 2142 Est
1304 2109 1671 2150 ὑποκοριστικὸν,Α1ῑιιε,

976 2162 1109 2196 altulus,
1138 2161 1283 2191 altellus.
1326 2161 1503 2200 Significat
1531 2160 1672 2200 θρεπτὸν,

975 2211 1137 2250 τρόφιμον,
1153 2211 1332 2242 alumnum.
1364 2210 1417 2240 Ita
1431 2211 1672 2250 vocabant,qui

977 2262 1122 2302 expositi
1148 2266 1257 2296 erant,
1285 2267 1320 2291 et
1347 2261 1591 2297 inveniebatur,
1618 2260 1673 2300 qui

978 2322 1033 2343 eos
1058 2312 1204 2343 tolleret.
1248 2311 1377 2342 Plinius
1403 2311 1444 2342 ad
1467 2311 1671 2350 Trajanum:

978 2367 986 2380 ‘
1005 2363 1144 2402 Magna,
1162 2362 1316 2399 Domine,
1338 2365 1374 2392 et
1397 2361 1437 2392 ad
1465 2366 1570 2392 totam
1596 2370 1673 2401 pro-

981 2412 1120 2442 vinciam
1139 2412 1311 2451 pertinens
1323 2411 1466 2451 quaestio
1478 2415 1529 2441 est
1541 2410 1583 2440 de
1596 2419 1676 2440 con·

980 2460 1120 2499 ditione,
1136 2465 1169 2490 et
1187 2460 1352 2490 alimentis
1373 2469 1500 2497 eorum,
1517 2469 1598 2500 quos
1618 2468 1674 2489 vo-

980 2516 1058 2542 cant
1080 2509 1247 2550 θρεπτοὺς,’
1272 2512 1335 2541 &c.
1383 2509 1579 2549 Expositum
1608 2509 1674 2540 Ro-

980 2561 1105 2591 mulum
1134 2560 1175 2591 ab
1202 2570 1275 2599 avo,
1291 2560 1469 2590 educatum
1490 2568 1510 2589 a
1532 2559 1674 2589 Faustu-

982 2611 1026 2649 lo,
1044 2620 1138 2640 nemo
1155 2620 1219 2641 uon
1244 2610 1404 2640 meminit.
1449 2609 1503 2639 Ita
1519 2619 1597 2649 ergo
1617 2618 1673 2639 vo-

234 2662 347 2686 autem
370 2662 403 2687 et
418 2667 493 2698 arce,
508 2667 547 2688 eo
571 2658 745 2699 differunt,
762 2661 848 2701 quod
874 2662 930 2693 illa
985 2666 1103 2693 cantur
1127 2662 1256 2693 incerto
1283 2665 1378 2700 patre
1409 2664 1443 2691 et
1466 2658 1672 2691 matronali.
