1835 2906
361 163 420 192 DE
455 159 723 191 VERBORUM
760 153 1173 187 SIGNIFICATIONE
1210 155 1301 185 LlB.
1336 155 1398 184 lV.

1511 144 1596 185 ‘217

159 256 371 297 Demu-mb
402 256 517 310 quod
548 254 762 308 significat
781 255 894 307 post,
917 250 1034 304 apud
1056 250 1228 291 Livium
1252 250 1403 290 demus
1424 248 1595 301 legitur.

213 323 303 365 Alii
324 325 495 365 demum
518 337 595 378 pro
617 323 859 363 duntaxat0
881 322 1134 373 posuerunt.

157 391 365 433 Denariae
388 391 650 433 caerimoniae
665 388 682 412 ‘¹
711 388 986 436 dicebantur,
1005 389 1048 427 et
1069 384 1320 435 tricenariae,
1344 384 1502 437 quibus
1525 395 1597 423 sa-

213 471 287 500 cra
314 459 497 501 adituris
520 459 668 500 decem
700 455 914 498 continuis
944 454 1121 495 rebus¹2
1154 451 1222 493 vel
1255 452 1432 504 triginta
1465 451 1597 491 certis

212 526 480 579 quibusdam
501 527 631 567 rebus
653 523 889 566 carendum
910 527 1016 564 erat.

158 593 393 635 Denicales
413 599 440 623 ¹³
457 600 469 616 ε
500 594 621 635 feriae
650 592 925 641 colebantur,
947 603 1047 632 cum
1068 588 1254 629 hominis
1277 586 1439 627 mortui
1461 597 1595 625 causa

210 660 376 702 familia
397 662 671 715 purgabatur.

157 726 384 777 Deorata,f
401 731 614 781 perorata.

732 658 880 700 Graeci
898 660 1012 700 enim
1033 656 1135 697 νέκυν
1150 660 1367 697 mortuum
1390 653 1554 694 dicunt.

157 794 464 847 Depeculatus
481 800 496 823 g
524 808 549 836 a
569 807 731 849 pecore
751 794 923 844 dicitur,
945 794 1021 847 qui
1042 793 1156 833 enim
1178 789 1390 845 populum
1410 786 1597 835 fraudat,

212 863 441 917 peculatus
462 877 597 918 poena
611 869 791 904 tenetur.

157 930 364 984 Deperire
378 929 392 951 ¹¹
424 931 640 984 significat
658 930 787 972 valde
808 931 959 985 perire.

758 1049 874 1061 oooooo

878 1047 995 1060 aeaeaeaeaeae

196 1128 239 1156 12
263 1125 406 1158 Quidam
424 1125 497 1156 libri
513 1126 667 1156 continuis
681 1126 882 1157 diebus—13
902 1125 957 1157 Al.
973 1123 1236 1156 Demades—14
1254 1119 1449 1161 Legendum
1462 1125 1600 1152 monent

155 1168 244 1200 Scal.
264 1169 346 1199 Dae.
371 1168 576 1208 Depeculatus
590 1180 608 1200 a
633 1170 773 1209 peculatu
788 1169 914 1200 dicitur.

803 1277 942 1312 No'rAE

157 1353 290 1393 populis
310 1354 450 1387 Atticae.
475 1357 572 1388 Idem.

198 1404 211 1424 b
242 1405 393 1446 Demum]
430 1407 571 1449 Postea,
602 1406 750 1438 tandem.
805 1407 850 1438 Et

154 1455 243 1494 apud
268 1456 397 1487 Livium
413 1457 563 1490 Andron.
587 1458 849 1498 legiturDemus.

153 1505 219 1535 Sed
250 1506 341 1537 locus
366 1517 433 1538 non
461 1513 567 1540 extat.
611 1509 667 1539 Sic
693 1506 849 1539 ‘rursus’

155 1564 217 1594 pro
234 1556 242 1571 ‘
257 1557 413 1588 rursum?
438 1558 537 1590 Idem.

196 1610 209 1625 ⁰
235 1606 303 1637 Alii
320 1608 440 1638 demum
463 1619 519 1648 pro
542 1607 712 1648 duntaxat]
744 1608 850 1640 Quin-

155 1657 262 1688 tilian.
279 1658 339 1689 lib.
357 1668 382 1690 1.
404 1669 433 1691 c.
454 1663 485 1690 4.
522 1664 530 1677 ¹
545 1660 695 1690 Possunt
720 1663 849 1689 tantum

156 1708 187 1738 id
218 1708 350 1741 demum
381 1710 470 1751 quod
508 1710 542 1741 in
581 1710 733 1751 proximo
771 1708 848 1740 est.’

156 1758 253 1789 Idem.

195 1809 209 1828 ‘¹
258 1810 406 1841 Denarioe
436 1810 637 1850 coerimonioe]
676 1809 849 1849 Denariae‚

157 1861 206 1890 vel
238 1861 536 1901 tridenariae‚cun1
565 1871 626 1902 per
650 1861 767 1891 decem
797 1860 850 1890 vel

156 1910 293 1949 triginta
323 1910 395 1942 dies
425 1911 457 1942 in
488 1917 582 1943 casto
614 1917 722 1946 erant,
754 1915 849 1941 ante-

154 1969 250 1998 quam
281 1969 374 1991 sacra
406 1962 683 2001 aggrederentur.
728 1960 784 1991 Sic
816 1960 849 1990 in

155 2009 247 2039 libris
286 2011 390 2041 sacris
424 2011 631 2046 sacerdotes,
670 2016 850 2051 antequam

154 2069 446 2097 consecrarentur,
459 2073 519 2103 per
531 2067 660 2102 septem
673 2062 851 2094 continuos

156 2111 224 2141 aies
262 2112 464 2143 caerimoniis
494 2112 660 2143 vacabant
695 2121 769 2153 quae
799 2111 846 2142 sic

155 2163 358 2199 septenariae
377 2162 442 2193 dici
459 2169 612 2203 potuere.
641 2163 736 2194 [dem.

196 2216 209 2230 ι’
233 2212 411 2252 Denicales]
443 2213 474 2244 A
497 2223 569 2253 nex,
587 2223 672 2253 neco,
695 2211 782 2243 unde
798 2213 848 2242 de·

155 2270 236 2292 neco·
281 2262 380 2294 Unde
403 2264 563 2295 «lenientes.
609 2263 730 2294 Cicero
747 2271 787 2293 11.
805 2261 848 2293 de

155 2311 258 2351 legib.
282 2316 291 2330 ‘
307 2313 381 2344 Nec
399 2323 478 2345 vero
496 2319 563 2344 tam
580 2313 762 2348 denicales,
775 2322 848 2353 quoe

155 2371 173 2391 a
196 2371 278 2392 nece
301 2365 478 2402 appellatae
498 2370 588 2403 sunt,
605 2365 685 2405 quia
701 2364 851 2395 residen-

156 2418 211 2442 tur
235 2414 372 2452 mortui,
396 2424 495 2454 quam
519 2419 708 2445 ceterorum
734 2415 850 2445 coeles-

157 2464 238 2493 tium
257 2464 360 2504 quieti
379 2464 462 2503 dies,
476 2463 568 2495 feriae
584 2465 851 2503 nominarentur,

156 2515 219 2545 nisi
240 2517 384 2556 majores
401 2526 470 2556 eos,
490 2517 546 2556 qui
568 2526 610 2546 ex
627 2517 689 2546 liae
707 2515 776 2546 vita
789 2516 850 2546 mi-

156 2572 323 2606 grassent,
339 2567 373 2597 in
392 2567 540 2597 Deorum
553 2575 692 2596 numero
706 2574 780 2596 esse
794 2575 850 2596 vo·

157 2617 308 2647 luissent.
353 2617 419 2647 Eas
449 2617 481 2646 in
510 2626 566 2646 eos
594 2616 665 2646 dies
693 2614 850 2646 conferre

154 2669 223 2707 με,
241 2666 360 2708 quibus
378 2676 487 2708 neque
508 2666 614 2707 ipsius
637 2675 747 2706 neque
766 2665 850 2705 pub-

158 2720 232 2750 licae
265 2717 358 2750 feriae
389 2717 489 2749 sunt!
534 2716 696 2749 Columel.
725 2715 781 2747 lib.
809 2724 849 2746 Π.

905 1364 981 1395 cap.
996 1353 1059 1384 ult.
1089 1356 1096 1370 ‘
1111 1352 1182 1384 Nos
1201 1351 1290 1393 apud
1309 1349 1495 1382 Pontifices
1518 1349 1600 1389 legi-

904 1413 977 1436 mus
994 1403 1088 1435 feriis
1113 1407 1244 1434 tantum
1269 1401 1475 1433 denicalibus
1493 1400 1600 1431 mulos

898 1456 1048 1496 jungere
1078 1463 1144 1485 non
1176 1454 1290 1494 licere,
1320 1451 1443 1484 celeris
1476 1449 1603 1482 ficere!

904 1506 1002 1537 Idem.

945 1555 958 1576 f
970 1554 1127 1594 Deorata]
1147 1556 1234 1586 Nam
1249 1554 1396 1586 Veteres
1413 1555 1422 1572 ‘
1434 1554 1578 1585 deorare
1593 1553 1601 1565 '

904 1606 1063 1638 dicebant
1080 1615 1140 1645 pro
1158 1609 1165 1622 ‘
1181 1604 1364 1645 perorare!
1389 1605 1485 1636 Idem.

946 1662 961 1683 8
986 1655 1210 1696 Depeculatus]
1241 1653 1461 1694 Legendum:
1498 1654 1598 1693 Depe-

904 1711 1023 1741 calatus
1049 1719 1067 1739 a
1086 1708 1230 1749 peculatu
1250 1707 1378 1738 dicitur.
1425 1706 1524 1739 Quod
1550 1715 1601 1736 se-

905 1760 1086 1803 quentibus
1100 1759 1340 1791 confirmatur:
1359 1763 1492 1789 veteres
1504 1757 1601 1788 Grae—

905 1820 1020 1843 corum
1048 1809 1214 1850 magistri:
1247 1808 1509 1849 ‘Depeculatio,
1530 1817 1601 1837 νοσ-

904 1863 1018 1904 φισμὸς
1034 1860 1187 1901 δημοσίων
1202 1859 1392 1901 χρημάτων.’
1407 1859 1475 1890 Jos.
1494 1858 1579 1890 Scal.

946 1912 1171 1953 Depeculatus]
1205 1913 1298 1952 Lege
1315 1920 1390 1942 cum
1408 1910 1600 1949 Scaligero:

904 1964 1110 2004 Depeculatus
1152 1973 1171 1992 a
1203 1962 1343 2002 peculatu
1374 1960 1502 1991 dicitur.
1559 1959 1602 1989 Id

905 2014 1050 2056 probant
1068 2012 1256 2053 sequentia.
1293 2010 1439 2041 Pecularz'
1459 2015 1495 2040 et
1513 2010 1601 2048 depe-

905 2064 1004 2096 culari
1020 2068 1073 2095 est
1096 2062 1213 2102 furari,
1229 2067 1264 2093 et
1291 2062 1333 2092 de
1356 2060 1447 2092 furto
1463 2060 1601 2101 publico

903 2114 1040 2156 proprie
1058 2113 1194 2152 dicitnr,
1210 2122 1288 2143 nam
1312 2112 1340 2142 is
1364 2112 1420 2152 qui
1437 2111 1598 2151 populum

903 2164 1051 2204 fraudat,
1067 2163 1256 2204 peculatus,
1269 2162 1332 2193 hoc
1345 2167 1409 2196 est,
1419 2160 1499 2191 furti
1518 2161 1600 2201 pub-

904 2216 959 2246 lici
976 2224 1075 2254 poena
1100 2219 1248 2244 tenetur.
1292 2212 1377 2243 Inde
1395 2219 1508 2243 autem
1535 2221 1599 2242 vox

899 2265 1038 2306 peculari
1064 2269 1174 2295 tracta
1200 2268 1265 2302 est,
1293 2262 1380 2302 quod
1412 2271 1488 2292 cum
1515 2262 1601 2292 anti-

904 2316 1017 2356 quitus
1035 2323 1116 2354 opes
1132 2312 1204 2344 fere
1228 2312 1259 2342 in
1278 2310 1456 2351 pecoribus
1478 2311 1601 2342 consis-

906 2370 1030 2403 terent,
1067 2363 1182 2393 multae
1226 2370 1349 2401 pecore
1386 2360 1600 2398 dicebantur,

905 2424 1045 2456 quarum
1064 2414 1090 2443 si
1108 2420 1227 2444 aversa
1240 2410 1385 2450 pecunia
1399 2416 1598 2450 esser‚pecu-

905 2466 987 2495 latus
1002 2461 1292 2494 committebatur.
1336 2459 1424 2490 Vide
1444 2460 1453 2475 ‘
1465 2461 1599 2500 peculae

906 2514 981 2546 tus!
1009 2514 1092 2544 Dae.

946 2563 961 2583 ¹¹
984 2562 1152 2603 Deperire]
1178 2560 1287 2592 Valde
1305 2560 1429 2601 perire,
1446 2559 1597 2591 funditus

906 2615 1028 2655 perire.
1072 2612 1158 2644 Inde
1175 2612 1329 2652 deperire
1346 2611 1473 2642 dicitur
1489 2611 1526 2645 is,
1542 2612 1599 2651 qui

905 2664 1056 2698 efflictim
1074 2667 1164 2695 amat
1180 2668 1214 2694 et
1230 2661 1375 2703 perdite.
1402 2662 1500 2693 Idem2
