1835 2906
356 170 418 199 DE
452 168 723 200 VERBORUM
756 165 1162 198 SlGNlFICATIONE
1197 166 1288 197 LlB.
1322 167 1384 196 Vl.
1518 155 1602 197 273

160 264 348 307 Formab
379 266 598 319 significat
632 264 765 306 modo
799 261 957 304 faciem
982 260 1195 314 cujusque
1222 262 1300 311 rei,
1338 260 1469 302 modo
1499 261 1603 302 cali-

215 333 332 383 dam,
353 337 399 374 ut
428 346 529 374 cum
559 337 676 381 exta,
705 343 804 386 quae
840 329 1008 376 dantur,
1046 327 1243 368 deforma
1274 329 1603 381 appellantur.¹4

215 399 273 440 Et
289 399 401 441 Cato
419 401 482 441 ait
503 400 556 441 de
573 400 760 454 quodam
782 397 972 439 aedificio
995 400 1150 437 aestate
1172 395 1344 448 frigido,
1362 396 1499 436 hieme
1516 395 1602 436 for-

215 467 344 507 mido.
405 468 516 508 Item
540 468 678 508 forma
699 464 949 519 appellatur
970 465 1067 518 puls
1084 463 1286 504 miliacea
1305 475 1364 502 ex
1385 463 1525 503 melle.

158 532 373 575 Formiaec
414 534 623 588 oppidum
660 533 909 587 appellatur
946 544 1002 572 ex
1042 530 1220 580 Graeco,
1255 530 1377 570 velut·
1408 529 1601 578 hormiae,

211 602 332 654 quod
365 603 484 643 circa
515 602 603 642 id¹⁵
641 602 804 642 crebrae
840 599 1053 640 stationes
1089 603 1286 652 tutaeque
1316 600 1453 647 erant,
1490 596 1600 636 unde

214 668 609 720 proficiscebantur
632 666 898 721 navigaturi.

158 735 445 776 Formucales
462 735 494 760 ¹⁶
509 733 527 757 ‘²
554 735 742 789 forcipes
763 735 905 784 dictae,
928 733 1046 788 quod
1065 734 1204 774 forma
1230 733 1426 786 capiant,
1448 732 1492 773 id
1511 737 1597 781 est,

214 802 441 844 ferventia.

156 868 419 911 Fornacalia
433 876 447 892 Θ
468 869 587 911 feriae
601 869 813 910 institutae
829 873 933 909 sunt
947 868 1073 909 farris
1091 867 1274 909 torrendi
1290 866 1450 920 gratia:
1481 866 1601 920 quod

753 978 770 990 0
777 977 998 991 OOOOO‘OONO

202 1069 239 1097 14
265 1065 464 1105 Legendum
481 1070 596 1097 monet
611 1066 699 1097 Scal.
715 1069 749 1096 ut
764 1075 833 1096 cum
847 1068 933 1103 exta,
949 1074 1017 1104 quoe
1033 1065 1159 1103 dantur,
1184 1063 1332 1094 Formida
1354 1063 1601 1103 appellantur.--

156 1112 194 1140 15
221 1109 283 1140 Ed.
295 1110 383 1141 Scal.
400 1109 482 1140 circa
498 1109 661 1140 ἢπερ-16
685 1107 882 1148 Legendum
899 1112 1037 1138 monent
1051 1107 1140 1138 Scal.
1157 1111 1192 1137 et
1207 1105 1509 1145 Dac.formucapes.

806 1226 838 1258 N
844 1225 946 1258 OTAE

150 1300 275 1332 rendo:
300 1300 390 1331 Hinc
414 1300 516 1331 etiam
539 1299 641 1331 foetus
656 1309 777 1331 nomen
794 1299 851 1330 ha·

150 1351 232 1382 bere
249 1350 394 1391 putant.’
440 1351 561 1381 Festus
584 1350 722 1381 hordain
747 1350 849 1380 etiam

149 1399 231 1435 dici,
247 1404 284 1430 et
298 1398 497 1436 hordicidia,
512 1399 663 1431 ostendit
685 1400 784 1430 litera
805 1398 850 1429 H.

150 1449 230 1482 Ant.
246 1448 334 1488 Aug.

194 1499 400 1541 Fordicidiis]
421 1499 655 1531 Glossarium:
689 1498 698 1516 ‘
712 1498 850 1533 Fordas,

149 1549 405 1589 ἐγκυμονούσας.’
432 1555 441 1567 ‘
457 1550 580 1586 Forda,
601 1548 691 1581 θυσία
719 1548 850 1588 ἐγκύμο-

149 1613 200 1633 νος
215 1601 311 1638 βοός.’
333 1602 402 1632 Jos.
417 1601 502 1632 Scal.

194 1650 401 1690 Fordicidiis]
433 1650 540 1680 Varro
556 1649 615 1680 lib.
631 1657 680 1680 lv.
696 1648 739 1679 de
755 1648 793 1679 L.
812 1648 848 1679 L.

149 1701 161 1717 ‘
172 1701 364 1732 Fordicidia
377 1710 395 1731 a
406 1699 511 1730 fordis
528 1699 656 1730 bubus:
676 1699 735 1730 bos
751 1697 848 1729 forda

149 1760 226 1791 quae
241 1749 310 1780 fert
333 1750 364 1780 in
381 1754 520 1780 ventre:
554 1759 574 1779 a
593 1746 697 1779 fordis
715 1747 848 1778 caeden-

150 1800 201 1830 dis
218 1799 403 1831 sordicidia
415 1798 519 1837 dicta,
534 1799 621 1838 quod
639 1808 679 1829 eo
696 1798 750 1828 die
764 1797 848 1837 pub-

148 1850 215 1881 lice
232 1850 447 1880 immolantur
458 1849 562 1880 boves
579 1852 797 1888 praegnantes
814 1847 847 1877 in

149 1900 254 1931 curiis
292 1898 508 1940 complures.’
555 1898 643 1929 Vide
682 1899 691 1916 ‘
707 1896 849 1929 Horda.'

151 1950 235 1982 Dae.

192 1998 207 2019 b
230 2000 361 2039 Forma]
401 1999 551 2030 Formam
577 1998 706 2039 antiqui
730 1997 848 2028 dixere

148 2049 296 2088 calidum,
325 2049 415 2089 quod
444 2053 498 2080 est
529 2059 548 2079 a
579 2048 702 2079 Graeco
729 2045 848 2086 Θερμός.

149 2099 249 2130 Unde
264 2100 274 2116 ‘
288 2097 462 2130 deformus
476 2098 484 2110 ’
500 2098 589 2139 apud
604 2098 768 2128 Catonem
781 2097 849 2128 val-

149 2147 193 2180 de
209 2149 350 2180 calidus.
397 2148 483 2179 Inde
506 2149 515 2165 ‘
528 2147 637 2178 forma
650 2147 659 2160 '
675 2157 736 2187 pro
753 2146 852 2187 facie,

154 2202 191 2229 et
205 2198 474 2239 pulchritudine,
486 2203 522 2230 et
537 2197 546 2214 ‘
558 2197 748 2229 formosus?
769 2197 851 2230 Qui-

150 2247 229 2279 dam
256 2258 321 2279 nou
341 2249 493 2287 formum,
509 2247 567 2279 sed
578 2247 707 2286 forvum
721 2247 851 2284 dicunt,

151 2307 172 2329 a
191 2297 346 2334 fervendo
362 2299 504 2329 scilicet.
548 2298 684 2329 Servius
700 2308 708 2328 z
735 2302 744 2315 ‘
762 2298 850 2328 Nam

902 1298 989 1340 ignis
1022 1297 1145 1328 amoris
1175 1295 1354 1327 exoritur.'
1398 1295 1521 1326 Melius
1552 1300 1601 1327 ta-

903 1359 978 1380 men
997 1348 1106 1386 forma
1124 1347 1177 1379 vel
1197 1346 1238 1378 ab
1260 1345 1367 1387 ὅραμα,
1385 1345 1437 1376 vel
1454 1356 1472 1375 a
1487 1344 1602 1385 μορφὴ,

903 1397 1117 1437 transpositis
1147 1395 1266 1428 literis.
1311 1396 1364 1426 De
1393 1396 1501 1432 forma
1540 1405 1601 1435 pro

900 1448 985 1487 pulte
1008 1456 1105 1477 nemo
1128 1446 1216 1487 quod
1242 1445 1344 1476 sciam
1371 1449 1498 1485 praeter
1523 1444 1603 1475 Fes-

902 1500 974 1527 tum
993 1496 1157 1527 meminit.
1182 1495 1280 1526 Idem.

945 1552 958 1568 ⁰
982 1547 1132 1586 Formioe]
1167 1544 1361 1586 Campaniae
1390 1544 1483 1583 urbs,
1508 1544 1604 1586 quasi

902 1598 1042 1632 hormiae,
1071 1597 1182 1638 inquit
1200 1597 1336 1627 Festus.
1379 1594 1465 1624 Eum
1497 1594 1603 1633 igitur

903 1647 1004 1677 latuit
1027 1647 1121 1687 prius
1148 1645 1286 1684 dictam,
1309 1644 1465 1674 Hormz'oe.
1488 1644 1604 1675 Strab.

903 1698 961 1728 lib.
980 1707 1016 1728 v.
1040 1697 1127 1735 Ἑξῆς
1137 1695 1171 1726 δὲ
1183 1694 1317 1735 Φορμίαι,
1330 1694 1507 1725 Λακωνικὸν
1517 1693 1604 1725 κτίσ-

901 1757 954 1785 μα·
977 1746 1097 1786 Ὀρμίαι
1112 1745 1285 1786 λεγόμενον
1300 1744 1460 1785 πρότερον,
1476 1744 1525 1775 διὰ
1547 1744 1604 1775 τὸν

903 1798 1054 1838 εὕορμυνε
1094 1797 1126 1827 id
1155 1802 1222 1836 est,
1250 1796 1259 1812 ‘
1277 1794 1413 1827 Deinde
1444 1795 1604 1833 Formiae,

902 1849 1062 1889 oppidum
1074 1857 1093 1878 a
1105 1846 1296 1878 Laconibus
1309 1845 1480 1876 conditum
1493 1856 1501 1883 3
1517 1845 1604 1876 Hor-

903 1898 979 1928 miae
1005 1898 1099 1938 prius
1122 1898 1251 1929 dictum
1274 1900 1417 1936 propter
1440 1900 1604 1936 opportu-

902 1948 1044 1979 nitatem
1076 1945 1219 1987 portus!
1274 1946 1365 1976 Plin.
1403 1944 1602 1984 ‘Oppidum

904 1997 1060 2036 Formiae,
1082 1996 1236 2027 Hormiae
1259 1995 1400 2032 dictum,
1421 1997 1459 2023 nt
1485 1994 1604 2024 existi-

904 2043 1604 2088 mavere,antiquaLaestrygonumsedesx

906 2098 1032 2128 Nescio
1062 2096 1150 2126 unde
1178 2095 1314 2126 Servius
1341 2092 1401 2123 ἀπὸ
1427 2093 1483 2128 τῆς
1510 2092 1604 2131 ὁρμῆς

907 2148 1036 2178 dictum
1065 2146 1215 2178 tradidit.
1261 2142 1451 2177 ‘Formiae‚’
1481 2142 1604 2182 inquit,

906 2202 914 2215 ¹
929 2207 1005 2238 quae
1023 2200 1102 2227 ante
1122 2194 1284 2229 Hormiae,
1301 2192 1362 2223 ἀπὸ
1377 2192 1431 2227 τῆς
1448 2192 1552 2232 ὁρμῆς,
1569 2192 1602 2222 id

905 2253 971 2286 est,
988 2248 1030 2279 ab
1048 2249 1187 2287 impetu,
1204 2243 1330 2276 dictae.'
1352 2243 1450 2273 Idem.

946 2299 961 2320 ⁴¹
985 2295 1198 2335 Formucales]
1223 2292 1406 2325 Manifesto
1422 2291 1602 2332 legendum

151 2346 285 2379 forbum
301 2352 354 2379 est
378 2348 538 2386 calidum,
563 2349 649 2378 uude
673 2351 709 2378 et
728 2347 850 2378 formo·
896 2349 1105 2388 sormucapes,
1140 2345 1229 2377 unde
1254 2347 1468 2375 contractum
1495 2343 1604 2374 Forcz'-

152 2406 206 2428 sos
228 2397 386 2436 dicimus,
411 2397 532 2437 quibus
557 2398 652 2428 color
677 2398 850 2436 sanguinis

153 2455 197 2477 ex
235 2447 359 2478 rubore
406 2447 692 2487 pulchritudinem
729 2447 850 2478 creat!

151 2496 220 2528 Sed
232 2498 350 2527 melius
359 2496 508 2533 formum.
535 2497 661 2527 Donat.
672 2497 705 2526 in
716 2497 852 2527 phorm.

153 2545 232 2578 Aet.
247 2554 289 2577 11.
311 2547 366 2578 Sc.
381 2549 412 2579 2.
434 2548 442 2564 ‘
458 2547 600 2577 Veteres
618 2546 727 2586 ignem
745 2551 780 2576 et
798 2555 850 2576 ca-

154 2596 261 2627 lorem
278 2597 459 2637 quendam,
474 2597 568 2638 quasi
582 2595 762 2636 fervorem,
778 2597 850 2626 dix-

155 2650 257 2676 erunt
280 2645 435 2685 formam,
452 2651 486 2677 et
509 2645 585 2676 ideo
605 2644 759 2677 fornaces
783 2645 851 2676 for-

157 2696 263 2737 cipes,
280 2696 420 2728 formam
438 2702 475 2728 et
488 2695 663 2736 formosos,
674 2705 715 2726 ex
731 2696 851 2737 quibus

242 2740 359 2789 Delph‘.
374 2753 404 2781 et
419 2750 494 2782 ναν.
509 2749 595 2782 ctas.

902 2409 966 2439 pes.
991 2398 1064 2430 Jos.
1081 2396 1172 2427 Scal.

949 2445 1162 2484 Furmacutes]
1179 2443 1371 2482 Legendum
1386 2443 1602 2483 Formucapes,

905 2503 943 2528 ut
973 2497 1100 2537 optime
1134 2495 1296 2534 Scaliger.
1356 2492 1396 2524 Id
1426 2494 1604 2534 sequentia

905 2548 1065 2579 clamant.
1090 2546 1170 2576 Duc.

948 2601 960 2617 e
984 2594 1185 2634 Fornacalia]
1225 2592 1329 2625 Ovid.
1357 2592 1418 2623 lib.
1444 2601 1483 2623 n.
1509 2592 1600 2623 Fast.

905 2645 914 2662 ‘
928 2647 1033 2677 Facta
1049 2646 1123 2675 Dea
1136 2650 1187 2675 est
1201 2644 1348 2675 Fornax:
1365 2644 1434 2674 laeti
1449 2643 1601 2673 Fornace

907 2695 1016 2727 coloni
1035 2696 1159 2734 Orant,
1175 2699 1211 2725 ut
1228 2693 1342 2735 fruges
1358 2698 1526 2733 temperet
1543 2692 1599 2722 illa

776 2749 887 2789 Pomp.
905 2749 935 2779 F
935 2752 993 2780 est.
1493 2746 1515 2774 S
