1835 2906
195 146 278 188 160
637 154 781 186 sux'm
817 153 1020 184 POMPEII
1055 152 1191 183 FEsT1

196 250 388 294 Classici
409 251 545 292 testes
562 250 574 272 t
600 249 878 298 dicebantur,
905 248 980 302 qui
1010 246 1234 300 signandis
1261 244 1538 287 testamentis
1560 244 1634 285 ad-

252 318 529 359 hibebantur.

197 384 368 424 Classis
388 385 649 438 procincta‚¹¹
670 384 889 424 exercitus
908 383 1162 423 instructus.

198 452 368 493 Clavax
387 453 463 493 teli
484 465 636 506 genus,
657 464 746 505 qua
767 451 988 491 Hercules
1011 450 1224 490 utebatur.

198 518 415 561 clavat-ay
445 520 651 560 dicuntur
682 522 756 559 aut
789 518 1050 559 vestimenta
1082 516 1220 557 clavis
1248 516 1531 564 intertexta,¹9
1561 519 1637 555 aut.

253 587 537 628 calciamenta
559 586 698 627 clavis
719 585 909 627 confixa.

199 651 442 694 Claudere²
461 658 505 694 et
526 652 665 694 clavis
683 665 738 692 ex
763 651 924 693 Graeco
940 650 1194 692 descendit:
1226 649 1353 703 cujus
1369 647 1433 688 rei
1454 646 1637 687 tutelam

253 733 390 774 penes
421 721 739 762 Portumnuma
775 732 876 759 esse
906 719 1135 772 putabant,
1167 717 1240 770 qui
1267 716 1427 756 clavim
1443 719 1478 737 ²0
1509 725 1637 754 manu

254 792 397 828 tenere
418 787 673 839 fingebatur,
697 790 739 827 et
764 786 888 826 Deus
909 786 1147 839 putabatur
1165 797 1262 825 esse
1283 786 1539 836 portarum.¹

800 903 936 915 ‘‘‘‘‘‘

939 903 1035 914 emo

242 973 282 1001 19
307 970 358 1001 ΑΙ.
375 971 596 1003 haeum—20
621 971 674 1002 Al.
691 972 882 1002 clatum—l
909 970 975 1000 Alii
991 972 1145 1009 portuum.

850 1077 992 1110 NOTAE

199 1143 209 1161 ‘
221 1142 391 1174 Classibus
407 1143 459 1174 hic
476 1143 592 1174 locus.'
611 1144 654 1175 Et
673 1143 775 1175 alibi:
799 1143 893 1175 ‘Scio

199 1202 253 1224 me
270 1192 401 1223 Danais
429 1202 446 1222 e
469 1193 631 1224 classibus
657 1193 782 1224 unum.’
827 1193 893 1224 Sed

199 1252 260 1283 pro
274 1243 426 1274 exercitu
443 1244 556 1274 nescio
579 1253 621 1274 an
638 1243 800 1283 exemplis
818 1253 893 1283 pos-

199 1294 245 1325 sit
258 1292 404 1324 firmari:
431 1298 510 1324 tunc
535 1294 620 1324 enim
638 1295 762 1324 classem
778 1303 894 1324 nume-

199 1353 237 1374 ro
253 1343 413 1383 singulari
431 1343 584 1375 solebant
601 1344 727 1375 dicere.
766 1344 829 1375 Cui
846 1344 895 1374 rei

199 1394 299 1424 fidem
329 1391 459 1423 faciunt
486 1393 650 1433 Isidorus,
679 1394 798 1424 Numae
827 1393 893 1432 lex,

200 1444 342 1483 Gellius,
378 1449 411 1475 et
440 1445 512 1483 ipse
537 1445 656 1475 Festus
696 1445 729 1475 in
754 1444 894 1476 ‘classis

200 1494 398 1534 procincta?
442 1494 566 1525 Locum
584 1494 651 1525 adi.
676 1495 758 1526 Duc.

241 1546 251 1563 ῑ
276 1544 407 1575 Classici
438 1545 545 1585 testes]
593 1545 670 1576 Hoc
703 1550 767 1585 est,
796 1545 894 1576 Cives

201 1593 357 1624 Romani.
403 1595 470 1627 Qui
488 1595 576 1625 enim
600 1594 688 1626 cives
706 1594 770 1626 Ro.
788 1599 896 1635 erant,

201 1642 335 1674 omnino
352 1643 384 1673 in
402 1644 511 1684 aliqua
527 1644 636 1675 classe
655 1644 894 1675 censebantur.

202 1692 269 1724 Qui
284 1701 347 1723 uon
363 1692 536 1724 habebant
551 1694 708 1733 classem,
723 1703 784 1724 nec
803 1693 895 1724 cives

202 1743 264 1774 Ro.
280 1748 389 1775 erant.
412 1745 480 1775 Jos.
497 1745 582 1775 Scal.

245 1798 258 1813 ¹¹
285 1794 401 1824 Classis
412 1794 585 1834 procincta]
612 1794 791 1825 Exercitus
807 1793 898 1825 ordi-

193 1847 315 1883 ¹natus,
338 1843 379 1873 ad
408 1853 553 1883 pugnam
580 1850 730 1883 paratus.
776 1843 899 1874 Fabius

203 1894 323 1924 Pictor
348 1894 436 1934 apud
463 1893 632 1924 Gellium:
671 1894 789 1933 ‘Equo
815 1893 898 1923 Dia-

201 1944 268 1974 lem
286 1944 471 1975 Flaminem
490 1944 564 1974 vehi
582 1944 702 1984 religio
719 1948 791 1981 est;
813 1943 897 1973 clas-

203 2003 274 2024 sem
291 1995 500 2034 procinctam
527 1999 606 2025 ante
632 1994 842 2034 pomoerium,
863 1993 896 2023 id

202 2048 266 2083 est,
282 2044 468 2075 exercitum
486 2049 649 2075 armatum
666 2042 801 2074 videre)
828 2043 898 2074 Nu-

202 2103 259 2123 ma
296 2093 329 2123 in
353 2093 428 2133 lege
447 2104 454 2123 ε
501 2097 509 2110 ‘
533 2094 686 2125 Qv01v5.
730 2100 897 2123 AvSPIClo

204 2151 339 2174 enasse.
353 2142 653 2182 emeritensem.
679 2141 770 2172 Vide
788 2143 796 2159 ‘
813 2141 897 2182 Opi-

203 2191 281 2223 1na.’
306 2193 388 2224 Duc.

245 2248 261 2262 Χ
287 2243 398 2283 Clara]
421 2243 452 2275 A
476 2253 541 2284 qua
556 2243 705 2283 claviger
722 2242 898 2274 Hercules.

205 2293 298 2324 Nota
324 2294 457 2325 interim
484 2295 622 2325 Festum
650 2294 777 2324 clavam
807 2293 899 2323 telum

205 2352 340 2374 vocare.
386 2344 474 2375 Nam
497 2344 575 2375 inde
600 2343 663 2375 tibi
687 2343 817 2384 patebit
832 2344 899 2374 Ve-

206 2397 297 2423 teres
322 2402 388 2424 non
412 2403 452 2424 ea
469 2399 597 2425 tantum
615 2404 690 2435 quae
707 2402 804 2424 manu
823 2393 898 2423 mit-

208 2447 375 2482 terentur,
391 2444 448 2473 sed
464 2444 528 2474 alia
544 2444 645 2474 etiam
663 2443 783 2484 quibus
798 2442 899 2473 comi-

208 2501 270 2523 nus
295 2498 484 2532 pugnarent
508 2495 575 2524 tela
593 2494 728 2525 dixisse.
772 2494 828 2524 Sic
845 2501 901 2523 en-

208 2550 278 2572 sem
292 2543 385 2572 telum
401 2542 546 2573 vocavit.
562 2543 657 2583 Virg.
674 2552 724 2573 vr.
748 2543 756 2559 ‘
769 2541 815 2573 At
832 2551 899 2573 non

206 2592 281 2622 haec
299 2592 400 2622 telum
418 2602 492 2623 mea
508 2593 595 2633 quod
613 2594 645 2623 vi
660 2594 802 2624 dextera
826 2603 898 2624 ver—

207 2646 261 2672 sat
277 2640 436 2682 Effugies,
459 2651 569 2683 neque
592 2643 678 2673 enim
702 2645 728 2674 is
752 2644 812 2675 teli
837 2653 900 2675 nec

209 2692 355 2722 vulneris
370 2698 496 2723 auctor.
534 2692 590 2723 Sic
607 2693 665 2731 ait,
680 2698 713 2724 et
730 2694 898 2725 sublatum

947 1143 1016 1174 alte
1033 1142 1207 1182 consurgit
1223 1141 1256 1171 in
1273 1137 1410 1171 ensem.'
1436 1138 1534 1168 Idem.

989 1199 1003 1219 5
1029 1193 1177 1233 elavata]
1212 1190 1425 1221 Vestimenta
1443 1187 1547 1218 clavis
1565 1195 1642 1227 pur·

948 1244 1063 1284 pureis
1088 1243 1130 1274 ad
1158 1252 1250 1274 oram
1279 1244 1462 1282 praetexta‚
1483 1246 1542 1268 seu
1569 1240 1643 1267 tota

949 1295 1037 1325 facie
1066 1294 1240 1333 descripta
1266 1297 1300 1322 et
1327 1294 1477 1328 exarata,
1501 1297 1642 1328 quorum

949 1345 1011 1375 alia
1037 1344 1115 1375 latis
1137 1343 1253 1382 clavis,
1277 1345 1480 1374 senatorum,
1499 1339 1564 1368 alia
1587 1346 1643 1367 an-

950 1395 1055 1435 gustis
1073 1394 1190 1429 clavis,
1208 1392 1358 1433 equitum
1381 1389 1530 1430 propria,
1546 1393 1643 1417 nota-

950 1445 1083 1476 bantur.
1135 1443 1228 1474 Clavi
1261 1447 1373 1472 autem
1404 1439 1450 1470 illi
1481 1436 1644 1478 purpurei

948 1495 1089 1536 figuram
1105 1503 1170 1524 non
1184 1494 1280 1524 aliam
1297 1489 1530 1531 exprimebant
1543 1497 1643 1528 quam

950 1545 1020 1575 veri
1050 1544 1147 1575 clavi.
1207 1541 1307 1573 Unde
1338 1547 1373 1571 et
1403 1539 1645 1570 nominantur:

949 1605 1025 1625 nam
1057 1595 1150 1630 ἥλους
1190 1592 1292 1623 etiam
1328 1589 1441 1620 Graeci
1474 1591 1644 1618 vocarunt.

949 1644 1048 1675 Unde
1065 1643 1175 1680 ἔνηλος
1197 1642 1300 1672 vestis
1328 1648 1479 1679 purpura
1501 1638 1646 1667 clavata.

952 1694 1062 1724 Gloss.
1096 1694 1106 1709 ⁴
1124 1693 1252 1731 clavus,
1284 1687 1425 1730 πορφύρα
1452 1686 1647 1727 ὑφασμένη;’

953 1753 1104 1786 purpura
1121 1743 1265 1773 intexta.
1291 1741 1390 1770 Idem.

994 1800 1006 1814 ²
1032 1793 1198 1833 Claudere]
1233 1792 1456 1822 Portumnum
1481 1786 1647 1828 portubus

953 1854 1099 1885 praeesse
1113 1848 1208 1874 notat
1220 1839 1425 1873 Serviuslib.
1441 1848 1490 1869 vr.
1517 1835 1647 1868 AEneid.

954 1905 995 1925 ex
1013 1895 1076 1924 illis
1092 1893 1228 1934 Virgilii
1250 1890 1422 1922 versibus:
1458 1893 1466 1905 ‘
1480 1889 1524 1919 Et
1549 1893 1647 1926 pater

951 1945 1024 1984 ipse
1043 1952 1141 1974 manu
1157 1950 1279 1982 magna
1295 1941 1495 1971 Portumnus
1509 1942 1646 1967 euntem

952 1995 1112 2035 Impulit:
1145 1994 1202 2024 illa
1220 1992 1310 2023 Noto
1327 1990 1428 2021 citius
1450 1987 1646 2026 volucrique

951 2045 1071 2083 sagitta
1089 2043 1142 2074 Ad
1168 2048 1289 2074 terram
1314 2039 1415 2079 fugit,
1439 2042 1474 2068 et
1495 2041 1593 2077 portu
1611 2044 1646 2065 se

950 2093 1101 2125 condidit
1117 2091 1210 2123 alto)
1234 2092 1278 2121 Et
1291 2090 1401 2120 Varro
1414 2088 1514 2118 lib.v.
1537 2088 1546 2103 ‘
1562 2086 1645 2116 Por-

951 2134 1138 2181 tumnalia'‚’
1162 2140 1283 2182 inquit,
1307 2139 1348 2168 ‘a
1373 2138 1572 2172 Portumno,
1591 2135 1645 2165 cui

951 2203 991 2224 eo
1008 2192 1062 2223 die
1083 2191 1173 2222 aedes
1195 2191 1228 2221 in
1252 2194 1352 2230 portu
1367 2187 1527 2219 Tiberino
1544 2185 1646 2224 facta,

951 2248 986 2273 et
1000 2241 1092 2273 seriae
1110 2239 1297 2273 institutae.’
1327 2239 1368 2269 In
1387 2237 1485 2268 aereis
1503 2236 1646 2267 nummis

953 2292 1100 2323 Neronis
1131 2281 1246 2330 portus
1291 2287 1462 2320 Ostiensis
1494 2285 1648 2326 agnosci-

953 2347 1021 2379 tur,
1043 2351 1117 2372 cum
1139 2340 1238 2380 hujus
1257 2338 1324 2370 Dei
1356 2337 1512 2376 imagine.
1559 2334 1645 2366 Vide

954 2391 1057 2423 Ovid.
1073 2391 1129 2422 lib.
1148 2400 1196 2421 vr.
1213 2389 1341 2419 Fastor.
1365 2387 1443 2417 Ant.
1461 2385 1547 2424 Aug.

998 2443 1146 2473 Claudere
1162 2445 1191 2472 et
1207 2440 1318 2480 clavis]
1353 2437 1494 2476 Claud0‚
1511 2446 1530 2466 a
1546 2435 1647 2466 Dori-

953 2502 992 2524 co
1008 2491 1129 2532 κλᾳ’ζω,
1146 2491 1250 2522 clavis
1268 2500 1286 2520 a
1302 2489 1392 2530 κλᾷξ.
1417 2488 1497 2518 Dae.

996 2548 1010 2563 ³
1034 2540 1255 2580 Portumnum]
1278 2541 1442 2571 Portuum
1460 2537 1561 2567 Deus.
1601 2536 1645 2566 Et

953 2593 1001 2623 ita
1019 2592 1210 2633 legendum,
1225 2599 1291 2621 non
1305 2592 1486 2629 portarum.-
1510 2585 1552 2616 de
1570 2585 1644 2615 Me-

953 2643 1084 2681 licerta,
1104 2640 1314 2672 Athamantis
1337 2638 1420 2674 filio,
1438 2637 1492 2676 qui
1510 2636 1542 2666 in
1560 2634 1644 2665 Por-

954 2698 1105 2723 tumnum
1120 2699 1235 2722 versus
1248 2693 1399 2727 est‚nota
1413 2685 1539 2717 fabula.
1555 2684 1643 2715 Vide
