1835 2906
203 95 289 137 492

651 106 798 136 SEX'I'I
834 106 888 136 ΡΟ
898 105 1032 136 MPEll
1068 104 1204 135 FESTI

267 199 452 242 Valerius
484 201 709 244 Laevinus:
747 201 1016 242 Posthumus
1052 200 1260 241 Comimus
1282 200 1503 251 Armzcusp
1536 200 1649 244 Mal-

262 268 352 309 lius
390 268 641 318 Tolerinus,
687 269 738 309 P.
790 267 974 309 Veturius
1020 266 1230 317 Geminus,

1291 267 1329 307 A
1385 267 1649 322 Sempronius

261 334 506 384 Atratinus,
545 334 772 391 Verginius
809 334 1029 386 Tricostus,
1063 332 1234 376 Matius
1287 335 1503 377 Soaevola.
1545 336 1648 377 Sex.

264 402 422 442 Fusius
443 400 697 442 Meduliuus.

208 468 533 511 Novendialest
578 470 735 519 Feriae‚
767 467 958 509 dicuntur
995 468 1191 510 instituta:
1222 485 1247 510 a
1291 468 1410 510 Tullo
1453 469 1660 511 Hostilio*

262 549 362 589 rege
393 549 451 577 ex
482 536 649 586 monitu,
678 535 951 590 procurandis
981 537 1188 593 prodigiis
1216 550 1330 578 nono
1368 538 1438 578 die
1470 537 1516 577 in
1538 532 1653 577 feriis

266 600 460 643 Latinis:
505 604 584 644 sive
604 603 713 658 quod
746 603 789 643 in
818 610 967 646 monte
988 605 1167 647 Albano
1195 603 1404 659 lapidibus
1432 602 1652 658 pl1cz'sset‚¹0

262 670 345 709 sive
366 670 473 724 quod
502 685 578 711 vox
610 676 702 710 esset
724 671 958 713 exaudita:
992 676 1040 712 ut
1058 670 1221 714 Albani
1240 686 1309 711 suo
1339 671 1423 711 ritu
1440 669 1651 726 facerent,

262 751 351 791 quae
371 737 584 779 omiserant
620 751 774 779 sacra:
805 752 907 779 nam
941 741 996 781 ab
1017 739 1085 780 his
1114 739 1188 779 illa
1209 745 1301 779 sunt
1329 745 1424 779 tunc
1452 745 1655 787 revocata,

263 817 367 857 quae
398 805 533 846 missa
562 810 711 846 cratea
742 819 864 859 paene
877 805 1076 862 funditus
1097 806 1241 856 deleta,
1278 805 1480 862 negligere
1501 813 1653 860 tempo-

263 873 385 912 ribus
407 872 658 927 sequentibus
675 874 849 927 cepisset.

212 937 267 978 N.
289 937 480 979 dicuntur
496 946 511 961 ¹¹
548 940 717 980 iuventae
738 956 763 980 α
786 939 999 982 Marcello
1024 941 1132 982 Cos.
1152 954 1299 995 operae
1323 939 1465 996 quibus
1486 939 1656 981 admotis

269 1005 662 1062 Syracusoesacilius
684 1009 919 1061 expugnari
941 1015 1128 1062 possent.

210 1072 513 1115 Novendiales
534 1075 653 1116 feriae
675 1088 701 1116 a
721 1088 901 1116 numero
922 1076 1088 1117 dierum
1108 1079 1209 1117 sunt
1231 1075 1380 1117 dictae.

815 1217 933 1229 ’’’’’’

1481 1074 1655 1124 [ΡΑυι,.

937 1216 1053 1229 eeeeee

249 1315 271 1343 9
296 1312 379 1343 Ead.
395 1312 447 1343 ed.
463 1317 471 1330 ‘
489 1314 659 1353 Cominius,
678 1313 926 1344 Orancusss-lo
952 1314 1038 1348 Ead.
1054 1314 1107 1346 ed.
1126 1319 1133 1331 ¹
1153 1324 1238 1346 nono
1264 1314 1317 1345 die
1334 1313 1461 1345 inferis.
1507 1313 1654 1344 Latinis:

207 1355 272 1386 sice
287 1357 365 1396 quod
380 1355 411 1385 in
428 1365 520 1387 more
538 1356 670 1388 Albano
686 1357 843 1397 lapidibus
855 1356 1008 1397 pluiss‹¹t.‘

864 1474 1003 1507 NOTAE

248 1561 257 1578 ῑ
284 1559 504 1601 Novencliales]
541 1561 655 1592 Livius
686 1562 816 1600 sci-ibit,
846 1561 906 1592 de-

208 1609 307 1640 victis
322 1609 455 1640 Sabinis
472 1621 492 1641 a
507 1611 604 1642 Tullo
630 1612 780 1642 Hostilio
804 1613 909 1651 Rege,

210 1660 217 1674 ‘
234 1659 423 1690 nuntiatum
442 1671 527 1698 esse,
543 1662 575 1692 in
588 1668 700 1693 monte
712 1661 844 1693 Albano
861 1663 907 1692 la-

209 1709 343 1749 pidibus
370 1711 519 1750 pluisse;
544 1712 665 1751 missis,
689 1713 744 1753 qui
765 1713 797 1743 id
816 1712 908 1743 vide-

208 1765 295 1793 rent,
313 1762 566 1800 renuntiarunt,
582 1762 714 1792 audisse
732 1771 849 1793 vocem
866 1772 909 1793 ex

209 1809 299 1848 luco,
315 1815 350 1839 ut
367 1811 478 1849 patrio
492 1811 557 1841 ritu
574 1821 670 1842 sacra
684 1811 805 1842 Albani
819 1811 905 1843 face-

210 1864 298 1889 rent.
346 1860 506 1890 Romanis
546 1862 745 1892 novendiale
776 1872 908 1894 sacrum

209 1909 346 1950 publice
370 1917 577 1951 susceptum,
594 1922 654 1943 seu
672 1922 754 1943 voce
777 1914 908 1944 coelesti

209 1968 252 1989 ex
277 1959 412 1990 Albano
430 1966 542 1992 monte
567 1962 680 2003 missa,
697 1972 755 1993 seu
782 1964 911 2004 aruspi-

209 2018 286 2039 cum
313 2010 465 2041 monitu:
492 2012 653 2044 mansisse
682 2014 835 2053 solenne,
859 2019 908 2055 ut,

209 2060 490 2102 quandocumque
508 2063 595 2093 idem
621 2063 812 2104 prodigium
829 2075 909 2096 nun-

210 2111 368 2150 tiaretur,
394 2111 489 2142 feriae
516 2122 577 2152 per
600 2123 720 2144 novem
745 2114 816 2145 dies
834 2125 912 2155 age-

210 2161 353 2192 rentur!
400 2162 449 2191 Ex
466 2162 517 2193 his
540 2163 650 2193 verbis
668 2165 815 2195 maxima
833 2175 911 2205 pars

209 2211 390 2242 verborum
409 2212 498 2243 Festi
518 2214 660 2254 intelligi
676 2220 809 2255 potest:
835 2226 911 2256 pos-

212 2262 310 2292 tremi
339 2263 496 2293 versiculi
525 2264 749 2304 interpretem
776 2265 911 2296 deside-

211 2317 295 2341 rant.
341 2311 441 2343 Adde
469 2313 542 2343 Liv.
567 2313 622 2344 lib.
643 2323 808 2346 xxxvni.
831 2314 911 2346 Ant.

212 2362 298 2399 Aug.

256 2412 476 2452 Nouendialcs]
498 2414 703 2445 Glossarium
719 2426 726 2446 :
751 2420 759 2433 ‘
773 2416 911 2447 Noven-

212 2461 327 2501 diana,
345 2462 455 2493 ἔννατα
468 2464 516 2494 ἐπὶ
531 2465 638 2505 νεκροῦ
650 2464 812 2503 ἆγόμενα.’
841 2468 909 2497 Jos.

212 2511 295 2543 Scal-

256 2564 461 2595 Novemliales
479 2566 595 2606 Ferioe]
617 2567 845 2599 Novendiales
862 2567 909 2598 fe-

214 2614 273 2644 riae
290 2619 326 2644 et
342 2615 554 2646 novendialia
571 2627 667 2648 sacra
688 2618 870 2657 dupliciter
893 2630 911 2649 a

215 2664 373 2697 Romanis
387 2669 463 2696 acta
481 2664 583 2696 suere.
619 2668 693 2699 Uno
708 2669 818 2706 inodo,
836 2679 909 2700 cum

962 1560 1132 1593 defunctis
1158 1571 1245 1593 nono
1266 1561 1322 1593 die
1337 1570 1434 1603 quam
1453 1560 1576 1591 mortui
1593 1559 1662 1591 fue-

964 1618 1040 1644 rant
1068 1614 1314 1653 parentabant:
1343 1613 1462 1650 altero,
1487 1621 1561 1642 cuni
1585 1620 1676 1651 pro-⁴

963 1663 1091 1703 digium
1121 1663 1254 1705 aliquod
1282 1662 1474 1697 accidisset,
1491 1661 1580 1703 qnod
1602 1669 1662 1701 per

963 1724 1081 1745 novem
1100 1715 1278 1745 continuos
1292 1714 1363 1744 dics
1380 1722 1488 1752 sacro,
1509 1710 1597 1753 quod
1616 1712 1663 1742 in—

965 1764 1007 1795 de
1038 1765 1239 1795 novendiale
1277 1763 1470 1802 dicebatur,
1507 1761 1664 1793 solebant

965 1816 1113 1855 expiare.
1159 1816 1214 1846 Dc
1232 1824 1296 1854 qno
1313 1814 1366 1845 hic
1384 1813 1477 1844 Festi
1500 1813 1592 1843 locus
1609 1820 1664 1841 ac·

965 1864 1141 1905 cipiendns
1158 1875 1164 1894 :
1205 1865 1301 1905 cnjus
1332 1863 1436 1894 verba
1467 1864 1575 1893 lucem
1608 1870 1661 1892 ac-

965 1916 1093 1955 cipient
1117 1925 1158 1946 ex
1185 1915 1297 1946 verbis
1314 1914 1411 1949 Livii,
1437 1914 1491 1954 qni
1509 1912 1582 1943 fuse
1599 1912 1664 1943 liis-

967 1966 1087 1996 toriam
1104 1970 1230 1996 narrat.
1263 1964 1351 1996 Illud
1370 1963 1446 1994 vide
1463 1963 1521 1994 lib.
1538 1971 1563 1992 1.
1579 1966 1664 1993 sect.

966 2018 1018 2046 31.
1034 2015 1065 2046 in
1083 2015 1159 2054 illis,
1174 2015 1266 2045 missa
1286 2018 1390 2045 craten
1403 2023 1489 2053 poeue
1504 2011 1665 2048 funditus.

966 2066 1140 2105 Rescribe,
1168 2065 1280 2096 amissa
1301 2064 1428 2095 civitate
1442 2072 1477 2092 ac
1490 2060 1663 2102 poenesun-

966 2118 1050 2148 ditus
1069 2118 1180 2148 deleta.
1206 2117 1290 2147 Dae.

1010 2165 1234 2205 Nouendiales]
1252 2164 1341 2197 Quid
1355 2164 1447 2199 velit,
1465 2172 1531 2194 non
1546 2162 1664 2193 obscu-

966 2227 1038 2248 rum
1056 2222 1121 2255 est,
1139 2225 1245 2257 usque
1258 2215 1299 2245 ad
1317 2215 1372 2245 illa
1384 2214 1500 2253 verba,
1513 2222 1580 2253 quoe
1592 2213 1665 2243 mis-

965 2278 999 2298 sa
1015 2271 1110 2297 crate.
1155 2266 1303 2296 Videtur
1319 2264 1385 2294 illis
1400 2263 1602 2295 novendiale
1615 2272 1666 2293 sa-

967 2326 1058 2348 crum
1086 2316 1228 2353 factum,
1260 2324 1344 2355 quos
1371 2312 1572 2353 Tarquinius
1602 2312 1664 2343 sub

967 2372 1062 2398 crate
1090 2366 1290 2397 necavisset.
1335 2365 1390 2395 De
1419 2372 1484 2404 qno
1510 2361 1586 2394 vide
1611 2363 1665 2394 Li—

969 2418 1071 2448 vium.
1093 2418 1162 2448 Jos.
1178 2417 1260 2447 Scal.

1011 2474 1023 2488 ¹¹
1050 2469 1092 2499 N.
1108 2491 1114 2499 .
1129 2490 1136 2498 .
1152 2491 1159 2498 .
1172 2466 1332 2506 dicuntur]
1359 2464 1591 2505 supplendum
1607 2473 1664 2494 cx-

967 2519 1094 2549 istiino:
1115 2519 1212 2549 Novoe
1222 2517 1441 2556 dietwinum.
1467 2514 1558 2546 Dicit
1570 2523 1666 2554 quas-

968 2569 1043 2599 dam
1069 2569 1240 2600 machinas
1263 2567 1415 2597 inventas
1441 2575 1460 2595 a
1487 2564 1665 2599 Marcello,

967 2625 1003 2649 ut
1021 2620 1200 2660 Syracusae
1222 2617 1354 2649 facilius
1377 2619 1664 2656 expugnarentur.

969 2671 1047 2702 Duc.
