1835 2906
207 130 291 172 248

661 142 807 172 Siex'rl
844 142 1043 173 POMPEH
1079 143 1213 175 FESTI

207 235 384 276 Exilica
398 241 414 265 ‘³
435 249 589 286 causa,
613 250 713 290 quae
737 237 947 278 adversus
968 238 1143 278 exulem
1167 238 1320 290 agitur.

208 302 452 348 Eximiumr
484 304 583 345 inde
613 304 699 345 dici
729 308 936 358 coeptum,
971 304 1090 359 quod
1115 305 1157 346 in
1180 305 1411 347 sacrificiis
1434 307 1649 360 optimum-

262 382 401 423 pecus
421 384 445 412 e
466 384 593 425 grege
612 372 916 414 eximebatur:
949 373 1015 414 vel
1037 373 1156 427 quod
1173 374 1358 427 primum
1375 378 1464 415 erat
1480 380 1644 416 natum.

206 435 348 477 Exin³
369 438 490 479 metri
514 452 649 480 causa
668 439 827 482 dicitur
847 454 928 494 pro
950 441 1122 483 exinde.

206 503 538 547 Exinfulabat¹³
557 508 567 529 ²
604 508 836 550 exerebat:
872 508 1031 550 insulas
1067 510 1184 551 enim
1226 509 1517 558 sacerdotum,
1553 508 1644 549 fila-

261 578 409 614 menta
428 575 658 616 vocabant.

205 639 474 683 Existimare
488 648 505 664 ¹²
527 641 690 684 dictum
715 647 781 684 est
804 646 859 685 ab
876 645 1185 687 aestimatione.

203 706 399 748 Exitium
414 714 429 730 ²¹
450 709 621 763 antiqui
641 711 867 763 ponebant
885 726 965 766 pro
988 713 1133 754 exitu:
1161 725 1277 754 nunc
1300 711 1485 753 exitium
1507 709 1646 763 pessi-

261 787 380 816 mum
400 776 568 818 exitum
590 777 790 819 dicimus.

808 876 1045 889 neaeaeeeaeeeee

247 930 286 957 13
311 928 455 962 Quidam
474 929 550 961 libri
568 929 777 973 Exinfibulat.

857 1017 998 1049 NOTAE

203 1075 306 1107 bonos
320 1078 504 1117 scriptores
521 1078 765 1111 debacchantis
782 1080 814 1111 in
831 1091 898 1112 me-

202 1124 294 1157 dium
315 1126 538 1167 proferemus.
561 1130 628 1159 Jos.
644 1129 728 1162 Scal.

245 1176 356 1208 Exiles
371 1181 401 1208 et
418 1177 496 1218 Ilia]
521 1179 624 1219 Lege,
649 1180 762 1211 Exiles
787 1185 817 1212 et
838 1182 899 1213 Ilia

201 1235 219 1255 α
235 1226 384 1259 tenuitate
400 1228 532 1259 inarum.
577 1230 667 1261 Nam
685 1236 718 1262 et
735 1231 781 1262 ita
810 1231 899 1263 infra

199 1276 233 1306 in
246 1280 254 1293 ¹
264 1276 352 1308 lua.’
374 1278 467 1310 Vidit
479 1279 640 1320 Scaliger.
664 1282 731 1312 111oe
744 1292 762 1312 a
774 1282 898 1314 Graeco

200 1324 271 1368 ἶνες,
283 1328 345 1359 hoc
359 1330 657 1369 est,subtilissimae
672 1332 895 1363 intercursan-

201 1382 252 1407 tes
271 1388 378 1417 venae,
392 1380 508 1420 quales
525 1381 558 1412 in
579 1382 705 1413 chartis
721 1383 897 1423 Veterum,

199 1432 234 1458 et
250 1428 432 1469 aliquando
449 1430 482 1461 in
500 1433 644 1463 nostris:
663 1433 705 1463 ab
721 1433 785 1469 ina,
802 1434 900 1474 inula,

199 1478 288 1509 unde
307 1479 362 1510 illa
388 1481 441 1510 vel
468 1480 522 1520 ila,
547 1482 636 1513 unde
654 1483 727 1519 Ilia,
744 1489 779 1514 et
795 1485 897 1521 exilis,

198 1528 262 1558 nisi
277 1529 370 1559 malis
383 1539 459 1560 cum
474 1531 608 1562 Isidoro
618 1532 673 1563 ilia
683 1543 755 1564 esse
770 1544 788 1564 a
800 1534 896 1566 Grae-

198 1586 238 1608 co
253 1576 362 1613 εἷλεὸς,
379 1580 468 1621 quod
493 1581 690 1614 intestinum
708 1587 808 1616 tenue
833 1586 897 1623 sig-

198 1627 338 1660 nificat:
364 1635 398 1661 et
419 1639 494 1661 cum
512 1632 646 1671 Vossio,
660 1635 763 1673 exilis,
779 1634 820 1666 ab
841 1634 898 1672 ἐξί-

197 1684 306 1719 τηλος,
319 1680 430 1719 exilis,
446 1682 566 1717 tenuis,
583 1683 759 1723 evanidus,
776 1685 897 1716 obscu-

198 1737 266 1759 rus.
290 1729 359 1760 Per
369 1740 543 1771 syncopen
552 1731 774 1772 ἔξιλος,ε.τὶίἱε.
792 1735 894 1775 Apud

197 1776 322 1809 Horat.
338 1779 405 1811 Od.
421 1783 453 1811 4.
472 1781 529 1813 lib.
547 1792 572 1813 1.
596 1784 605 1800 ⁴
619 1783 696 1815 Jam
714 1788 746 1815 te
763 1790 896 1825 premet

195 1836 275 1867 nox,
291 1828 481 1870 fabulaeque
499 1841 624 1872 maneri,
643 1834 686 1864 Et
704 1834 822 1866 domus
838 1845 895 1866 ex-

194 1877 249 1908 ilis
267 1878 449 1911 Plutonia!
495 1880 504 1896 ⁴
518 1882 644 1913 Domus
662 1884 777 1914 exilis'
793 1885 894 1916 inter-

194 1928 350 1968 pretibus
386 1931 559 1971 negotium
589 1932 751 1972 facessit;
781 1935 894 1976 ibique

195 1987 310 2011 omnes
325 1981 388 2012 etsi
405 1991 441 2013 se
458 1984 669 2020 excruciant,
685 1990 796 2016 tamen
813 1988 892 2018 nihil

195 2029 403 2070 intelligunt.
459 2032 565 2073 Atqui
598 2040 755 2075 poterant
783 2036 893 2077 ipsum

195 2078 377 2112 Horatium
395 2082 444 2113 sui
471 2083 575 2123 ipsius
594 2084 818 2126 interpretem
837 2089 893 2119 ad·

194 2129 323 2170 hibere,
338 2133 394 2173 qui
413 2132 462 2164 ait
478 2134 586 2175 Epist.
600 2138 631 2166 6.
649 2135 707 2167 lib.
723 2145 746 2167 1.
761 2136 770 2153 ‘
787 2138 893 2169 Exilis

194 2180 311 2213 «lomus
327 2189 398 2214 est:
424 2183 481 2215 ubi
498 2194 564 2216 non
591 2190 626 2217 et
649 2187 753 2218 multa
778 2197 892 2228 super-

194 2236 285 2271 sunt,
302 2233 346 2264 Et
363 2233 532 2266 dominum
549 2235 683 2277 fallunt,
695 2242 731 2268 et
753 2243 893 2278 prosunt

193 2280 351 2315 furibus!
396 2285 405 2301 ‘
420 2284 548 2316 Exilis'
574 2285 678 2327 igitur
694 2292 746 2318 est
770 2289 890 2324 tenuis,

193 2339 336 2371 pauper.
360 2333 442 2365 Dae.

236 2386 251 2407 <³
277 2381 420 2424 Exilica]
452 2383 507 2415 Ab
522 2384 630 2425 exilio,
647 2387 736 2428 quod
762 2397 823 2428 pro
838 2398 891 2419 ex·

192 2429 281 2460 sulio.
326 2432 370 2462 Et
394 2434 538 2465 exsilium
563 2445 624 2476 per
644 2446 658 2466 s
673 2437 890 2469 scribendum

194 2479 290 2511 aiunt
316 2480 539 2515 Grammatici
557 2496 564 2514 :
597 2486 657 2517 sed
687 2497 751 2519 non
781 2492 890 2519 atten-

194 2529 278 2561 dunt
294 2530 327 2561 in
341 2532 494 2563 omnibus
509 2533 581 2565 fere
596 2536 706 2568 verbis
719 2547 794 2578 quae
809 2539 891 2570 inci-

195 2579 292 2619 piunt
319 2589 337 2610 a
364 2583 605 2621 praepositione
634 2595 673 2616 ex
696 2593 732 2618 et
756 2598 771 2617 s
790 2587 890 2619 litera

194 2639 268 2661 eam
285 2631 389 2671 ipsam
405 2632 535 2663 literam
552 2636 675 2673 perire.
700 2638 754 2669 Sic
767 2648 888 2679 supra:

193 2682 417 2722 'exer-sirenis
432 2692 491 2723 pro
505 2684 511 2699 ‘
523 2687 754 2728 exsercirent‚’
768 2699 784 2719 a
800 2690 808 2706 ‘
820 2700 888 2721 sar-

952 1081 1029 1112 cio.'
1072 1081 1159 1113 Vide
1174 1086 1182 1099 ‘
1200 1080 1371 1122 Pierium,'
1388 1081 1445 1114 lib.
1464 1090 1497 1113 v.
1517 1079 1648 1111 AEneid.

952 1139 986 1163 et
1003 1132 1061 1163 lib.
1079 1142 1103 1164 1.
1120 1133 1245 1171 Georg.
1268 1132 1365 1164 Idem.

995 1187 1006 1203 ¹
1022 1183 1199 1224 Eximium]
1213 1183 1311 1216 Quod
1330 1181 1499 1214 eximitur.
1525 1181 1648 1212 Donat.

954 1233 995 1264 ad
1026 1234 1152 1275 Hecyr.
1175 1239 1243 1265 act.
1261 1243 1284 1265 1.
1301 1243 1348 1265 sc.
1364 1236 1393 1264 1.
1417 1232 1426 1249 ‘
1440 1231 1573 1262 Exiinia
1589 1240 1648 1271 pe-

953 1293 1032 1314 cora
1047 1284 1208 1315 dicuntur
1232 1293 1306 1325 quae
1337 1293 1356 1313 a
1380 1291 1482 1323 grege
1504 1284 1648 1322 excepta

952 1338 1029 1364 sunt
1056 1334 1096 1364 ad
1125 1343 1200 1364 usus
1216 1333 1427 1364 dominorum
1445 1340 1592 1369 suorum,
1610 1335 1648 1361 ut

952 1383 1089 1414 uberius
1105 1387 1294 1424 pascantur.
1339 1382 1405 1413 Sed
1423 1380 1559 1422 proprie
1576 1380 1647 1411 exi-

951 1434 1008 1464 mii
1025 1438 1102 1464 sunt
1119 1434 1213 1474 porci
1230 1434 1387 1474 majores,
1411 1432 1468 1473 qui
1485 1431 1526 1462 ad
1544 1431 1647 1461 sacri-

951 1481 1120 1514 ficandum
1136 1484 1275 1524 excepti
1297 1483 1433 1514 liberius
1452 1487 1648 1522 pascuntur.

952 1533 1089 1564 Etenim
1114 1533 1230 1571 boves,
1246 1534 1300 1574 qui
1325 1533 1366 1563 ad
1384 1532 1446 1562 boc
1462 1531 1543 1562 lecti
1559 1535 1648 1568 sunt,

952 1582 1080 1623 egregii
1094 1582 1267 1622 dicuntur,
1283 1586 1318 1613 et
1331 1591 1411 1612 oves
1424 1579 1544 1612 lectae.’
1569 1580 1642 1611 Vir«

952 1631 1008 1671 gil.
1034 1637 1042 1649 ¹
1056 1632 1213 1664 Mactant
1239 1634 1346 1663 lectas
1361 1631 1403 1662 de
1421 1639 1512 1661 more
1529 1629 1648 1661 biden-

954 1681 1029 1712 tes.’
1075 1681 1129 1713 Ita
1145 1687 1179 1712 et
1202 1684 1211 1699 ‘
1229 1682 1322 1723 porci
1337 1681 1475 1713 eximii.’
1520 1681 1645 1711 Verum

951 1741 1018 1762 non
1034 1732 1076 1763 de
1095 1733 1206 1772 porcis
1223 1738 1366 1770 tantum,
1378 1731 1436 1762 sed
1454 1730 1496 1762 de
1509 1730 1647 1772 quibus-

951 1784 1033 1815 libet
1045 1784 1162 1816 hostiis
1175 1784 1333 1815 eximium
1351 1783 1430 1822 dici,
1447 1791 1490 1813 ex
1506 1781 1647 1813 Veratio

951 1834 1053 1865 docet
1083 1834 1235 1865 Macrob.
1265 1835 1323 1865 lib.
1349 1842 1406 1864 ιιι.
1422 1833 1495 1864 Sat.
1518 1841 1593 1872 cap.
1617 1835 1646 1862 5.

948 1885 956 1901 ‘
975 1884 1163 1924 Veratius,’
1202 1884 1323 1925 inquit,
1368 1884 1376 1899 ‘
1396 1884 1428 1914 in
1467 1882 1647 1923 pontificiis

950 1934 1192 1974 quaestionibus
1227 1935 1328 1966 docet
1365 1934 1505 1964 eximias
1537 1933 1645 1963 dictas

950 1993 1024 2015 esse
1049 1984 1186 2024 hostias,
1214 1995 1288 2025 quae
1314 1984 1354 2015 ad
1371 1983 1571 2015 sacrificium
1588 1982 1645 2012 de·

951 2035 1086 2066 stinatae
1104 2036 1298 2066 eximuntur
1314 2044 1334 2065 a
1346 2042 1460 2074 grege,
1477 2033 1544 2073 vel,
1557 2032 1644 2073 quod

950 2084 1073 2114 eximia
1090 2084 1216 2124 specie,
1236 2084 1331 2124 quasi
1357 2082 1546 2114 numinibus
1563 2080 1642 2112 offe-

950 2134 1055 2164 renda
1068 2133 1260 2173 eligantur)
1283 2134 1381 2164 Idem.

991 2189 1001 2203 ³
1023 2184 1128 2224 Exin]
1154 2184 1265 2215 Cicer.
1283 2184 1315 2214 in
1332 2183 1431 2214 Orat.
1454 2188 1461 2200 ‘
1475 2183 1564 2214 Dein
1581 2182 1642 2213 eti-

948 2243 999 2265 am
1017 2242 1108 2273 saepe
1124 2234 1265 2274 etexit),
1292 2243 1351 2274 pro
1378 2233 1500 2264 deinde
1526 2237 1561 2264 et
1587 2242 1643 2263 ex—

946 2284 1036 2319 inde,
1051 2283 1213 2315 dicimus!
1236 2284 1334 2316 Idem.

987 2335 996 2354 ²
1019 2334 1243 2375 Exinsulabat]
1267 2335 1373 2367 Quasi
1401 2341 1497 2365 extra
1522 2333 1642 2364 infulas

946 2385 1126 2417 educebat.
1173 2386 1262 2417 Vide
1278 2386 1426 2417 ‘infula.'
1451 2387 1548 2416 [dem.

987 2441 1000 2456 ¹¹
1022 2436 1228 2476 Emistimure]
1254 2436 1307 2467 Ab
1322 2446 1361 2467 ex
1377 2442 1412 2467 et
1427 2437 1555 2467 oestimo.
1588 2437 1641 2466 AE-

945 2487 1034 2517 stimo
1051 2491 1164 2517 autem
1180 2497 1199 2517 a
1216 2486 1341 2517 Graeco
1358 2487 1482 2524 ἐκτιμῶ,
1495 2484 1640 2525 pretium

947 2542 1070 2576 statuo,
1101 2537 1231 2568 aestimo
1248 2548 1256 2575 ;
1294 2536 1356 2566 nisi
1385 2535 1478 2565 malis
1511 2543 1584 2564 esse
1623 2544 1641 2564 a

946 2587 1071 2619 Graeco
1086 2589 1176 2627 τιμῶ,
1192 2592 1226 2618 et
1243 2587 1362 2618 Latino
1378 2595 1432 2616 oes.
1446 2584 1554 2615 Idem.

986 2644 1000 2659 λ·
1026 2638 1188 2679 Exilium]
1211 2638 1299 2670 Olim
1317 2636 1434 2667 exitus:
1452 2644 1552 2671 nunc,
1565 2644 1640 2675 per-

944 2689 1061 2729 nicies,
1079 2699 1177 2720 mors.
1223 2688 1335 2719 Gloss.
1371 2685 1542 2725 (exitium,
1571 2684 1639 2716 ὅλε.
