1835 2906
366 147 428 176 DE
463 145 736 176 VERBORUM
772 144 1178 175 SIGNlFlCATIONE
1218 147 1311 178 Llss.
1350 147 1419 176 lX.

1534 137 1618 178 3313

171 243 222 283 In
247 243 363 297 pello
384 241 563 283 lanata‘¹
596 255 710 283 nova
742 246 881 295 nupta
911 240 1144 281 considere
1177 241 1308 291 solet,
1340 243 1409 284 vel
1441 248 1619 297 propter

225 323 388 351 morem
408 314 646 359 vetustum,
668 311 771 364 quia
791 308 1037 361 antiquitus
1058 308 1258 350 homines
1280 311 1472 363 pellibus
1500 316 1620 353 erant

225 379 377 425 induti,
409 379 480 419 vel
510 379 626 432 quod
659 381 841 418 testetur
870 376 1048 418 lanificii
1081 376 1274 418 officium
1307 392 1353 418 se
1386 383 1618 432 praestatu-

228 461 318 487 ram
343 447 452 487 viro.

170 516 221 556 lu
245 516 496 568 procinctue
518 515 685 556 factum
708 517 1014 556 testamentum
1037 513 1212 562 dicitur,
1235 513 1351 567 quod
1370 514 1493 555 miles
1509 527 1619 568 pug-

226 587 404 623 naturus
426 586 650 636 nuncupat
670 582 961 635 praesentibus
978 581 1362 622 commilitonibus.

170 651 447 705 inquilinus:
472 652 547 705 qui
579 651 760 692 eundem
795 651 904 692 colit
933 649 1103 700 focum;
1135 651 1250 691 Vel¹²
1291 649 1492 703 ejusdem
1530 651 1618 692 loci

226 720 380 761 cultor.

170 789 377 828 Insanum
395 793 410 816 ἕ
433 800 510 841 pro
532 786 662 828 valde
684 800 886 840 magnum
903 791 934 815 ¹³
957 799 1062 827 usus
1086 790 1154 828 est
1174 786 1373 828 Plautus.

769 896 908 908 ιιιιιι

911 896 1011 907 eeeee

212 974 250 1001 12
277 970 328 1001 Al.
344 971 525 1000 velem—13
551 968 620 999 Pro
636 968 724 999 valde
739 978 887 1008 magnum
904 968 1035 1009 Lipsius
1062 971 1096 999 et
1114 969 1204 1000 Dae.
1223 968 1340 1008 legunt
1363 968 1507 1000 insanum
1530 979 1617 1010 mag-

168 1024 250 1044 „Hill-

821 1075 960 1107 NOTAE

169 1152 366 1184 Demetrio:
399 1152 408 1168 ‘
436 1151 475 1182 Iu
506 1155 582 1181 acta
608 1155 773 1191 cooperta
803 1161 866 1191 age

168 1203 279 1232 inoras
296 1200 449 1233 ostreas)
494 1201 608 1232 Gloss.
625 1202 634 1218 ‘
650 1201 756 1242 inora,
774 1200 866 1232 ἄστο-

167 1253 233 1291 μα.’
256 1254 338 1285 Dae.

214 1305 228 1325 ‘¹
253 1305 288 1335 In
315 1305 394 1344 pelle
419 1303 541 1344 lanata]
567 1303 718 1344 Servius,
739 1304 795 1345 qui
817 1309 868 1335 est

168 1364 270 1394 penes
288 1355 464 1385 Danielem
482 1360 646 1394 nostrum,
667 1359 797 1386 tantum
816 1365 866 1385 re-

167 1404 234 1436 fert
252 1405 293 1436 ad
311 1404 630 1436 confarreationem.
670 1404 680 1421 ‘
699 1404 801 1444 Mos,'
818 1405 866 1436 in-

167 1457 250 1496 quit,
267 1456 276 1472 ‘
290 1455 379 1496 apud
394 1456 538 1487 Veteres
555 1455 635 1495 fuit,
652 1457 808 1494 Flamini,
827 1467 866 1487 ac

169 1506 377 1545 Flaminicae‚
410 1511 445 1537 ut
474 1516 534 1546 per
560 1505 803 1538 farreatiouem
832 1508 865 1538 in

168 1556 297 1596 nuptiis
324 1556 559 1594 convenirent,
588 1558 687 1588 sellas
712 1557 793 1588 duas
812 1558 867 1598 ju·

169 1613 278 1646 gataS,
295 1608 372 1638 ovili
400 1608 489 1648 pelle
517 1609 760 1649 superinjecta,
785 1610 865 1649 poni

169 1659 240 1697 ejus
257 1659 341 1697 ovis,
368 1669 442 1698 quae
466 1659 574 1688 hostia
591 1658 732 1689 fuisset:
758 1664 791 1690 et
820 1659 867 1690 ibi

169 1708 334 1738 nubentes
363 1709 483 1739 velatis
500 1709 667 1748 capitibus
684 1709 715 1739 in
734 1709 867 1740 confar-⁴

170 1759 322 1788 reatione
350 1758 488 1789 Flamen
513 1769 551 1789 ac
580 1760 761 1791 Flaminica
786 1760 867 1791 resi-

169 1809 315 1840 tierent)
337 1811 403 1840 Jos.
422 1810 505 1841 Scal.

215 1861 251 1890 In
278 1862 355 1900 pelle
381 1862 501 1902 lunata]
527 1860 664 1892 Servius
683 1861 715 1891 id
733 1865 864 1892 tantum

170 1910 210 1940 ad
242 1911 547 1943 confarreationem
592 1910 701 1942 refert
732 1912 789 1943 lib.
817 1921 866 1943 lv.

170 1962 301 1993 AEneid.
326 1962 335 1978 ‘
356 1962 457 2002 M0s‚’
486 1963 605 2004 inquit,
627 1962 637 1979 ‘
655 1962 744 2003 apud
763 1963 865 1994 Vete-

169 2020 223 2042 res
240 2011 316 2052 fuit,
327 2014 467 2044 Flamini
482 2024 520 2044 ac
534 2013 741 2051 Flaminicae,
754 2018 791 2044 ut
805 2023 866 2054 per

168 2062 405 2095 farreationem
425 2065 456 2094 in
480 2064 604 2104 nuptiis
634 2063 865 2100 convenirent,

169 2114 268 2144 sellas
286 2115 367 2145 duas
385 2116 521 2155 jugatas
546 2115 625 2146 ovili
644 2115 732 2155 pelle
750 2125 866 2155 super-

168 2165 293 2204 injecta
324 2166 404 2206 poni
432 2167 507 2207 ejus
534 2167 616 2201 ovis,
651 2176 724 2207 quae
756 2167 866 2198 hostia

170 2214 302 2254 fuisset,
319 2224 352 2246 et
367 2216 411 2247 ibi
430 2217 595 2247 nubentes
610 2217 730 2247 velatis
745 2217 865 2257 capiti-

172 2264 276 2295 busin
291 2266 564 2297 confarreatioue
579 2268 719 2298 Flamen
735 2278 773 2299 ac
788 2269 864 2299 Fla-

171 2315 292 2345 minica
322 2316 534 2348 residerent.'
593 2317 658 2347 Sed
691 2319 864 2358 quibusvis

169 2366 242 2395 aliis
271 2365 471 2397 nubentibus
496 2378 622 2399 morem
645 2369 733 2399 bunc
749 2369 865 2400 obser-

172 2422 286 2447 vatum
319 2416 420 2447 fuisse
449 2417 548 2448 tidem
579 2417 661 2449 facit
689 2419 743 2450 hic
774 2419 866 2450 Festi

171 2466 274 2497 locus.
327 2466 368 2497 Id
399 2471 511 2498 autem
541 2476 582 2497 ea
609 2477 708 2498 causa
739 2467 866 2500 factum

171 2526 243 2547 esse
272 2516 429 2556 arbitror,
457 2521 494 2547 ut
520 2526 558 2547 eo
586 2526 621 2548 se
648 2527 735 2548 nova
761 2524 868 2558 nupta

170 2566 317 2598 lanificio
347 2567 512 2598 intentam
543 2566 617 2598 fore
648 2567 866 2608 significaret,

171 2626 247 2648 nam
265 2617 353 2658 apud
372 2618 528 2659 antiquos
545 2619 705 2661 matronis
722 2619 867 2650 maxima

173 2678 254 2698 cura
277 2669 368 2699 circa
394 2669 574 2699 lanificium
592 2668 669 2709 fuit,
692 2673 728 2700 ut
743 2669 867 2709 passim

175 2717 288 2749 videre
318 2723 382 2753 est,
410 2718 499 2750 unde
526 2718 606 2749 illud
634 2719 666 2750 in
695 2719 866 2759 epitaphio

924 1152 1048 1182 veteri:
1074 1150 1082 1167 ‘
1099 1152 1244 1182 Domum
1262 1152 1422 1191 servavit,
1445 1152 1554 1183 lanam
1571 1152 1620 1184 fe-

923 1200 983 1240 cit,
1015 1201 1096 1239 dlxxi,
1125 1200 1204 1233 abi.'
1262 1201 1329 1232 Sed
1361 1202 1437 1233 vide
1468 1203 1620 1243 inprimis

923 1257 1024 1292 caput
1048 1252 1202 1283 ultimum
1228 1253 1321 1284 aurei
1344 1254 1448 1285 libelli
1469 1254 1620 1286 Salomo-

922 1303 985 1343 nis,
1003 1303 1059 1344 qui
1075 1304 1261 1335 Proverbia
1277 1304 1489 1336 inscribitur.
1513 1306 1597 1337 Duc.

964 1358 978 1373 θ
1001 1354 1041 1385 In
1073 1354 1248 1394 procinctu]
1282 1354 1515 1386 Glossarium:
1550 1356 1619 1387 ‘In

921 1405 1117 1445 procinctu,
1143 1406 1176 1436 ἐν
1198 1408 1340 1448 προτομῇ
1354 1405 1494 1445 πολέμου
1508 1408 1619 1444 στῆναι

919 1455 999 1494 μετὰ
1024 1457 1154 1494 ἐσθῆτος
1184 1458 1344 1498 ὑπατικῆς,
1368 1459 1439 1495 ἤτοι
1463 1458 1618 1490 διαθέσθαι

922 1507 956 1537 ἐν
990 1507 1156 1548 παρατάξει
1186 1508 1326 1547 πολέμου
1352 1508 1511 1550 ἀγράφως.
1548 1511 1619 1541 Jos.

921 1556 1006 1588 Scal.

966 1609 1003 1638 In
1023 1608 1197 1649 procinctu]
1222 1610 1262 1640 Iu
1280 1610 1457 1650 procinctu
1479 1618 1552 1641 esse
1570 1609 1619 1640 di-

922 1660 1011 1689 citur
1029 1659 1134 1698 miles,
1152 1669 1226 1690 eum
1246 1660 1286 1690 ad
1310 1670 1456 1701 pugnam
1482 1664 1619 1702 paratus

921 1713 956 1739 et
988 1709 1162 1740 accinctus
1201 1715 1373 1750 expectat,
1403 1710 1483 1742 dum
1523 1711 1620 1751 signa

921 1763 1057 1790 canant.
1103 1759 1189 1790 Inde
1214 1765 1456 1792 testamentum
1482 1761 1515 1792 in
1542 1771 1620 1803 pro-

921 1809 1032 1841 cinctu
1048 1809 1173 1841 factum
1192 1811 1329 1852 dicitur,
1344 1822 1419 1843 cum
1442 1812 1537 1843 miles
1553 1817 1619 1842 sta-

919 1859 979 1890 tim
994 1865 1214 1901 pugnaturus,
1227 1861 1396 1892 baeredem
1408 1871 1520 1892 coram
1531 1871 1620 1892 com-

919 1910 1127 1941 militonibus
1155 1912 1319 1952 nominat,
1355 1912 1428 1942 sine
1468 1912 1620 1953 scriptis.

922 1960 1113 2002 Utrumque
1137 1962 1355 2001 amplectitur
1378 1962 1530 1993 Glossar.
1555 1962 1619 1993 ‘In

921 2011 1111 2051 procinctu,
1140 2012 1173 2042 ἐν
1196 2013 1340 2053 προτομῇ
1352 2011 1492 2050 πολέμου
1509 2014 1619 2050 στῆναι

919 2060 998 2099 μετὰ
1027 2062 1159 2099 ἐσθῆτος
1182 2063 1343 2102 ὑπατικῆς,
1370 2063 1440 2099 ἤτοι
1464 2061 1619 2094 διαθέσθαι

920 2114 953 2144 ἐν
967 2113 1132 2153 παρατάξει
1147 2113 1283 2153 πολέμου
1296 2112 1468 2154 ἆγράφως.’
1492 2113 1532 2144 Id
1552 2118 1618 2152 est,

920 2164 930 2180 ‘
947 2163 987 2194 In
1013 2164 1086 2204 ipso
1116 2170 1244 2205 puncto
1261 2164 1342 2195 belli
1358 2173 1434 2194 esse
1450 2173 1525 2194 cum
1558 2173 1617 2203 pa-

919 2213 1126 2252 ludamento,
1155 2215 1237 2245 item
1270 2215 1437 2245 instructo
1463 2215 1617 2246 exercitu

918 2269 954 2295 et
986 2264 1027 2296 ad
1056 2265 1180 2296 bellum
1212 2269 1344 2305 parato,
1377 2264 1449 2295 sine
1477 2265 1617 2305 seriptis

919 2315 1061 2347 testari.’
1094 2315 1185 2347 Vide
1202 2315 1211 2331 ‘
1226 2316 1437 2356 procinctam
1453 2315 1618 2347 classem.¹

918 2365 999 2397 Dae.

961 2416 974 2435 f
994 2417 1186 2457 Inquilinus]
1204 2417 1271 2450 Qui
1287 2417 1320 2448 in
1338 2415 1468 2448 aedibus
1483 2416 1617 2449 habitat

919 2466 1150 2498 conductitiis.
1199 2467 1250 2498 Ab
1265 2468 1299 2498 in
1315 2470 1350 2498 et
1370 2468 1433 2498 colo
1454 2467 1618 2508 incolinus,

919 2527 936 2547 c
952 2518 984 2546 in
1001 2527 1032 2557 q,
1050 2522 1084 2548 et
1099 2527 1115 2547 o
1131 2517 1163 2547 in
1180 2517 1205 2557 z',
1221 2516 1402 2557 inquilinus.
1418 2516 1528 2548 Idem.

962 2574 979 2595 g
1015 2567 1177 2608 Insanum]
1222 2567 1339 2599 Plaut.
1387 2567 1420 2598 in
1463 2567 1615 2599 Mostell.

921 2618 930 2635 ‘
947 2617 1166 2658 Quojusmodi
1194 2618 1409 2658 gynaeeeum?
1434 2617 1513 2658 quid
1539 2627 1615 2658 por·

920 2668 1048 2699 ticum?
1070 2667 1222 2699 insanum
1240 2667 1385 2699 bonam!
1407 2668 1485 2699 Ant.
1499 2668 1584 2707 Aug.

965 2718 1126 2759 Insanum]
1150 2719 1241 2759 Lege
1274 2727 1350 2749 cum
1372 2717 1498 2758 Lipsm,
1522 2717 1612 2747 Insa-
