1835 2906
433 160 493 189 DE
529 156 799 188 VERBORUM
835 154 1241 186 SlGNiFch'rloNss
1277 154 1368 184 [ΑΒ.
1406 155 1453 183 Χ.

1587 142 1673 184 357

234 254 469 295 Libertatis
486 252 502 275 ¹¹
525 253 734 307 templum
757 252 801 293 in
827 249 1044 292 Aventino
1065 248 1209 291 fuerat
1230 253 1579 290 constructum.¹0

233 322 414 371 Librile,
437 334 596 375 scapus
616 322 754 362 librae.

235 388 493 431 Librilla¹¹i
527 389 804 443 appellantur
835 388 1128 429 instrumenta
1148 385 1326 434 bellica,
1363 398 1476 426 saxa
1508 384 1684 426 scilicet

290 457 345 498 ad
376 458 545 499 brachii
567 457 902 499 crassitudinem
924 455 966 496 in
987 453 1163 495 modum
1184 453 1450 507 flagellorum
1479 453 1583 493 loris
1618 465 1683 493 re-

293 527 456 567 vincta.

237 594 430 648 Libycus
465 591 679 648 campusk
721 594 763 634 in
795 605 900 646 agro
933 591 1082 644 Argeo
1119 588 1380 643 appellatus,
1404 588 1520 641 quod
1554 587 1596 627 in
1632 599 1684 627 eo

294 663 480 715 primum
512 662 656 715 fruges
690 675 745 703 ex
767 661 909 714 Libya
944 660 1088 700 allatae
1112 661 1237 699 sunt:
1270 670 1403 711 quam
1424 656 1480 697 ob
1503 667 1684 696 causam

296 731 426 771 etiam
448 728 580 770 Ceres
601 730 655 770 ab
679 728 836 782 Argeis
852 728 1046 781 Libyssa
1068 730 1232 767 vocata
1249 729 1332 766 est.

238 795 440 846 Licitati,l
460 798 503 837 in
524 796 776 846 mercando,
800 796 895 837 sive
919 793 1154 848 pugnando
1177 791 1510 845 contendentes.

237 866 480 907 Lictoresrn
502 865 719 915 dicuntur,
743 865 863 919 quod
892 864 1039 904 fasces
1070 862 1287 914 virgarum
1324 860 1486 913 ligatos
1520 857 1688 899 ferunt:

295 935 337 974 hi
359 938 565 987 parentes
585 938 617 957 ¹²
639 933 985 986 magist1·atibuS‚
1005 929 1365 984 delinquentibus
1393 927 1548 982 plagas
1568 928 1691 979 inge·

298 1008 408 1043 runt.

239 1070 470 1111 Limacesn
493 1069 687 1111 cochleae
712 1081 739 1109 a
760 1068 870 1109 limo
898 1068 1159 1122 appellatae.

239 1138 475 1179 Limitatus
499 1143 628 1191 ager⁰
649 1141 717 1178 est
736 1138 780 1177 in
800 1137 1024 1178 centurias
1043 1135 1286 1176 dimensus.

240 1207 420 1247 Limites
436 1213 453 1237 P
483 1207 524 1247 in
546 1206 676 1258 agris,
698 1218 810 1246 nunc
832 1205 1017 1254 termini,
1039 1215 1152 1244 nunc
1175 1201 1260 1242 viae
1281 1189 1556 1241 transversae.

849 1305 984 1316 eeeeeee

988 1303 1083 1315 neto

285 1386 323 1414 10
340 1383 433 1413 Vett.
457 1381 539 1413 libb.
555 1381 857 1412 constitutum—11
882 1380 971 1412 Scal.
990 1385 1025 1412 et
1043 1380 1127 1411 Dae.
1146 1378 1275 1409 malunt
1289 1376 1520 1408 Limina-12
1537 1372 1694 1405 Scriben-

242 1427 321 1457 duur
339 1430 451 1457 mouet
469 1425 582 1456 Ursin.
595 1428 790 1465 apparentes.

902 1541 1043 1573 NOTAE

242 1619 384 1659 alicujus
401 1619 455 1660 qui
472 1618 565 1660 effari
581 1618 621 1650 ab
638 1618 746 1660 effari,
763 1618 942 1658 loqni‚esse

246 1670 405 1701 credidit.
437 1670 515 1700 Duc.

290 1720 303 1740 ¹¹
327 1721 498 1751 Libertatis
513 1720 673 1760 templum]
705 1719 732 1750 A
751 1723 849 1760 patre
865 1718 943 1749 Tib.

248 1771 397 1803 Gracchi
421 1775 456 1802 et
483 1771 658 1802 conditum
685 1776 720 1801 et
736 1769 944 1801 dedicatum.

249 1822 321 1853 Liv.
339 1822 398 1853 lib.
417 1830 518 1852 xxiv.
535 1826 619 1852 sect.
638 1824 689 1852 16,
714 1820 813 1851 Idem.

292 1872 299 1893 ὓ
321 1871 471 1912 Librilla]
512 1872 619 1913 Lege,
646 1871 794 1902 Libriliu.
838 1870 948 1901 Porro

249 1923 373 1954 ultimis
392 1922 599 1962 temporibus
617 1920 826 1953 senescentis
843 1920 948 1960 impe-

251 1975 291 2005 rii
318 1975 393 2005 lraec
425 1974 458 2005 in
490 1972 750 2004 desuetudinem
780 1971 950 2002 abierunt.

249 2025 318 2057 Sed
345 2025 508 2065 magister
534 2034 643 2056 rerum
671 2033 749 2054 usus
778 2023 810 2053 iu
834 2032 950 2053 eorum

250 2078 360 2108 locum
378 2076 584 2108 Fustiballum
597 2078 808 2105 commentus
821 2078 891 2104 est:
910 2072 952 2103 de

252 2137 317 2170 quo
334 2127 422 2167 apud
440 2126 633 2167 Vegetium.
656 2126 725 2155 ιΙοε.
741 2124 823 2155 Scal.

297 2177 447 2218 Liba-illa]
483 2177 608 2208 Melius
636 2176 764 2207 librilia.
822 2174 953 2205 Instru-

254 2234 369 2260 menta
386 2229 504 2270 quibus
522 2238 602 2259 saxa
618 2228 650 2258 in
680 2228 809 2257 hostem
826 2225 954 2256 libran-

256 2284 322 2317 tur,
339 2285 370 2309 et
389 2279 462 2319 ipsa
479 2279 580 2309 etiam
596 2287 676 2308 saxa
694 2277 771 2308 loris
790 2276 954 2314 revincta,

256 2339 333 2369 quae
350 2329 459 2358 omnia
473 2328 600 2359 ultimis
618 2327 828 2368 temporibus
841 2336 955 2357 senes-

257 2379 363 2410 centis
379 2379 510 2418 imperii
535 2379 566 2408 in
584 2377 844 2409 desuetudinem
863 2377 955 2407 abie-

257 2434 348 2469 runt,
372 2427 431 2459 sed
449 2428 610 2468 magister
627 2437 736 2457 rerum
751 2437 827 2457 usus
844 2427 877 2457 in
900 2437 955 2458 eo-

257 2489 331 2511 rum
363 2480 472 2509 locum
510 2477 710 2508 fustibulum
748 2482 957 2508 commentus

259 2536 322 2562 est.
370 2530 420 2559 De
437 2537 501 2569 quo
519 2527 608 2568 apud
624 2528 745 2566 Veget.
761 2528 850 2558 Scal.
876 2527 956 2558 Duc.

302 2580 316 2601 Ι(
341 2581 476 2621 Libycus
503 2578 641 2619 campus]
680 2578 720 2608 In
751 2577 877 2618 Argeo,
901 2577 957 2608 ubi

261 2638 379 2674 postea
395 2632 488 2662 vicus
502 2631 643 2661 Tuscus.
668 2629 766 2659 Idem.

303 2682 312 2704 ¹
336 2680 483 2721 Licitatz']
519 2679 724 2711 Licitatione
752 2677 959 2709 contenden-

263 2738 326 2764 tes.
365 2732 465 2763 Unde
481 2730 604 2762 licitari
622 2738 681 2770 pro
700 2737 864 2770 pugnare‚
880 2737 958 2760 cone

999 1616 1106 1657 gredi.
1154 1615 1241 1646 Enu.
1265 1615 1274 1630 ‘
1290 1615 1374 1644 Pars
1390 1610 1519 1642 ludicre
1535 1608 1700 1649 saxajac-

1000 1671 1087 1705 tant,
1110 1666 1199 1697 inter
1216 1674 1252 1695 se
1268 1660 1465 1694 licitarum-,¹
1491 1660 1588 1690 Idem.

1042 1723 1064 1738 ¹¹¹
1090 1715 1243 1755 Lictores]
1267 1712 1491 1745 Scribendum
1505 1711 1701 1750 apparente-⁴1,

1001 1778 1062 1809 pro
1074 1770 1228 1809 parentes.
1252 1765 1341 1796 Vide
1358 1764 1391 1795 in
1408 1768 1416 1780 ¹
1435 1760 1603 1794 viatores!
1629 1760 1702 1791 Ful.

1006 1819 1115 1850 Ursin.

1045 1867 1201 1908 Lictores]
1228 1867 1294 1898 Alii
1313 1877 1332 1897 a
1348 1863 1494 1906 ligandis
1508 1862 1573 1894 reis
1590 1860 1703 1892 dictos

1005 1921 1133 1958 volunt,
1150 1928 1191 1949 ex
1209 1917 1265 1948 illo
1282 1916 1395 1948 Cicer.
1412 1923 1474 1954 pro
1487 1912 1526 1944 C.
1547 1910 1703 1942 Rabirio:

1004 1973 1013 1989 ‘
1032 1971 1061 2010 1,
1079 1970 1192 2008 lictor,
1207 1968 1334 2008 colliga
1353 1963 1496 1996 manus.’
1520 1962 1608 1993 Vide
1625 1960 1706 1992 Gel-

1005 2023 1098 2053 lium.
1125 2021 1204 2051 Duc.

1048 2078 1062 2093 ¹¹
1087 2069 1244 2109 Limaces]
1268 2068 1385 2099 Limum
1407 2074 1424 2095 a
1440 2064 1524 2101 limo,
1547 2060 1637 2103 quod
1659 2060 1705 2091 ibi

1006 2123 1100 2153 vivit.
1136 2122 1244 2151 Varro
1269 2118 1328 2148 lib.
1358 2125 1406 2146 vr.
1437 2113 1524 2144 unde
1551 2113 1705 2143 Limaces

1006 2173 1107 2204 dictae
1149 2170 1360 2202 meretrices.
1416 2165 1533 2195 Plaut.
1579 2161 1707 2193 Clitell.

1001 2225 1010 2241 ‘
1033 2224 1113 2255 Non
1129 2222 1225 2263 quasi
1252 2225 1288 2250 ut
1313 2219 1364 2249 11ae
1383 2221 1463 2247 sunt
1489 2214 1543 2245 liic
1568 2214 1705 2243 limaces

1006 2272 1142 2305 lividaess
1166 2272 1264 2302 Idem.

1050 2330 1064 2344 ⁰
1086 2323 1257 2354 Limitatus
1281 2318 1371 2359 ager]
1395 2317 1435 2347 Iu
1460 2314 1655 2353 Centurias,
1675 2313 1706 2343 in

1008 2380 1105 2407 certa
1121 2372 1274 2414 quaedam
1288 2371 1411 2411 jugera
1427 2368 1608 2398 dimensus.
1634 2364 1684 2396 Id.

1052 2429 1067 2450 Ρ
1094 2421 1241 2461 Limites]
1286 2421 1517 2458 Quaecumque
1553 2417 1587 2447 in
1625 2424 1706 2455 agro

1011 2474 1105 2505 facta
1130 2478 1208 2503 sunt
1234 2471 1274 2502 ad
1292 2468 1563 2501 observationem
1580 2465 1707 2497 finium.

1011 2525 1106 2564 Virg.
1152 2524 1160 2539 ‘
1179 2523 1289 2553 Limes
1305 2529 1384 2558 agro
1407 2519 1536 2559 positus
1561 2516 1654 2547 litem
1672 2519 1710 2546 ut

1013 2575 1224 2605 discerneret
1262 2569 1371 2602 arvis!
1419 2567 1612 2609 Aliquando
1645 2566 1708 2597 viae

1014 2630 1228 2658 transversae,
1244 2626 1281 2653 ut
1302 2621 1508 2652 decumanus
1530 2618 1637 2656 limes,
1652 2617 1710 2657 qui

1013 2685 1129 2717 agrum
1157 2678 1251 2705 secat
1273 2672 1315 2703 ab
1340 2671 1429 2703 Ortu
1448 2669 1525 2700 solis
1540 2667 1581 2699 ad
1599 2667 1710 2699 Occa-

1015 2736 1099 2758 sum.
1138 2723 1262 2764 Cardo,
1292 2723 1401 2757 limes,
1435 2720 1490 2762 qui
1523 2728 1584 2761 per
1612 2726 1710 2758 agros
