1835 2906
343 178 402 208 DE
439 175 707 206 VERBORUM

745 169 1149 202 SlGNlFICATIONE
1185 168 1276 198 121ss.
1311 169 1341 199 1.

1503 158 1558 198 79

122 276 259 317 Antes
273 272 285 295 f
302 277 404 314 sunt
424 271 606 313 extremi
626 269 796 311 ordines
817 267 1043 307 vinearum
1061 278 1070 306 :
1104 264 1220 305 unde
1241 263 1371 304 etiam
1396 274 1556 303 nomen

179 341 351 383 trahunt
370 344 501 387 antae‚
523 352 620 391 quae
642 341 740 377 sunt
760 335 896 374 latera
915 333 1168 373 ostiorum.g

123 409 406 450 Anteurbana
424 403 623 459 praedia‚¹¹
644 403 737 444 urbi
760 401 1021 454 propinqua.

123 473 290 516 Antiaei
323 474 555 514 muliebres
586 470 734 524 capilli
764 468 939 509 demissi
966 468 1011 508 in
1046 465 1230 506 frontem
1258 463 1468 517 appellati
1502 477 1557 503 ex

179 542 339 583 Graeco
362 541 580 581 videntur:
603 537 720 592 quod
739 536 850 577 enim
872 548 952 575 nos
975 538 1140 582 contra,
1156 533 1220 573 illi
1243 531 1322 571 ἀντὶ
1337 537 1370 554 ¹0
1392 530 1559 571 dicunt.

123 610 331 650 Anticum
348 606 363 629 k
386 607 568 648 Veteres
588 606 716 646 etiam
738 617 818 656 pro
834 602 971 656 janua
989 613 1194 654 posuere.

121 673 366 728 Antigerio¹
389 674 573 727 Antiqui
596 685 673 726 pro
696 671 825 711 valde
849 670 1069 710 dixerunt.

123 743 335 792 Antios,¹¹
354 747 378 763 ¹¹¹
406 742 449 782 id
471 747 552 791 est,
572 739 868 780 excruciatos.

722 857 836 870 eeeeee

839 856 956 868 eeeeee

166 943 204 970 10
228 940 296 970 Pro
313 938 379 970 ἀντὶ
394 938 548 980 quaedam
565 936 641 968 edd.
655 935 853 967 &uriom—11
879 934 1033 974 Scaliger
1054 938 1089 964 et
1112 931 1420 972 Ursin.legendum
1439 934 1561 971 putant

124 983 252 1014 Anctos.

772 1053 910 1085 NOTAE

122 1126 270 1166 explicat
286 1125 462 1156 Vitruvius
486 1125 541 1156 lib.
558 1134 614 1155 111.
638 1125 647 1141 ‘
664 1124 704 1155 In
729 1124 812 1155 Are-

122 1177 239 1217 ostylis
255 1181 366 1207 autem
383 1186 446 1207 nec
464 1176 657 1208 marmoreis
675 1176 814 1215 Episty-

119 1227 175 1257 liis
205 1227 254 1258 uti
285 1227 407 1258 datur:
438 1226 498 1257 sed
528 1226 740 1266 imponendae
771 1225 813 1256 de

121 1276 264 1307 materia
294 1276 407 1307 trabes
436 1281 633 1317 perpetuae:
658 1281 693 1307 et
725 1276 814 1316 ipsa-

122 1337 193 1358 rum
214 1327 344 1358 AEdium
361 1327 493 1367 species
509 1332 588 1357 sunt
605 1326 742 1364 baricae,
757 1325 816 1356 hu-

122 1378 232 1416 miles,
247 1377 345 1408 laxae.
389 1377 588 1418 Ornantque
613 1377 714 1417 signis
730 1376 815 1407 ficti-

120 1426 206 1458 libus
223 1435 281 1458 aut
297 1427 392 1457 aereis
414 1427 575 1458 inauratis
592 1437 705 1457 earum
723 1425 817 1457 fasti-

124 1478 190 1517 gia,
204 1478 389 1508 Tuscanico
413 1487 503 1508 more
519 1488 527 1507 ε
552 1477 601 1508 uti
618 1482 671 1508 est
687 1476 727 1507 ad
745 1476 817 1507 Cir-

122 1537 197 1558 cum
234 1528 426 1563 maximum,
472 1527 619 1565 Cereris,
656 1527 814 1558 Herculis

122 1578 338 1618 Pompeiani,
363 1579 442 1609 item
465 1578 646 1618 Capitolii.'
692 1578 745 1609 Ita
769 1579 815 1609 lo-

123 1637 197 1659 cum
214 1629 306 1659 illum
321 1629 467 1660 Vitruvii
483 1629 633 1668 legimus.
658 1629 755 1659 Idem.

164 1676 177 1697 f
194 1679 309 1719 Antes]
330 1679 561 1710 Glossarium:
583 1679 592 1695 ‘
612 1678 732 1716 Antes,
749 1679 815 1709 στί-

123 1740 176 1766 χοι
201 1729 356 1767 ἆμπέλων.
392 1729 546 1765 Antium,
574 1728 698 1767 τάξεων,
724 1728 816 1768 ὀρχά-

124 1780 204 1809 των.’
227 1780 295 1810 Jos.
313 1780 394 1810 Scal.

167 1829 282 1869 Antes]
302 1829 448 1859 Ordines
463 1829 658 1860 anteriores,
670 1829 814 1868 Virgar.

125 1879 252 1918 Georg.
275 1881 284 1897 ‘
301 1880 377 1911 Jam
395 1880 486 1910 canit
497 1878 626 1910 effoetos
644 1884 815 1910 extremus

124 1930 250 1960 vinitor
275 1935 368 1960 antes
384 1929 404 1960 :’
428 1930 482 1960 ubi
507 1930 695 1970 interpres:
722 1932 730 1946 ‘
747 1929 815 1960 An-

125 1985 175 2011 tes
192 1985 268 2011 sunt
284 1981 427 2011 extremi
449 1980 584 2011 ordines
598 1981 631 2011 in
648 1981 815 2021 ingressu,

126 2031 181 2071 qui
206 2036 241 2061 et
266 2030 340 2060 finis
364 2035 415 2061 est
435 2031 556 2061 laboris
585 2041 658 2062 cum
683 2031 723 2061 ad
741 2041 815 2062 eum

124 2086 324 2120 perventum
343 2080 420 2111 est.'
445 2081 557 2112 Gloss.
573 2082 582 2098 ‘
596 2086 703 2120 antes,
716 2082 746 2111 οἱ
755 2083 817 2111 τῶν

125 2130 270 2168 ἀμπέλων
294 2130 420 2170 στίχοι,’
443 2136 451 2148 ¹
466 2132 635 2162 vinearum
657 2131 815 2163 ordines.’

125 2179 212 2210 Item
232 2186 241 2199 ‘
256 2180 397 2219 antium,
411 2179 537 2220 τάξεων,
550 2180 717 2221 ὀρχάτων.’
733 2181 815 2211 Duc.

167 2235 182 2256 g
205 2230 308 2267 Anne,
337 2241 404 2270 (μα’
433 2235 503 2262 sunt
529 2232 625 2262 latera
654 2231 817 2270 ostiorum]

124 2278 209 2309 Pure
227 2279 297 2310 sive
313 2281 476 2311 columnae
493 2280 637 2320 lapideae
654 2281 687 2311 in
703 2281 819 2310 lateri—

126 2327 189 2358 bus
212 2329 383 2367 ostiorum,
400 2330 544 2369 quadras
569 2331 741 2361 columnas
759 2340 816 2360 ex-

126 2376 219 2415 ponit
231 2377 371 2408 Nonius.
382 2378 524 2411 Glossae:
535 2380 817 2421 ιιιι][οε,παριπιετί-ι;ί-

127 2428 169 2457 δις
186 2431 220 2457 et
236 2426 449 2466 παραστάδες.’
475 2429 645 2470 Hesychio
656 2431 815 2472 suntvrpbs

126 2478 190 2507 τοῖς
204 2477 323 2515 τοίχοις
338 2478 537 2518 τετραμμένοι
547 2479 656 2516 κίονες,
672 2483 681 2499 ‘
693 2484 816 2513 colurn-

125 2536 177 2557 nae
194 2528 296 2557 muris
310 2528 511 2567 applicatae!
536 2530 672 2560 Eaedem
686 2531 816 2562 Glossae

125 2580 212 2607 antes
228 2586 287 2616 pro
304 2581 386 2607 antae
404 2578 517 2609 ‘antes
530 2579 748 2619 παραστάται.’
769 2582 817 2613 Id.

169 2625 184 2646 Ἀ
207 2627 550 2668 Anleurbanapraediu]
564 2629 713 2660 Imitatio
726 2630 818 2662 Grae-

130 2686 254 2711 corum,
269 2677 439 2717 προάστεια
454 2678 560 2719 χωρία.
575 2680 643 2710 Jos.
661 2679 745 2711 Scaz.

167 2727 175 2747 ἰ
200 2727 321 2769 Antioe]
346 2729 577 2762 Glossarium:
601 2728 818 2770 ‘Antidestas-

869 1135 921 1161 μαι
937 1121 986 1152 διὰ
1001 1122 1064 1152 τῶν
1087 1121 1247 1161 κροταφῶν
1267 1117 1449 1159 κρεμάμεναι
1464 1127 1568 1155 ’γυναι-

869 1174 971 1205 mefac!
994 1173 1083 1212 Lege
1112 1172 1218 1209 antiae,
1234 1170 1256 1201 i.
1281 1175 1288 1187 ¹
1306 1170 1420 1200 Comae
1449 1169 1567 1198 mulie-

871 1225 949 1256 bres
974 1233 1034 1264 per
1050 1222 1162 1254 media
1186 1227 1339 1261 tempora
1362 1218 1569 1250 descenden-

872 1277 944 1308 tes!
990 1276 1077 1307 Aliae
1101 1275 1214 1306 Gloss.
1233 1274 1242 1290 ‘
1263 1273 1377 1312 antiae,
1402 1272 1507 1312 τρίχες
1535 1272 1567 1302 αἱ

870 1327 984 1366 μεταξὺ
997 1328 1059 1357 τῶν
1072 1324 1208 1365 κεράτων
1219 1325 1280 1354 τῶν
1302 1321 1406 1358 βοῶν,’
1423 1324 1443 1353 i.
1467 1324 1474 1339 ‘
1494 1323 1568 1353 Cri—

871 1389 929 1410 nes
945 1379 1034 1409 intra
1050 1387 1176 1408 cornua
1187 1374 1309 1407 boum!
1331 1375 1424 1405 Tert.
1437 1374 1478 1405 de
1496 1375 1567 1414 pal-

870 1430 937 1460 lio:
963 1434 971 1447 ‘
987 1428 1150 1468 genuinos
1164 1427 1254 1457 inter
1269 1425 1377 1456 antias
1389 1424 1567 1454 adumbra-

870 1479 945 1510 tos!
967 1480 1035 1510 dos.
1047 1478 1198 1516 Scaliger.
1221 1475 1308 1506 Aliae
1328 1476 1466 1515 glossae:
1484 1475 1492 1491 ‘
1507 1484 1566 1504 an-

870 1531 938 1569 tiae,
951 1528 1141 1569 προκόμιον.’
1164 1528 1261 1558 antioe
1277 1527 1341 1557 alio
1357 1526 1489 1556 nomine
1508 1526 1569 1555 Ca-

866 1591 972 1621 pronoe
988 1581 1114 1611 dictae:
1139 1579 1215 1608 vide
1231 1579 1239 1594 ‘
1253 1575 1441 1617 Capronae.'
1456 1576 1538 1606 Dae.

912 1630 927 1650 k
949 1630 1112 1669 Anticum]
1137 1629 1223 1659 Vide
1251 1625 1472 1658 ‘Posticum.’
1487 1626 1565 1656 Ant.

869 1680 952 1718 Aug.

912 1727 1077 1767 Anticum]
1121 1726 1396 1766 Subintelligilur
1441 1726 1566 1756 ostium.

872 1780 961 1810 Vide
981 1781 989 1795 ‘
1008 1778 1208 1810 posticum!
1234 1779 1316 1809 Dae,

910 1828 918 1849 ¹
941 1830 1124 1869 Autigerio]
1149 1829 1280 1859 Glossae
1310 1832 1441 1858 veteres
1473 1827 1567 1857 Lati-

869 1889 938 1910 nae:
955 1879 1159 1919 ‘Antigeri0‚
1172 1876 1293 1908 valde!
1318 1877 1565 1915 ‘Antigerium‚

871 1928 1165 1969 quemadmodum,
1182 1927 1368 1967 imprimis.'
1389 1927 1456 1957 Jos.
1469 1926 1552 1956 Scal-

913 1979 1096 2018 Antigerio]
1112 1977 1272 2009 Placidus
1284 1978 1316 2007 in
1330 1977 1466 2015 glossis:
1486 1976 1568 2006 ‘An-

871 2030 1003 2069 tigerio,
1020 2029 1070 2059 vel
1087 2027 1439 2068 qwmadmoduuhvffl
1452 2027 1484 2058 in
1500 2029 1566 2067 pri·

870 2078 955 2109 mis.'
979 2079 1050 2110 Ful.
1070 2079 1177 2109 Ursz'n.

912 2129 1096 2169 Antigerio]
1115 2128 1315 2161 Quintilian.
1329 2128 1383 2158 lib.
1395 2137 1564 2167 vur.cap.

872 2182 903 2210 3.
925 2180 933 2196 ‘
951 2179 1040 2211 Quid
1065 2188 1200 2210 necesse
1224 2184 1274 2209 est
1292 2178 1403 2208 dicere
1428 2177 1567 2218 oppido,

872 2239 938 2269 quo
967 2233 1045 2259 sunt
1072 2229 1122 2259 usi
1148 2228 1246 2268 paulo
1274 2233 1426 2267 tempore
1449 2232 1565 2258 nostro

871 2281 1094 2321 Superiores?
1118 2290 1237 2312 vereor
1254 2285 1290 2310 ut
1305 2281 1376 2320 jam
1394 2290 1460 2310 non
1479 2279 1566 2310 ferat

871 2331 1056 2371 quisquam.
1095 2331 1197 2361 Certe
1215 2329 1494 2369 antigeri0,cujus
1511 2339 1564 2359 ea-

872 2381 947 2411 dem
964 2380 1166 2420 significatio
1183 2384 1248 2415 est,
1265 2388 1363 2409 nemo
1382 2379 1444 2409 nisi
1461 2379 1563 2409 ambi-

872 2431 976 2461 tiosus
1003 2428 1141 2460 utetur.'
1186 2428 1334 2459 Isidorus
1359 2429 1391 2459 in
1411 2429 1561 2460 Glossis:

871 2483 879 2497 ‘
897 2480 1121 2519 Antigerium,
1137 2478 1430 2520 quemadmodum,
1447 2480 1479 2510 in
1497 2480 1564 2519 pri-

871 2531 952 2563 mis.’
987 2531 1087 2569 Item,
1105 2531 1113 2546 ‘
1128 2530 1304 2569 anssgerio,
1321 2529 1442 2560 valde.'
1466 2529 1564 2560 Glos-

872 2582 1014 2612 sarium:
1033 2582 1041 2598 ‘
1053 2579 1414 2621 antigerioflrpdzhmpaea,
1428 2580 1496 2616 νίκη
1512 2579 1562 2610 ἇν-

871 2630 1040 2670 τιοιράσις.’
1065 2631 1156 2672 Lego
1177 2630 1343 2672 πρόλημμα
1364 2630 1460 2671 νίκης,
1479 2630 1561 2661 ἄντί-

873 2692 991 2722 πρασις.
1009 2682 1089 2712 Dae.

915 2737 937 2752 ¹¹¹
953 2730 1081 2771 Antias]
1096 2732 1176 2764 Sine
1190 2732 1257 2763 ullo
1267 2731 1368 2764 dubio
1380 2731 1559 2772 legendum
