1835 2906
195 115 283 157 216

645 123 790 154 SEXTI
829 121 1027 152 POMPEI!
1066 120 1201 151 FES'rl

198 220 384 269 Deluit,’‘
408 218 555 268 solvit,
577 231 602 260 a
624 217 782 259 Graeco
804 216 972 257 διαλύειν.

196 287 409 340 Demagis
422 291 439 314 y
468 298 547 340 pro
567 286 709 326 minus
724 287 757 307 ¹0
777 285 943 337 antiqui
965 282 1180 323 dicebant.

196 355 464 397 Deminutus
484 353 631 407 capite
647 358 661 374 ²
694 352 963 406 appellatur:
997 350 1071 404 qui
1106 349 1284 389 civitate
1317 350 1511 387 mutatus
1542 348 1607 385 est
1624 355 1636 383 τ

251 427 294 463 et
313 435 371 463 ex
391 421 479 463 alia
498 420 664 462 familia
682 420 727 460 in
749 419 879 460 aliam
900 417 1161 471 adoptatus:
1193 420 1237 455 et
1264 414 1340 468 qui
1372 413 1480 454 liber
1509 410 1634 452 alteri

251 489 470 543 mancipio
485 489 613 529 datus
633 490 699 528 est
716 500 725 527 :
758 490 799 526 et
819 486 895 538 qui
911 485 953 525 in
973 483 1163 524 hostium
1184 486 1402 536 potestate
1421 479 1540 521 venit
1557 493 1566 520 ε
1589 482 1632 518 et

253 556 327 598 cui
347 569 476 610 aqua,
497 556 673 609 ignique
691 553 964 594 interdictum
986 557 1066 592 est.

198 624 372 666 Demoe
392 629 421 647 ¹¹
441 629 456 645 ²
488 623 608 677 apud
629 622 806 664 Atticos
826 624 939 669 sunt,
961 624 1012 660 ut
1034 617 1150 672 apud
1166 627 1248 657 nos
1269 614 1386 669 pagi.

792 728 931 740 eeeeeee

933 726 1032 739 ooooo

241 798 281 827 10
304 796 372 828 Pro
389 796 489 827 minus
505 794 643 835 conjicit
662 795 749 826 Dac.
765 792 945 834 legendum
961 792 1143 824 nimia—ll
1172 790 1239 821 Alii
1255 790 1363 827 Δῆμοι.

845 899 987 931 NOTAE

198 975 283 1002 mus,
301 976 320 997 a
345 965 443 1001 libro,
460 965 523 997 hoc
539 969 602 1006 est,
619 975 694 997 raso
720 966 811 1006 ligno
824 964 893 996 fac-

197 1023 283 1056 tum,
319 1015 408 1058 qnod
446 1016 570 1048 Graece
609 1015 715 1055 ξόανον
740 1014 891 1047 dicitur!

198 1068 253 1099 Sic
279 1066 381 1107 ξόανα,
407 1065 585 1106 ἀγάλματα,
617 1066 729 1097 εἴδωλα
752 1065 891 1106 exponit

198 1118 351 1159 Hesych.
388 1117 440 1149 Ab
456 1118 517 1148 boc
535 1117 637 1158 igitur
654 1117 794 1148 delubro
821 1116 891 1147 sive

199 1169 377 1200 simulacro
394 1169 523 1209 templa
540 1168 630 1199 dicta
646 1167 799 1198 delubra.
822 1166 891 1197 Sed

196 1219 303 1260 magis
327 1219 441 1259 placet
464 1219 605 1249 aliorum
635 1218 817 1251 sententia,
835 1217 891 1258 qui

198 1274 322 1311 putant
337 1269 477 1301 delubra
499 1269 590 1300 dicta
616 1279 635 1299 a
654 1267 814 1307 delubris,
829 1267 891 1298 lioc

199 1326 264 1362 est,
279 1319 437 1359 fontibus,
454 1329 529 1360 quae
553 1323 630 1350 ante
648 1319 774 1359 templa
790 1319 891 1350 collo-

198 1372 375 1410 cabantur,
393 1376 429 1402 ut
447 1372 486 1402 iis
501 1371 651 1401 homines
669 1376 747 1402 ante
766 1371 890 1410 ingres-

197 1432 267 1453 sum
285 1422 519 1453 deluerentur.
549 1421 726 1452 Cornelius
741 1422 866 1452 Fronto
882 1432 889 1451 :

196 1472 403 1503 ‘Delubruni
430 1472 462 1502 in
491 1481 555 1512 qno
572 1471 722 1502 homines
740 1471 892 1511 pericula

196 1531 255 1552 sua
271 1521 436 1552 deluunt.'
481 1521 652 1553 Delubrum
673 1521 776 1561 igitur
807 1531 824 1551 a
840 1522 891 1551 de-

196 1572 315 1602 luendo.
362 1571 497 1602 Servius
528 1581 566 1601 n.
605 1571 680 1603 AEn.
717 1577 724 1589 ‘
744 1572 823 1606 Alii,
854 1576 891 1602 ut

196 1621 346 1656 Cincius,
375 1621 550 1652 delubrum
574 1630 648 1651 esse
674 1621 782 1652 locum
814 1627 891 1652 ante

197 1673 360 1711 templum
377 1671 431 1702 nbi
444 1681 530 1712 aqua
542 1671 657 1709 currit,
670 1681 687 1701 a
701 1669 892 1701 deluendo!

197 1723 243 1753 Et
259 1722 317 1753 lib.
336 1731 385 1753 tv.
408 1724 416 1739 ⁴
433 1721 615 1752 Delubrnm
630 1726 740 1752 autern
752 1721 892 1760 (lictum,

199 1776 317 1811 aut‚ut
335 1781 435 1810 snpra
451 1771 608 1809 diximus,
625 1775 767 1810 propter
782 1771 889 1802 locntn

198 1821 231 1852 in
248 1831 313 1861 quo
331 1830 446 1851 manus
464 1820 670 1851 ablnuntur.’
694 1822 773 1851 Dae.

239 1875 253 1890 Χ
278 1871 404 1910 Deluz't]
448 1870 567 1904 Solvit,
601 1876 734 1909 purgat.
782 1872 893 1903 Gloss.

198 1926 204 1938 ‘
225 1921 351 1961 Deluo,
368 1919 580 1957 ἀπολούομαι.’
604 1920 701 1950 Idem.

239 1977 252 1997 y
276 1970 442 2010 Demagis]
487 1971 614 2001 Contra
653 1971 888 2002 Glossarium:

196 2024 204 2038 ‘
231 2022 409 2061 Demagis‚
432 2020 596 2060 σφοδρῶς.’
640 2021 684 2051 Et
725 2022 854 2052 Nonius
882 2034 889 2052 ;

198 2074 205 2088 ‘
229 2072 400 2112 Demagis,
429 2071 528 2102 valde
566 2070 694 2111 magis.’
750 2072 814 2102 Sed
850 2072 890 2104 de

196 2123 259 2153 hoc
286 2122 368 2154 satis
394 2122 543 2153 dicemus
570 2122 601 2152 in
630 2122 799 2153 Plautum.
824 2124 892 2154 Jos.

198 2172 282 2203 Scal.

240 2223 407 2263 Demagis]
447 2222 637 2263 Numquam
663 2223 802 2261 ‹lemugis
828 2233 889 2263 pro

196 2276 204 2290 ⁴
218 2273 341 2304 minus'
358 2283 409 2303 me
427 2273 538 2312 legere
555 2273 702 2311 memini,
726 2273 784 2303 sed
804 2283 888 2303 sein-

198 2333 258 2363 per
271 2333 330 2362 pro
344 2327 351 2339 ‘
371 2322 467 2353 valde
488 2322 617 2362 magis!
663 2322 771 2354 Gloss.
795 2324 802 2339 ‘
819 2324 888 2354 De-

197 2373 315 2412 magis,
329 2372 489 2411 σφοδρῶς.’
512 2374 520 2388 ⁴
537 2373 644 2404 Valde
661 2374 764 2413 magis
777 2374 797 2411 ;'
814 2374 889 2404 vide

198 2423 357 2455 Nonium.
401 2424 468 2454 Sed
499 2423 612 2455 forsan
636 2434 698 2465 pro
720 2424 818 2455 nzinus
845 2425 890 2456 le-

196 2474 341 2514 gendum
357 2474 461 2503 nimis.
486 2475 572 2506 Dae.

240 2530 251 2544 2
276 2525 462 2556 Deminutus
474 2525 588 2565 capite]
612 2527 742 2567 Capitis
757 2527 889 2558 nomine

197 2576 339 2605 Veteres
367 2574 516 2614 pericula
537 2576 715 2617 libertatis,
731 2577 891 2617 civitatis,

196 2625 347 2663 familiae,
375 2625 452 2655 vitae
481 2624 624 2665 denique
652 2633 686 2657 et
718 2628 890 2658 existima·

198 2675 299 2706 tionis
331 2674 578 2715 significabant.
634 2677 686 2707 Sic
725 2679 733 2693 ‘
749 2677 888 2708 diminui

945 962 1058 1003 capite
1073 961 1081 975 '
1099 961 1277 993 dicebatur
1293 960 1332 998 is,
1348 959 1403 1000 qui
1419 957 1567 990 civitatis
1584 958 1637 988 vel

944 1013 1079 1044 familiae
1102 1013 1158 1053 jus
1185 1011 1354 1051 amiserat,
1371 1010 1421 1040 vel
1446 1009 1545 1040 alicui
1577 1017 1638 1049 pro

946 1073 1043 1095 servo
1057 1063 1200 1094 traditus
1216 1061 1338 1096 fuerat,
1355 1070 1429 1092 cum
1444 1059 1527 1090 liber
1539 1064 1642 1098 esset,

948 1114 1000 1145 vel
1017 1113 1160 1154 denique
1174 1112 1228 1143 cui
1245 1112 1316 1143 vita
1333 1110 1548 1142 interdictum
1565 1106 1639 1138 fue-

947 1168 1010 1196 rat.
1055 1165 1100 1195 Et
1126 1163 1173 1194 sic
1196 1162 1302 1193 tribus
1333 1161 1437 1192 modis
1462 1158 1640 1191 accidebat

946 1214 1068 1255 capitis
1095 1213 1285 1253 diminutio,
1307 1221 1382 1243 cum
1406 1211 1495 1242 enim
1520 1209 1638 1250 aliquis

946 1275 1021 1297 cuin
1039 1265 1201 1296 libertate
1218 1264 1395 1294 civitatem
1408 1261 1577 1299 amiserat,
1600 1264 1637 1290 ut

948 1316 1050 1354 servi,
1089 1313 1213 1354 ingrati
1240 1312 1365 1348 liberti,
1389 1321 1431 1342 ea
1463 1310 1640 1341 dicebatur

946 1365 1091 1396 maxima
1119 1363 1242 1404 capitis
1269 1362 1458 1393 diminutio.
1505 1361 1547 1391 Et
1565 1369 1640 1391 cum

947 1416 1123 1447 civitatem
1148 1418 1277 1445 tantum
1296 1411 1489 1450 amittebat,
1505 1410 1640 1441 liberta-

947 1471 1014 1497 tem
1037 1466 1200 1504 retinens,
1218 1470 1254 1495 nt
1285 1464 1317 1494 in
1349 1462 1491 1493 insulam
1516 1460 1640 1501 ‹lepor-

947 1517 1021 1552 tati,
1039 1525 1125 1557 aqua
1148 1521 1180 1545 et
1206 1515 1282 1554 igne
1307 1512 1494 1549 interdicti,
1516 1521 1556 1542 ea
1580 1511 1640 1541 mi-

947 1578 1007 1598 nor
1020 1568 1090 1598 sive
1101 1565 1213 1597 media
1222 1565 1398 1595 dicebatur
1411 1562 1532 1603 capitis
1543 1561 1639 1591 dimi·

947 1619 1041 1649 nutio
1059 1629 1066 1648 :
1092 1626 1167 1648 cum
1183 1625 1261 1646 vero
1272 1614 1414 1645 hominis
1428 1617 1557 1643 tantum
1572 1616 1639 1642 sta-

949 1672 1002 1698 tus
1029 1666 1234 1704 mutabatur,
1260 1669 1461 1695 conservata
1488 1662 1642 1699 civitate,

948 1723 982 1748 et
1007 1717 1167 1748 libertate
1182 1719 1326 1749 retenta,
1345 1719 1380 1744 nt
1397 1713 1431 1743 in
1448 1712 1487 1743 iis
1503 1711 1643 1750 accidit,

946 1768 1013 1808 qui,
1024 1776 1100 1798 cum
1113 1766 1161 1796 sni
1173 1765 1257 1806 juris
1269 1768 1393 1798 essent,
1406 1772 1480 1793 sese
1493 1762 1525 1793 in
1537 1761 1641 1801 adop-

947 1818 1069 1849 tionem
1085 1816 1266 1855 dederunt,
1280 1819 1338 1845 aut
1355 1819 1485 1852 contra,
1508 1812 1564 1853 qui
1581 1811 1640 1841 ali-

947 1868 1089 1908 enojnri
1110 1867 1286 1906 subjectus
1304 1869 1391 1904 erat,
1409 1863 1554 1903 suijuris
1572 1862 1641 1892 sac-

949 1923 1001 1949 tus
1028 1923 1093 1956 est,
1123 1923 1189 1947 tuin
1217 1926 1255 1946 ea
1286 1915 1433 1945 minuma
1463 1913 1642 1944 dicebatur

950 1968 1071 2008 capitis
1102 1965 1290 1997 diminutio.
1346 1965 1391 1995 Et
1424 1964 1494 1994 baec
1529 1962 1641 1993 onmia

946 2019 1063 2058 pam-is
1083 2022 1282 2057 persecutus
1298 2019 1352 2046 est
1369 2014 1501 2044 Festus.
1546 2012 1586 2042 In
1601 2020 1639 2041 eo

948 2075 1060 2099 tamen
1076 2067 1204 2108 aliquid
1228 2064 1468 2105 reprehendas,
1483 2071 1593 2102 neque
1608 2071 1640 2092 e-

947 2119 1014 2149 nim
1045 2117 1180 2148 omnino
1208 2124 1323 2146 verum
1347 2119 1500 2152 est‚e08,
1522 2112 1578 2152 qui
1605 2112 1638 2142 in

944 2169 1086 2200 hostiurn
1118 2171 1323 2208 potestatem
1352 2169 1531 2204 venerunt,
1569 2164 1640 2203 pati

945 2219 1067 2260 capitis
1094 2217 1365 2252 diminutionem,
1391 2215 1522 2246 scilicet
1540 2223 1640 2254 prop—

944 2278 996 2303 ter
1008 2282 1101 2313 spem
1115 2267 1321 2310 postliminii,
1333 2275 1398 2307 quo
1412 2265 1641 2296 restituuntur

943 2322 975 2352 in
990 2323 1176 2362 integrum:
1195 2318 1282 2349 unde
1299 2323 1334 2349 et
1347 2318 1380 2348 in
1390 2315 1502 2347 edicto
1515 2314 1556 2345 de
1573 2324 1641 2345 rna-

938 2373 1071 2413 joribus
1088 2372 1120 2401 iu
1144 2372 1263 2409 integr.
1278 2373 1361 2400 rest.
1378 2367 1521 2398 servitus
1543 2374 1641 2405 sepa-

946 2429 1040 2454 ratur
1057 2422 1098 2453 ab
1114 2422 1257 2452 hostium
1273 2423 1453 2461 potestate.
1478 2417 1575 2448 Idem.

988 2479 1000 2493 ’Δ
1016 2472 1146 2511 Damae]
1161 2471 1310 2512 Antique
1323 2479 1382 2510 pro
1393 2469 1503 2506 demoi,
1513 2472 1547 2497 ut
1559 2469 1567 2483 ⁶
1581 2475 1639 2506 po-

946 2523 1046 2564 ploe‚'
1071 2529 1080 2543 ¹
1095 2521 1229 2563 poploi,’
1252 2519 1390 2561 ‘popli,'
1417 2524 1453 2549 ut
1471 2517 1549 2547 alibi
1570 2516 1641 2546 dic-

945 2579 1035 2611 tnm;
1052 2575 1154 2604 demae
1164 2575 1277 2602 autem
1291 2570 1448 2600 Graecum
1464 2573 1525 2605 est,
1541 2567 1639 2603 δῆμοι.

945 2625 985 2655 ln
998 2626 1100 2655 (lemos
1112 2623 1226 2654 Attica
1237 2619 1462 2657 dividebatur,
1475 2627 1540 2657 qua
1549 2617 1591 2647 de
1606 2626 1640 2647 re

946 2675 1021 2706 vide
1045 2672 1239 2705 Doctissitni
1260 2668 1400 2701 Meursii
1424 2668 1570 2699 libellum
1597 2667 1639 2698 de
