1835 2906
185 97 268 139 280

625 106 773 136 SEX‘rl
810 104 1010 136 ΡΟΜΡΕΗ
1048 104 1179 135 FES'ri

188 203 413 255 Fulgerem
444 202 578 256 prisci
612 214 690 255 pro
723 201 849 242 ferire
882 200 1102 248 dicebant,
1132 198 1244 239 unde
1280 198 1424 251 fulgur
1462 198 1625 240 dictum

243 275 321 311 est.

187 336 224 377 F
228 336 453 387 ulguritum
470 340 487 357 ¹¹
517 334 577 383 id,
605 334 724 388 quod
744 338 814 374 est
839 333 1015 374 fulmine
1037 332 1196 374 ictum:
1227 333 1301 386 qui
1322 333 1450 374 locus
1474 334 1625 374 statim

242 402 331 442 fieri
361 403 596 456 putabatur
618 401 864 455 religiosus,
897 400 1016 454 quod
1048 413 1148 441 eum
1180 400 1306 441 Deus
1334 401 1419 442 sibi
1455 401 1628 442 dicasse

241 469 468 510 videtur.¹0

187 535 369 578 Fulmen
384 541 400 558 ⁰
429 537 592 578 dictum
615 549 641 576 a
662 535 796 576 fluore
815 540 844 559 ¹¹
880 535 1085 576 flammae.

186 603 400 645 Fundus?
431 604 590 644 dicitur
627 617 741 656 ager,
772 604 890 657 quod
932 604 1091 656 planus
1126 604 1185 644 sit
1216 603 1272 644 ad
1301 602 1631 644 similitudinem

239 671 365 712 fundi
388 685 606 713 vasorum.

669 672 850 712 Fundus
881 670 1054 726 quoqne
1087 671 1276 713 diciturq
1306 671 1503 725 populus
1535 682 1631 711 esse

241 739 317 788 rei,
339 752 467 792 quam
492 739 668 789 alienat,
690 739 774 779 hoc
800 743 884 788 est,
906 743 1074 780 auctor.

790 857 1028 871 “oooeeeeete

230 927 269 954 10
294 924 354 955 Ed.
372 925 460 956 Scal.
482 927 733 958 videretur.--ll
760 928 904 959 Quidam
922 927 1150 965 libb.sulvore.
1164 927 1243 958 vet.
1260 925 1482 964 cod.fulgore.

837 1049 978 1081 NOTAE

227 1134 248 1149 ¹¹²
272 1130 424 1171 Fulgore]
464 1133 597 1164 Falsum
625 1134 690 1164 erit
717 1134 806 1175 qnod
833 1135 881 1166 ait

186 1179 318 1218 Festus,
334 1182 510 1219 nisiserire
528 1184 697 1223 intelligas
715 1184 756 1216 de
773 1184 881 1225 fulgo-

184 1240 219 1261 re
237 1235 271 1261 et
287 1234 541 1266 coruscatione:
562 1235 684 1275 Fulgin·
697 1239 785 1268 enim
806 1246 881 1277 pro-

184 1289 259 1319 prie
287 1287 339 1312 est
370 1284 455 1323 ignis
486 1286 556 1315 sive
588 1289 776 1318 coruscatio
805 1298 880 1319 cum

183 1330 324 1363 fulmine
335 1334 500 1374 emicans;
516 1336 637 1373 fulmen
652 1339 753 1369 telum
769 1339 878 1379 ipsnni

183 1381 272 1421 quod
291 1383 448 1416 mittitur.
494 1387 567 1417 Etsi
586 1393 702 1428 postea
720 1388 879 1430 frequen-

184 1434 235 1461 ter
250 1433 367 1472 fulgur
383 1445 443 1474 pro
460 1435 614 1476 fulmine,
638 1443 674 1469 ut
703 1438 793 1469 infra
811 1439 879 1477 sul—

181 1483 323 1538 giaerz'tum
340 1485 428 1525 quod
443 1486 589 1527 fulgure,
605 1488 636 1519 id
659 1495 721 1524 est,
740 1489 879 1521 fulmine

183 1537 286 1563 citum
304 1540 365 1565 est.
389 1536 470 1568 Dae.

224 1587 239 1602 ¹¹
264 1584 483 1626 Fulguritnm]
514 1588 643 1619 'Locus
674 1588 878 1630 fulgiiritus,'

182 1633 277 1665 τόπος
291 1637 508 1677 κεραυνοπλὴξ,
523 1640 577 1679 qui
592 1640 728 1671 bidental
741 1641 878 1673 dicitur.

183 1685 271 1716 Vide
289 1687 297 1703 ‘
313 1685 488 1720 bidental)
514 1690 611 1721 Idem.

225 1739 239 1754 ⁰
265 1736 406 1777 Fulmen]
438 1738 545 1769 Immo
572 1751 590 1770 a
610 1741 752 1780 fulgore,
778 1745 815 1771 nt
846 1741 878 1772 in

186 1792 254 1816 vet.
269 1788 344 1817 cod.
364 1789 485 1827 probat
503 1791 613 1821 Varro
637 1792 695 1822 lib.
714 1801 763 1822 iv.
781 1792 823 1822 de
843 1793 880 1822 L.

184 1836 222 1866 L.
269 1836 357 1867 Nam
382 1839 447 1868 etsi
473 1840 559 1879 ignis
587 1843 722 1882 proprie
745 1852 880 1872 manare

185 1885 318 1917 dicatur
334 1893 370 1918 et
405 1887 523 1924 fluere»,
555 1897 591 1921 ut
624 1892 712 1931 apud
743 1893 880 1922 anret.

185 1938 194 1952 ‘
209 1937 317 1967 Quam
335 1944 453 1969 noster
469 1938 552 1971 fluat
570 1951 587 1971 6
607 1943 693 1972 tedis
711 1944 881 1974 terrestri-

185 1986 245 2015 bus
277 1992 369 2018 ortus
388 1988 416 2026 3’
449 1996 485 2020 et
512 1991 709 2022 Callimacli.
733 1992 822 2032 liym.
849 1994 880 2023 in

185 2036 288 2066 Dian.
311 2038 349 2068 τό
365 2039 404 2078 ῥα
418 2039 534 2079 πατρὸς
549 2041 760 2081 ἀποστάζουσι
776 2055 881 2084 κεραυ-

184 2086 262 2126 νοί;’
281 2088 290 2104 ⁴
305 2098 403 2128 quani
429 2092 574 2132 (lucem)
590 2095 696 2131 patris
717 2094 882 2125 ‹lisizllant

183 2136 323 2168 fulmina
337 2139 366 2177 ς’
391 2150 408 2170 a
422 2141 525 2181 flauere
543 2149 654 2174 tamen
672 2154 746 2174 esse
764 2146 883 2185 nequit

185 2185 325 2227 fulmen,
343 2191 406 2220 nisi
425 2194 641 2233 transpositis
665 2195 771 2225 literis
788 2196 883 2236 quasi

177 2238 321 2278 fluimen.
366 2242 465 2273 Quod
484 2244 635 2284 ineptum
654 2253 717 2276 est.
742 2246 839 2277 Idem.

228 2294 243 2314 Ρ
271 2291 415 2333 Fundus]
453 2294 574 2325 Cicero
604 2305 663 2335 pro
695 2297 803 2327 Balbo
836 2298 882 2329 ita

186 2338 258 2370 fieri
293 2345 450 2382 populum
479 2345 619 2378 fundum
651 2347 794 2379 scribit:
833 2351 883 2380 ‘si

187 2399 260 2420 cnm
280 2393 440 2431 jussisset
461 2398 603 2436 populus
626 2398 723 2428 Rom.
747 2400 884 2440 aliquid,

187 2441 213 2470 si
232 2441 264 2471 id
282 2443 505 2477 adscivissent
520 2449 600 2478 socii
619 2450 750 2489 populi,
765 2460 803 2480 ac
824 2451 882 2481 La-

188 2491 248 2522 tini
264 2503 272 2530 ;
307 2499 341 2524 et
358 2496 384 2524 si
405 2506 443 2526 ea
464 2498 530 2537 lex,
546 2509 643 2538 qnam
668 2509 725 2530 nos
742 2501 883 2531 habere-

187 2551 269 2577 mus,
300 2544 417 2575 eadem
443 2546 475 2577 in
504 2549 630 2588 populo
654 2551 767 2591 aliquo
798 2556 881 2583 tam-

186 2590 283 2633 qni-{m
301 2594 332 2624 in
351 2594 454 2625 fundo
472 2599 663 2639 resedisset,
675 2609 710 2631 ut
725 2608 792 2633 tum
807 2604 882 2643 lege

187 2643 303 2674 eadem
320 2645 346 2674 is
363 2647 505 2685 populus
527 2652 726 2682 teneretur.’
771 2653 882 2692 Signi-

937 1133 1040 1164 ficare
1064 1137 1177 1163 autem
1203 1135 1377 1162 auctorem
1400 1138 1442 1160 ex
1467 1127 1635 1159 sententia

936 1183 1144 1214 accusatoris
1163 1181 1260 1212 Balbi
1281 1180 1496 1212 crediderim.
1539 1180 1548 1196 ‘
1564 1179 1636 1210 Ne-

935 1234 1017 1274 gat,'
1050 1233 1173 1274 inquit,
1203 1234 1270 1262 ‘ex
1301 1230 1470 1262 foederato
1508 1229 1637 1270 populo

936 1294 1137 1325 quemquam
1168 1283 1329 1324 potuisse,
1356 1281 1419 1312 nisi
1442 1281 1467 1310 is
1491 1280 1635 1321 populus

936 1333 1061 1364 fundus
1088 1333 1198 1364 factus
1222 1338 1327 1371 esset,
1350 1332 1383 1361 in
1408 1331 1493 1361 lianc
1517 1329 1636 1360 civita-

934 1389 1003 1414 tem
1040 1382 1179 1414 venire.’
1233 1383 1278 1413 Et
1316 1386 1455 1422 postea:
1494 1381 1503 1397 ‘
1518 1379 1637 1410 Potuit

935 1434 1040 1473 magis
1050 1433 1175 1464 fundus
1189 1433 1332 1474 populns
1346 1431 1537 1462 Gaditanus
1551 1428 1639 1468 fieri,

936 1485 1090 1525 quoniam
1125 1484 1187 1515 lioc
1223 1491 1428 1523 magnopere
1462 1481 1637 1511 delectare

935 1535 1051 1570 verbo,
1076 1536 1101 1566 si
1127 1541 1195 1566 tum
1221 1534 1259 1565 fit
1281 1534 1417 1572 fundus,
1448 1542 1522 1563 cnm
1551 1531 1638 1561 scita

936 1590 1077 1628 acjnssa
1095 1593 1209 1618 nostra
1225 1597 1284 1618 sua
1298 1586 1469 1617 sententia
1482 1593 1638 1624 compro-

937 1640 1007 1673 bat,
1039 1649 1136 1680 quam
1175 1648 1251 1669 cum
1291 1637 1477 1677 hospitium
1508 1634 1638 1665 fecit?’

936 1693 1076 1723 Pia-uns
1102 1691 1134 1721 in
1161 1691 1379 1721 Trinummo:
1414 1689 1535 1720 ‘Nunc
1558 1687 1638 1717 mihi

936 1743 963 1774 is
984 1751 1128 1782 propere
1146 1741 1400 1771 conveniendus
1421 1744 1486 1775 est,
1504 1743 1540 1769 nt
1564 1748 1638 1779 quae

937 1803 1012 1824 cum
1029 1793 1102 1833 ejus
1121 1793 1205 1823 Filio
1222 1792 1290 1831 egi,
1311 1792 1342 1822 ei
1366 1791 1413 1821 rei
1440 1789 1563 1820 fundus
1580 1798 1639 1828 pa—

938 1849 991 1875 ter
1016 1845 1060 1874 sit
1086 1844 1220 1883 potior:
1247 1842 1307 1873 eo!
1355 1841 1455 1873 Adde
1472 1839 1640 1872 Gell.lib.

939 1904 1015 1925 xvi.
1033 1905 1109 1934 cap.
1132 1897 1179 1926 13.
1197 1899 1231 1925 et
1248 1893 1304 1924 lib.
1322 1902 1402 1924 xlx.
1419 1902 1496 1932 cap.
1513 1894 1544 1922 8.
1559 1893 1638 1922 Ant.

938 1945 1021 1983 Aug.

983 1993 1125 2033 Fundus]
1152 1994 1178 2024 Α
1197 1994 1322 2025 Graeco
1338 1991 1440 2030 βυθὸς,
1453 1991 1549 2025 imus,
1566 1990 1636 2020 sive

939 2047 1049 2084 potins
1071 2044 1189 2083 βένθος,
1205 2042 1439 2084 profunditas:
1466 2052 1539 2072 nam
1559 2040 1636 2079 sun-

937 2099 993 2127 dus
1009 2098 1115 2137 prima
1133 2097 1269 2127 notione
1291 2099 1386 2125 notat
1404 2094 1503 2124 imum
1529 2093 1635 2133 putei,

937 2147 1042 2184 fluvii,
1059 2148 1150 2178 dolii.
1198 2147 1320 2177 Postea
1338 2143 1380 2174 ‹le
1398 2153 1478 2183 agro
1502 2152 1636 2173 61111133-

938 2198 1058 2229 dificiis
1076 2202 1270 2237 usurpatuS.
1296 2196 1378 2226 Duc.

978 2255 993 2275 ‘¹
1033 2249 1162 2279 Fundus
1191 2256 1307 2287 quoque
1334 2244 1467 2284 dicitur]
1516 2244 1637 2274 Cicero

936 2310 997 2340 pro
1013 2300 1197 2330 Caecinna:
1219 2301 1228 2315 ‘
1245 2299 1285 2328 In
1304 2297 1470 2338 judicium
1494 2305 1560 2326 non
1583 2305 1637 2325 ve-

938 2351 1010 2380 nire
1038 2356 1147 2380 utrum
1173 2349 1331 2379 Caecinna
1354 2347 1516 2387 possedit,
1533 2345 1639 2375 multo

938 2401 1040 2431 ctiam
1065 2402 1172 2431 minus
1196 2399 1317 2440 qnaeri,
1335 2398 1496 2429 Caecinna
1513 2395 1636 2426 fundus

938 2452 981 2482 sit
998 2461 1060 2482 nec
1076 2461 1118 2481 116
1133 2461 1141 2481 :
1176 2459 1228 2480 1116
1255 2455 1366 2478 tamen
1389 2447 1545 2477 docuisse
1562 2443 1636 2475 fun-

938 2502 1016 2531 dum
1034 2511 1106 2531 esse
1124 2497 1341 2532 Cas-cinnama
1386 2497 1480 2528 Idem
1493 2504 1585 2535 saepe
1603 2496 1636 2525 in

939 2552 1092 2582 oratione
1111 2560 1170 2590 pro
1188 2549 1309 2580 Balbo.
1357 2548 1445 2577 Usus
1466 2550 1517 2576 est
1534 2544 1636 2575 etiam

940 2605 1052 2636 Plani.
1076 2604 1230 2634 Trinum.
1247 2606 1314 2632 act.
1341 2610 1375 2630 v.
1392 2609 1439 2630 sc.
1459 2602 1487 2631 l.
1512 2600 1521 2616 ‘
1535 2600 1636 2630 Nunc

938 2655 1017 2686 mihi
1035 2656 1060 2686 is
1078 2662 1223 2696 propere
1246 2650 1499 2683 conveniendus
1517 2654 1581 2690 est,
1598 2652 1636 2679 nt
