1835 2906
208 142 293 182 294

656 149 803 180 SEXTI
838 147 1035 178 POMPEII
1071 147 1206 178 FESTI

265 247 485 298 citroque:
519 244 612 286 sive
652 258 679 286 a
711 243 957 286 vibratione
990 243 1144 291 hastae,
1180 241 1299 295 quod
1332 240 1481 283 Graeci
1502 240 1652 282 dicunt

266 310 491 366 κραδαίνεινε
513 317 545 343 ¹9
576 311 659 362 vel,
691 315 742 352 ut
777 311 853 351 alii
890 310 1056 357 dicunt,
1080 309 1186 362 quia
1210 309 1401 361 gramine
1429 309 1486 349 sit
1506 314 1652 357 ortus;

264 378 385 433 quod
417 378 735 432 interpretatur,
771 377 875 429 quia
908 389 1067 417 corona
1093 376 1317 428 graminea
1335 376 1381 416 in
1410 389 1456 416 re
1478 376 1653 416 militari

263 445 470 486 maximae
491 448 559 484 est
578 443 893 485 honorationis.

209 513 372 554 Graeca
399 524 542 560 sacra,
575 508 716 551 festa¹
747 509 919 550 Cereris
941 522 999 550 ex
1027 508 1205 550 Graecia
1225 509 1449 558 translata,
1473 522 1573 562 quae
1595 510 1652 549 ob

265 579 556 620 inventionem
585 578 868 631 Proserpinae
890 581 1100 619 matronae
1129 577 1360 617 colebant:
1392 588 1491 629 quae
1513 587 1654 624 sacra,

265 647 370 687 dum
392 659 479 686 non
505 648 654 686 essent
679 649 903 695 matronae,
937 658 1036 698 quae
1066 644 1256 685 facerent
1282 646 1457 696 propter
1486 642 1655 683 cladem

266 713 554 763 Cannensem,
581 718 626 753 et
655 712 941 766 frequentiam
966 712 1217 765 lugentium,
1238 711 1479 751 institutum
1500 713 1579 759 est,
1600 722 1656 749 ne

267 781 458 833 amplius
480 785 651 821 centum
673 780 827 821 diebus
848 780 1078 832 lugeretur.

209 847 479 888 Grallatores
492 845 516 868 ᾗ]
548 847 893 900 appellabantur
907 846 1179 900 pantomimi,
1195 846 1284 898 qui,
1300 845 1403 885 utin
1421 844 1655 885 saltatione

815 973 932 986 oooooo

255 1066 293 1094 19
316 1063 372 1095 Al.
404 1062 568 1104 κραδένειν.

936 973 1054 986 ‘‘‘‘‘

861 1147 1000 1179 NOTAE

253 1210 260 1231 ¹
289 1213 400 1242 (ἐνίκα
416 1212 626 1251 sacrmfestu]
652 1212 818 1251 Cerealia,
835 1222 908 1252 quae

210 1262 254 1293 ad
278 1262 526 1293 Eleusiniorum
550 1263 771 1294 imitationem
795 1262 908 1293 facta:

210 1313 288 1344 ideo
312 1323 353 1343 ex
378 1313 512 1344 Graecia
536 1314 702 1344 translata
725 1313 806 1343 (licit
830 1313 910 1343 Fes-

211 1369 275 1396 tus.
314 1364 639 1404 Repraesentabatur
653 1366 755 1396 Ceres
770 1365 911 1395 Proser-

211 1414 325 1454 pinam
355 1423 520 1454 quaerenS,
543 1420 577 1444 et
595 1424 670 1444 cum
699 1413 774 1444 sace
802 1418 909 1444 toturn

211 1464 326 1494 orbem
366 1474 555 1504 pererrans.
600 1464 689 1495 Vide
729 1463 832 1495 Ovid.
861 1473 910 1494 iv.

211 1515 304 1545 Fast.
330 1513 518 1545 Arnobium
532 1520 566 1545 et
578 1514 745 1545 Alexand.
756 1515 797 1545 ab
811 1514 910 1545 Alex.

211 1563 270 1594 lib.
288 1573 337 1594 vr.
355 1573 430 1603 cap.
446 1567 476 1594 9.
523 1563 721 1594 Cerealibus
739 1569 816 1594 ante
834 1573 911 1594 noc-

212 1618 280 1643 tem
310 1613 439 1653 epulari
458 1612 563 1650 nefas,
583 1614 673 1653 quia,
690 1618 727 1644 ut
745 1613 793 1644 ait
811 1614 912 1645 Calli-

212 1664 365 1702 machus,
388 1664 492 1695 Ceres
521 1662 609 1694 same
638 1663 772 1699 affecta,
800 1673 839 1694 ac
864 1663 912 1693 ni-

212 1713 390 1744 hilomiuus
414 1716 640 1754 pertinaciter
658 1715 826 1756 jejunium
844 1724 912 1745 ser-

215 1774 306 1799 vans,
324 1774 343 1794 a
360 1766 514 1805 Vespero
533 1764 668 1796 taudem
687 1775 862 1805 persuasa,
879 1770 916 1795 ut

215 1820 332 1854 potum
358 1821 524 1846 sumeret:
543 1814 709 1855 Ἕσπερος,
736 1815 810 1846 ὅστε
837 1817 917 1846 πιεῖν

215 1865 381 1904 Δαμάτερα
408 1865 507 1903 μῶνος
546 1867 677 1898 ἔπεισεν.
713 1868 914 1908 ‘Vesperus

215 1916 271 1955 qui
288 1917 376 1946 solus
395 1916 554 1947 Cererem
574 1917 741 1957 persuasit
757 1923 794 1948 ut
821 1917 914 1948 bibe-

216 1965 291 1995 ret.'
339 1966 415 2002 Vel,
432 1971 469 1997 ut
497 1966 601 1997 Ovid.
631 1966 720 2007 quod
746 1966 825 1996 dum
854 1967 915 1996 sub

216 2020 351 2045 noctem
377 2026 526 2056 papaver
545 2016 694 2055 legebat,
718 2017 915 2056 imprudens

218 2066 419 2105 gustaverit.
442 2066 451 2082 ‘
469 2066 608 2106 Colligit
624 2066 750 2106 agresti
767 2067 841 2096 leve
860 2077 916 2106 pa-

218 2124 323 2154 paver
346 2116 456 2146 immo.
502 2117 594 2146 Dum
617 2117 698 2154 legit
723 2116 830 2146 oblito
854 2115 918 2146 fer·

218 2170 274 2195 tur
297 2170 452 2205 gustasse
470 2165 596 2205 palato,
615 2165 835 2206 Longamque
860 2166 918 2196 im-

219 2214 368 2253 prudens
407 2214 593 2245 exsolnisse
632 2214 766 2245 famem.
819 2216 918 2254 Quae,

221 2266 296 2304 quia
320 2266 486 2305 princ-ipio
511 2266 624 2305 posuit
644 2266 776 2306 jejunia
799 2266 921 2304 noctis,

218 2315 364 2354 Tempus
401 2315 526 2345 liabent
563 2319 678 2355 mystae
709 2314 821 2345 sidera
849 2315 920 2346 visa

221 2363 310 2394 cibi.'
348 2365 376 2394 Α
395 2364 589 2404 lugentibus
606 2365 677 2395 liaec
693 2374 788 2395 sacra
801 2365 918 2404 peragi

222 2424 287 2444 non
316 2421 487 2455 poterant,
523 2416 600 2456 (plia
632 2421 708 2455 post
744 2420 919 2455 receptam

222 2465 476 2505 Proserpinam,
492 2467 500 2483 ‘
518 2467 600 2496 Tum
618 2466 752 2496 demum
773 2466 919 2496 vultum·

221 2525 287 2555 que
305 2516 407 2545 Ceres
425 2517 635 2556 animumque
652 2517 794 2557 recepit,
809 2517 919 2557 Impo-

224 2565 358 2605 suitque
371 2574 439 2595 suae
450 2566 563 2605 spicea
575 2573 663 2597 serta
677 2567 807 2598 comae.'
822 2567 920 2598 Ideo-

225 2626 288 2656 que
308 2621 387 2646 tunc
403 2616 563 2646 candidas
582 2624 692 2648 vestes
714 2618 918 2649 induebant:

226 2672 233 2683 ¹
255 2666 342 2697 Alba
366 2665 466 2696 (lecet
488 2666 645 2697 Cererem
664 2669 778 2707 vestis,
798 2670 921 2700 Cerea-

227 2716 312 2747 libus
331 2715 438 2746 albam
455 2715 595 2750 Sumite,
611 2726 697 2748 nunc
718 2719 802 2757 pulli
820 2720 920 2750 velle-

965 1212 1009 1242 ris
1046 1221 1122 1242 usus
1153 1210 1271 1242 abest-⁷
1313 1209 1380 1241 Sed
1418 1214 1496 1250 post
1531 1209 1661 1240 cladem

964 1262 1186 1296 Cannensem,
1223 1270 1312 1299 cnm,
1355 1266 1497 1300 propter
1534 1260 1660 1290 luctum

963 1317 1127 1342 matronae
1144 1311 1341 1342 Cerealibus
1361 1310 1491 1350 operari
1505 1319 1570 1340 non
1589 1319 1663 1349 pos-

964 1367 1050 1396 sent,
1081 1362 1228 1392 Senatus
1266 1361 1392 1391 luctum
1432 1359 1520 1390 finiri
1547 1359 1662 1399 jussit,

964 1413 973 1429 ⁴
993 1416 1130 1443 centum
1155 1410 1300 1451 diebus,'
1316 1415 1353 1441 ut
1380 1411 1521 1441 Festus:
1549 1414 1585 1440 ut
1610 1410 1664 1439 Li·

966 1463 1050 1500 vius,
1065 1463 1074 1479 ‘
1090 1462 1252 1502 triginta.¹
1298 1461 1383 1492 Livii
1395 1461 1497 1491 verba
1513 1464 1592 1490 sunt
1607 1458 1663 1489 lib.

966 1522 1061 1544 xxn.
1087 1518 1170 1543 sect.
1198 1515 1250 1542 36.
1274 1512 1379 1542 ‘Tum
1412 1511 1554 1550 privatae
1585 1518 1665 1549 quo-

967 1572 1031 1602 que
1050 1572 1110 1602 per
1126 1562 1241 1592 domos
1262 1561 1378 1592 clades
1394 1561 1541 1599 vulgatae
1566 1564 1664 1589 sunt:

968 1613 1121 1654 adeoque
1146 1619 1252 1643 totam
1276 1612 1392 1642 urbem
1416 1610 1570 1651 opplevit
1596 1610 1665 1640 luc-

969 1670 1036 1699 tus,
1058 1670 1094 1695 ut
1120 1673 1250 1694 sacrum
1276 1662 1539 1693 anniversarium
1564 1660 1667 1690 Cere-

970 1715 1014 1745 ris
1032 1714 1256 1745 intermissum
1273 1713 1334 1750 sit;
1359 1712 1448 1753 quia,
1465 1720 1527 1742 nec
1551 1711 1667 1751 lugen-

971 1765 1059 1795 tibus
1087 1764 1121 1794 id
1146 1762 1260 1794 facere
1286 1768 1337 1794 est
1365 1761 1428 1801 sas,
1453 1771 1516 1792 nec
1539 1761 1608 1791 ulla
1635 1760 1666 1789 in

971 1815 1026 1845 illa
1052 1819 1257 1854 tempestate
1281 1817 1434 1843 matrona
1457 1820 1578 1851 expers
1604 1810 1671 1840 luc·

972 1871 1024 1895 tus
1054 1864 1179 1895 fuerat.
1226 1863 1348 1904 Itaque
1380 1871 1421 1892 ne
1449 1859 1492 1891 ob
1526 1858 1667 1890 eandem

969 1925 1105 1946 causam
1138 1914 1203 1945 alia
1240 1922 1374 1954 quoque
1403 1921 1501 1942 sacra
1532 1909 1669 1950 publica

971 1970 1031 1996 aut
1062 1965 1196 2005 privata
1227 1964 1480 2000 desererentur,
1511 1961 1669 1992 Senatus-

971 2016 1125 2046 consulto
1155 2014 1274 2044 (liebus
1307 2013 1446 2052 triginta
1477 2012 1585 2041 luctus
1616 2012 1669 2039 est

971 2065 1112 2096 finitus.'
1157 2064 1242 2094 Inde
1270 2063 1407 2103 proprie
1430 2061 1531 2092 minui
1558 2060 1667 2090 luctus

971 2117 1162 2154 dicebatur,
1182 2125 1256 2146 cum
1283 2120 1379 2145 erant
1403 2114 1435 2144 in
1457 2118 1550 2144 casto
1568 2113 1667 2143 Cere-

974 2167 1032 2206 ris,
1048 2167 1110 2197 hoc
1133 2171 1199 2203 est,
1216 2175 1290 2196 cum
1313 2164 1414 2195 rebus
1430 2163 1595 2194 Venercis
1614 2162 1668 2192 ab·

975 2216 1147 2247 stinebant
1164 2215 1205 2246 ad
1223 2225 1319 2246 sacra
1336 2215 1471 2245 Cereris
1495 2212 1669 2243 obeunda:

975 2277 1050 2297 nam
1077 2266 1276 2297 Cerealibus
1303 2265 1380 2295 vino
1406 2270 1441 2294 et
1462 2264 1598 2293 Venere
1624 2264 1670 2292 in-

975 2317 1166 2348 terdictum.
1198 2317 1285 2346 Vide
1301 2317 1310 2332 ⁴
1326 2312 1564 2346 minuebatur-‚³
1589 2314 1672 2343 Por-

974 2377 1010 2399 ro
1029 2368 1183 2400 Cerealia
1199 2371 1297 2398 erant
1313 2377 1332 2397 a
1349 2365 1457 2407 pridie
1475 2364 1555 2395 Idus
1572 2363 1670 2403 Apri-

974 2418 1013 2448 lis
1032 2427 1092 2458 per
1109 2418 1179 2447 dies
1196 2420 1284 2446 octo.
1300 2416 1396 2446 Idem.

1016 2473 1039 2489 ¹¹¹
1066 2466 1276 2505 Grallutores]
1302 2466 1443 2496 Plautus
1460 2464 1491 2494 in
1505 2463 1646 2494 Poenulo
1663 2473 1669 2492 ε

975 2520 983 2535 ‘
1001 2517 1192 2548 vinceretis
1220 2525 1354 2547 cervom
1380 2523 1478 2544 cursu
1507 2514 1558 2542 vei
1585 2513 1671 2552 gral-

976 2569 1117 2598 latorem
1136 2564 1267 2605 gradu!
1295 2564 1351 2595 Sic
1368 2564 1466 2594 etiam
1485 2561 1574 2602 apud
1591 2562 1673 2592 Var-

977 2627 1091 2649 ronem
1119 2616 1177 2647 lib.
1196 2624 1245 2646 vi.
1272 2615 1313 2645 dc
1340 2614 1473 2654 Lingua
1499 2613 1572 2644 Lat.
1593 2612 1672 2643 Ant.

979 2669 1061 2706 Aug.

1022 2716 1229 2755 Grallalores]
1274 2713 1506 2747 Glossarium:
1547 2714 1673 2743 ‘Gral-
