1835 2906
765 173 1037 205 PRAEFA‘mo,
1566 156 1619 197 13

184 284 473 340 antiquitatis,
494 295 551 324 ex
582 281 934 334 locupletissima
965 276 1231 319 bibliotheca
1261 273 1524 327 amplissimi
1544 275 1622 313 viri

186 352 384 396 Rainutii
407 350 604 393 Farnesii
626 347 892 397 Cardinalis,
916 346 984 388 cui
1013 347 1190 399 propter
1212 342 1471 394 singularem
1492 340 1627 380 bona-

183 434 278 462 rum
298 419 521 460 literarum
551 429 757 466 amorem,
777 415 1085 468 ingeniumque
1118 410 1394 465 praeclarum,
1417 411 1549 460 atque
1579 406 1623 445 in

183 492 368 540 utraque
387 485 537 538 lingua
557 483 775 525 maximos
796 492 1073 535 progressus,
1096 482 1139 519 et
1169 490 1256 518 non
1283 476 1506 527 vulgarem
1526 485 1624 514 eru-

183 554 411 603 ditionem,
432 566 459 594 a
481 549 701 593 Michaele
722 550 863 591 Silvio
885 546 1111 590 Cardinali
1135 559 1193 586 ex
1214 546 1479 585 testamento
1499 541 1625 582 relic-

183 627 272 664 tum
294 625 379 661 est.
438 619 490 660 In
518 619 598 659 hac
622 617 816 658 editione
835 618 1026 657 mutatus
1048 616 1116 654 est
1136 612 1363 652 verborum
1385 608 1490 650 ordo
1512 607 1625 648 Ver-

181 689 251 738 rii,
273 687 413 737 Festi,
435 690 477 727 et
499 684 630 726 Pauli
648 697 657 725 :
704 688 755 724 ut
776 683 914 723 lector
934 680 1126 728 facilius,
1149 678 1255 732 quid
1290 677 1343 717 de
1374 688 1547 729 quaque
1577 687 1624 715 re

183 755 392 808 scriptum
411 754 482 803 sit,
500 751 706 805 reperiat.
748 748 867 790 Nam
885 747 1088 793 Veteres,
1108 746 1262 786 nescio
1280 756 1368 797 quo
1390 742 1518 783 modo
1539 742 1625 794 pri-

182 835 297 863 mam
317 820 490 862 literam
511 818 731 860 indicasse
754 814 963 864 contenti,
985 814 1131 855 omnia
1151 812 1282 853 verba
1303 810 1357 850 ab
1379 808 1529 849 eadem
1561 807 1625 847 in-

183 890 343 931 choata
364 887 409 928 in
426 899 560 927 unum
583 885 734 926 locum
750 882 1053 925 conferebant:
1087 879 1224 920 nostri
1245 876 1405 918 melius
1426 874 1626 915 omnibus

182 956 364 1011 syllabis
396 954 594 996 ordinem
630 952 919 993 adhibuerunt
943 949 1191 989 literarum:
1243 945 1308 984 ita
1338 942 1468 983 facile
1496 941 1627 981 verba

181 1024 404 1078 reperies;
437 1035 537 1076 quae
561 1025 706 1061 tamen
728 1019 766 1059 si
788 1017 931 1058 obiter
949 1015 1068 1056 dicta
1090 1014 1191 1062 sint,
1211 1016 1378 1065 praesto
1401 1009 1485 1049 erit
1505 1022 1626 1061 quae-

181 1091 290 1132 renti
309 1090 442 1131 index
463 1089 603 1129 obiter
623 1087 851 1127 dictorum.
882 1082 1059 1124 Divisio
1082 1082 1292 1122 librorum
1315 1076 1439 1117 Festi
1461 1075 1627 1116 omissa

181 1163 262 1206 est,
292 1160 520 1211 propterea
550 1153 669 1209 quod
702 1165 770 1202 ea,
791 1163 922 1205 quam
952 1148 1098 1190 Aldus
1131 1145 1339 1192 confecit,
1361 1148 1410 1184 ut
1442 1142 1628 1194 singulae

180 1225 318 1266 literae
338 1223 471 1264 libros
492 1221 689 1274 singulos
711 1219 981 1267 contineant,
1005 1215 1127 1257 Festi
1146 1227 1235 1254 non
1256 1216 1350 1253 est:
1381 1209 1541 1250 namin
1560 1209 1628 1249 his

179 1291 379 1346 pagellis,
395 1303 506 1344 quas
525 1288 773 1335 habuimus,
792 1285 903 1326 liber
923 1295 1031 1325 Xvn
1044 1295 1072 1324 ι.
1096 1287 1141 1323 et
1160 1282 1271 1322 liber
1286 1289 1400 1319 Xlx.
1422 1278 1466 1317 in
1486 1276 1628 1317 medio

180 1359 427 1408 verborum,
464 1369 564 1411 quae
595 1356 650 1396 ab
683 1354 727 1395 R
757 1358 801 1394 et
831 1352 861 1393 S
893 1351 1166 1398 inchoantur,
1200 1346 1432 1400 incipiunt.
1493 1344 1627 1385 Initio

181 1437 283 1467 vero
305 1423 344 1465 Ο
367 1425 503 1465 literae
537 1423 649 1463 liber
671 1430 778 1462 xv1.
808 1423 854 1460 et
882 1418 1007 1459 initio
1028 1415 1069 1466 Q
1098 1416 1205 1457 liber
1238 1424 1365 1454 let.
1396 1411 1629 1465 incipiunt,

181 1497 228 1534 ut
248 1505 305 1533 ex
331 1490 598 1546 quibusdam
628 1490 856 1529 literarum
887 1484 1088 1538 vestigiis
1120 1494 1354 1535 agnoscere
1387 1479 1628 1533 potuimus.

181 1559 346 1609 Verba,
368 1570 553 1612 quorum
573 1557 746 1598 initium
763 1558 832 1596 est
850 1554 889 1595 P
906 1554 1046 1602 litera,
1064 1551 1282 1592 credimus
1305 1549 1348 1589 in
1365 1548 1475 1588 duos
1495 1547 1629 1587 libros

181 1624 320 1667 fuisse
341 1626 500 1667 divisa.
560 1624 776 1664 Ultimum
801 1622 961 1663 librum
984 1624 1082 1660 ante
1109 1618 1239 1659 finem
1260 1616 1300 1657 T
1320 1616 1456 1656 literae
1478 1613 1630 1654 incho-

182 1706 284 1734 asse
317 1693 593 1734 arbitramur.
653 1690 724 1731 Ita
743 1694 844 1730 ante
866 1688 905 1728 Ο
927 1688 1097 1728 literam
1118 1685 1220 1725 libri
1243 1694 1315 1722 xli
1329 1694 1356 1722 1.
1386 1682 1440 1721 ab
1463 1693 1516 1720 ea
1537 1680 1630 1720 lite-

182 1772 232 1800 ra
250 1759 306 1800 ad
328 1764 572 1801 extremum
593 1757 694 1798 libri
716 1758 899 1808 septem.
961 1753 1049 1794 Sed
1073 1757 1119 1793 et
1141 1749 1399 1791 Macrobius
1420 1748 1530 1788 libro
1554 1759 1628 1787 111.

182 1825 328 1874 refert,
351 1825 529 1865 Festum
556 1822 788 1875 scripsisse
819 1821 896 1862 lib.
927 1830 1041 1859 Χιιι.
1071 1818 1126 1858 de
1148 1818 1382 1858 verborum
1411 1814 1630 1867 significa-

184 1892 405 1933 tionibus:
438 1891 541 1932 Mos
563 1894 632 1930 est
652 1889 892 1929 institutum
914 1887 1122 1940 patrium,
1143 1886 1223 1924 διο.
1286 1881 1400 1922 Haec
1432 1881 1537 1934 quia
1566 1882 1629 1920 ni·

184 1959 268 1999 mis
303 1957 467 1998 incerta
500 1959 614 2005 sunt,
653 1959 696 1995 et
735 1954 879 1995 minus
917 1953 1058 2002 utilia,
1100 1949 1479 2005 praetermisimus.
1540 1948 1628 1988 Sed

185 2025 287 2078 quia
317 2023 374 2064 ad
403 2035 561 2064 manus
592 2028 765 2063 nostras
785 2034 870 2061 non
889 2021 1178 2074 pervenerunt
1199 2016 1346 2058 omnia
1368 2015 1495 2055 Festi
1516 2015 1629 2068 frag-

183 2095 341 2139 menta,
362 2092 512 2130 notam
535 2088 786 2128 addidimus
817 2088 889 2136 iis,
907 2099 1006 2140 quae
1026 2085 1151 2126 Festi
1173 2097 1271 2124 esse
1293 2083 1628 2131 arbitrabamur,

185 2157 242 2198 ad
264 2169 320 2197 ea
339 2168 458 2204 ver0,
481 2167 582 2207 quae
605 2155 770 2195 scimus
802 2153 900 2207 ejus
933 2165 1045 2202 esse,
1076 2163 1315 2203 cognomen
1340 2149 1436 2202 ejus
1459 2149 1628 2200 ascrip-

185 2225 335 2265 simus.
410 2221 673 2274 Reperietur
693 2220 777 2261 hoc
806 2219 851 2260 in
880 2218 946 2270 M,
969 2217 1024 2268 O,
1047 2218 1100 2267 P,
1122 2217 1178 2266 T,
1199 2216 1242 2257 V
1263 2215 1419 2256 literis.
1482 2213 1548 2254 Ea
1570 2227 1628 2254 ex

185 2289 292 2331 Aldi
313 2293 356 2330 et
376 2287 517 2329 Masei
536 2288 660 2329 libris
681 2287 943 2328 sumsimus:
974 2286 1019 2326 in
1044 2285 1208 2339 quibus
1229 2281 1391 2335 poterit
1421 2281 1515 2322 haec
1537 2281 1629 2322 edi-

187 2357 248 2398 tio
276 2357 332 2397 ab
365 2355 434 2403 iis,
459 2354 534 2408 qui
564 2367 641 2394 eas
676 2353 871 2407 pagellas
898 2352 1075 2401 habent,
1103 2348 1372 2392 emendatior
1403 2348 1510 2388 fieri.
1569 2349 1629 2388 Et

188 2422 396 2476 quoniam
422 2419 599 2462 Verrius
631 2420 820 2461 Flaccus
843 2419 1006 2473 primus
1035 2417 1165 2470 hujus
1197 2415 1344 2469 operis
1366 2418 1515 2456 auctor
1536 2414 1628 2464 fuit,

189 2501 481 2543 quaecumque
501 2487 594 2541 ejus
615 2500 749 2541 opera
770 2491 939 2537 extant,
961 2497 1151 2541 quaeque
1170 2483 1222 2525 de
1249 2495 1302 2524 eo
1323 2483 1378 2523 ab
1402 2482 1501 2522 aliis
1522 2482 1627 2523 rese-

191 2561 353 2607 rantur,
382 2556 507 2597 initio
530 2555 860 2596 collocavimus.
