1835 2906
370 135 432 166 DE
466 131 739 163 VERBORUM
774 128 1184 161 SIGNIFICATIONE
1218 129 1314 159 LIB.
1348 128 1399 158 11.

1518 116 1603 160 123

212 231 364 274 rustici
392 230 566 271 burram
598 227 828 282 appellant
857 224 1081 273 buculam,
1117 236 1219 277 quae
1253 228 1442 264 rostrum
1476 221 1605 263 habet

213 299 381 340 rufum:
414 298 510 352 pari
544 294 710 338 modob
744 294 904 335 rubens
935 292 1036 333 cibo
1070 303 1124 332 ac
1144 291 1323 344 potione
1344 303 1401 331 cx
1421 289 1605 343 prandio

213 368 366 408 burrus
387 365 647 419 appellatur.

156 436 369 476 Bustumc
400 433 572 487 proprie
608 431 765 472 dicitur
800 418 941 477 locus,
972 427 1018 467 in
1048 439 1136 480 quo
1167 429 1365 465 mortuus
1387 430 1457 465 est
1478 437 1600 466 com-

214 504 368 544 bustus
399 506 442 542 et
473 500 697 554 sepultus:
729 496 974 549 diciturque
1006 495 1189 535 bustum
1227 492 1357 546 quasi
1386 493 1499 533 bene
1534 506 1608 533 us-

215 575 335 611 tum:
369 569 445 610 ubi
479 581 580 609 vero
609 565 866 608 combustus
898 563 999 617 quis
1021 560 1339 610 tantummodo,
1378 560 1484 600 alibi
1503 573 1607 601 vero

215 643 284 679 est
305 637 521 690 sepultus,
543 635 582 676 is
603 635 729 675 locus
743 633 797 674 ab
820 630 984 672 urendo
1003 630 1175 672 ustrina
1190 634 1400 670 vocatur:
1422 627 1498 668 sed
1517 640 1610 667 mo-

216 706 273 746 do
295 706 486 753 bustum,
507 716 576 753 eo,
598 700 717 756 quod
739 699 966 754 sepelitur,
984 697 1189 752 sepulcra
1212 708 1440 738 vocamus.

163 774 303 815 Buteo
320 772 334 795 ‘¹
371 785 504 826 genus
540 771 651 820 avis,
685 782 785 823 quae
822 781 879 809 ex
908 780 961 808 eo
983 780 1030 808 se
1052 766 1147 816 alit,
1164 764 1281 819 quod
1304 763 1508 817 accipitri
1530 764 1612 804 eri-

820 912 960 945 NOTAE

205 991 218 1013 b
241 992 323 1024 Pari
337 992 438 1034 modo]
471 992 563 1024 Hinc
578 991 728 1023 Nestor:
752 990 761 1008 ‘
775 990 860 1021 Bur·

164 1054 221 1076 rus
237 1044 361 1075 dicitur
376 1043 432 1084 qui
451 1054 491 1074 ex
514 1042 650 1083 potione
665 1041 734 1072 cito
751 1040 791 1072 fit
806 1050 860 1071 ru-

163 1093 273 1127 beus.'
317 1094 394 1125 Hoc
411 1093 548 1124 verbum
571 1093 602 1124 in
620 1092 739 1124 eodem
763 1100 861 1122 sensu

164 1145 292 1176 retinet
327 1144 514 1185 Hispanica
547 1144 673 1185 lingua,
702 1143 862 1174 bury-aceos

164 1195 254 1226 enim
271 1199 371 1225 vocat
387 1194 551 1234 ebriosos,
571 1199 607 1226 et
622 1203 679 1225 vas
697 1193 863 1225 vinarium

163 1245 350 1276 burraceam.
372 1245 481 1276 Idem.

208 1301 222 1317 e
245 1296 396 1336 Baseum]
435 1296 489 1327 Ab
522 1296 584 1328 hoc
616 1294 863 1337 inauspicatum

166 1355 272 1387 genus
286 1347 396 1378 avium
407 1346 648 1378 Ambustaneum
659 1346 789 1378 dictum
806 1355 866 1386 pu-

165 1397 278 1433 tarim,
315 1397 406 1438 quod
442 1397 532 1429 circa
570 1398 671 1429 busta
700 1401 866 1428 versetur.

167 1447 391 1487 Glossarium,
435 1451 443 1466 ‘
469 1447 721 1479 Ambustaudus
740 1458 748 1478 z
790 1445 868 1478 εἶδος

166 1497 296 1537 ὀρνέου.’
318 1499 409 1540 lego,
424 1498 673 1530 Ambustaneus:
695 1502 732 1528 ut
753 1497 867 1529 Circa-

167 1558 232 1580 nea
262 1549 353 1580 avis:
393 1559 511 1591 eaeque
540 1549 759 1581 Ambustaneoe
787 1558 867 1580 aves

167 1599 270 1631 dictae
288 1600 458 1637 videntur,
475 1610 547 1641 quae
564 1600 607 1631 de
623 1600 725 1630 busto
741 1608 800 1630 seu
816 1608 868 1630 ro·

169 1660 211 1691 go
228 1651 353 1692 aliquid
371 1652 404 1682 in
422 1656 516 1683 tecta
539 1650 757 1689 deferebant,
771 1655 806 1680 et
821 1650 870 1680 in-

168 1701 325 1733 cendium
338 1702 609 1743 portendebant:
629 1700 718 1732 uude
733 1701 742 1718 ‘
755 1700 870 1731 incen-

169 1751 285 1783 diariae
311 1752 412 1783 aves'
442 1753 475 1783 in
503 1751 654 1793 augurali
681 1750 870 1791 disciplina.

168 1802 306 1833 Servius
322 1803 354 1833 iu
374 1803 609 1843 Fragmentis:
631 1802 743 1833 ‘Sane
766 1800 869 1841 bubo,

170 1853 198 1884 si
215 1853 311 1894 cujus
328 1853 418 1884 aedes
435 1853 612 1893 insederit,
628 1858 663 1883 et
676 1861 792 1883 vocem
809 1852 870 1882 mi-

170 1903 267 1943 serit,
284 1907 428 1934 mortem
446 1902 637 1944 significare
653 1901 788 1933 dicitur.
834 1901 871 1932 Si

171 1959 285 1985 autem
300 1953 342 1984 de
359 1953 456 1985 busto
471 1952 590 1984 sudem
609 1951 652 1983 ad
668 1956 796 1983 tectum
815 1950 871 1981 de-

171 2004 302 2045 tulerit,
336 2004 531 2035 incendium
566 2003 695 2035 aedibus
734 2006 870 2043 porten-

172 2054 276 2087 dere.'
329 2054 419 2087 Quin
447 2053 591 2085 eandem
618 2053 872 2094 Spinturnicem

171 2104 275 2136 fuisse
298 2114 375 2136 cum
401 2103 623 2138 incendiaria,
651 2111 717 2134 non
741 2102 872 2133 dubito.

173 2155 298 2187 Graeco
323 2154 411 2185 euim
437 2154 571 2185 nomine
597 2153 691 2185 dicta
714 2159 779 2192 est,
793 2153 875 2193 παρὰ

172 2205 229 2236 τὸν
244 2206 391 2245 σπινθῆρα
405 2215 414 2237 2
431 2204 520 2247 quod
534 2204 714 2236 carbonem
728 2214 771 2235 ex
783 2214 878 2244 rogo,

173 2261 231 2288 aut
245 2266 288 2288 ex
301 2256 402 2288 altari
415 2256 447 2287 in
463 2255 554 2287 aedes
568 2255 730 2287 inferret:
748 2255 877 2296 σπινθὴρ

175 2311 228 2337 est
244 2306 404 2337 strictura
420 2306 517 2347 ignis.
555 2307 677 2347 Neque
691 2315 772 2336 vero
788 2315 875 2345 prae-

176 2356 449 2396 tei-mittendum,
468 2356 559 2398 quod
586 2357 629 2388 de
654 2356 798 2387 Ustrina
820 2356 875 2387 hic

176 2407 314 2447 dicitur,
345 2412 534 2448 separatam
563 2407 745 2449 aliquando
776 2418 796 2438 a
825 2417 877 2438 se-

177 2459 306 2499 pulcro,
321 2458 501 2499 aliquando
518 2458 735 2498 conjunctam
758 2457 876 2489 fuisse.

176 2509 261 2541 Ideo
273 2509 336 2541 hoc
351 2508 535 2540 cavebatur
548 2509 783 2541 aVeteribus:
799 2509 878 2550 quin

177 2564 214 2590 et
238 2560 292 2590 lex
316 2558 542 2590 monumentis
567 2558 817 2598 applicabatur,
840 2562 878 2589 ut

178 2609 263 2640 licet
278 2613 396 2640 notare
421 2609 455 2639 in
479 2607 627 2648 antiquis
644 2607 772 2638 duobus
790 2607 878 2639 saxis

181 2660 298 2691 Romae
314 2669 323 2690 ε
358 2668 457 2690 Hvrc.
491 2661 725 2689 MONIMENTO.
762 2666 879 2689 vsTm-

184 2718 274 2743 ΝνΜ.
290 2717 499 2742 APPmCARt.
516 2716 602 2741 NoN.
619 2715 734 2740 mCET.
779 2707 879 2748 Item,

914 998 978 1021 AD.
1013 997 1099 1020 noc.
1131 993 1397 1018 MONIMENTVM·
1421 988 1613 1014 VS'rvaM

915 1047 1129 1070 APPmCAm.
1146 1046 1230 1069 NON.
1246 1044 1359 1067 LicEr.
1391 1034 1501 1064 Vetus
1514 1033 1614 1064 Glos-

917 1090 1041 1122 sarium
1057 1100 1064 1120 :
1082 1093 1091 1106 ‘
1106 1089 1261 1127 Ustrina,
1274 1084 1408 1126 πυρκαϊά
1420 1095 1428 1116 :
1441 1085 1450 1101 ‘
1466 1082 1615 1122 ustrina,'

916 1138 1054 1179 καύστρα
1077 1137 1212 1179 vespam)
1254 1136 1364 1168 Servii
1389 1136 1618 1174 Fragmenta:

916 1191 925 1207 ‘
937 1191 1133 1230 Apparatus
1146 1193 1356 1219 mortuorum
1370 1185 1469 1216 funus
1484 1184 1552 1215 dici
1566 1193 1617 1214 so-

917 1241 965 1272 let
981 1251 989 1272 :
1006 1239 1196 1271 exstructio
1209 1239 1389 1279 lignorum,
1403 1244 1504 1276 rogus
1518 1244 1526 1266 ε
1541 1234 1618 1264 sub-

914 1291 1026 1332 jectio
1042 1291 1142 1332 ignis,
1170 1299 1272 1330 pyra:
1298 1286 1461 1319 crematio
1477 1284 1621 1317 cadave-

920 1343 979 1383 ris,
1004 1342 1160 1373 bustum:
1191 1341 1297 1379 locus,
1325 1338 1474 1370 ustrina:
1506 1335 1620 1377 operis

921 1392 1141 1432 constructio,
1167 1390 1381 1431 sepulcrum:
1417 1387 1619 1427 inscriptum

920 1453 1055 1483 nomen,
1080 1441 1322 1482 memoriaque,
1346 1441 1620 1470 monumentum:

922 1494 1071 1536 publicae
1099 1498 1212 1523 autem
1239 1490 1378 1522 ustrinae
1399 1493 1498 1519 erant
1514 1487 1548 1518 in
1566 1496 1623 1517 ex-

923 1543 1060 1586 quiliis,'
1077 1543 1185 1584 inquit
1206 1541 1306 1572 Acro.
1327 1540 1397 1571 Jos.
1414 1539 1500 1570 Scal.

966 1594 1118 1634 Bustum]
1143 1592 1235 1624 Area
1262 1591 1322 1622 soli
1350 1591 1382 1622 in
1410 1599 1476 1630 qua
1501 1597 1623 1628 corpus

925 1650 1096 1678 crematur
1118 1649 1154 1676 et
1170 1643 1348 1684 sepelitur,
1371 1640 1461 1672 unde
1475 1644 1511 1671 et
1525 1640 1624 1671 busta

925 1697 1001 1728 olim
1019 1696 1177 1737 sepulcra
1193 1694 1286 1725 dicta
1298 1696 1386 1724 suut.
1431 1691 1519 1722 Vide
1535 1689 1626 1721 infra

923 1747 959 1778 in
981 1748 989 1764 ‘
1004 1744 1220 1787 sepulcrum.’
1266 1745 1310 1775 Et
1326 1743 1450 1775 Cicero
1465 1741 1499 1772 in
1515 1749 1556 1772 11.
1580 1740 1624 1771 de

923 1797 1074 1837 legibus:
1095 1797 1104 1813 ‘
1119 1796 1228 1827 Poena
1253 1799 1306 1826 est
1326 1794 1353 1824 si
1379 1792 1453 1834 quis
1473 1791 1626 1829 bustum,

925 1850 990 1882 hoc
1016 1854 1082 1890 est,
1108 1847 1262 1889 tymbon,
1286 1851 1345 1878 aut
1372 1847 1626 1876 monumentum

926 1899 1085 1931 violarit.'
1115 1900 1224 1931 Locus
1238 1897 1295 1929 ubi
1311 1905 1456 1937 corpora
1472 1893 1627 1926 combus-

927 1956 963 1983 ta
987 1957 1078 1990 sunt,
1104 1960 1167 1982 nec
1185 1950 1331 1991 sepulta,
1348 1947 1471 1979 ustrina
1487 1945 1626 1977 dicitur,

928 2003 1028 2043 Pyra,
1055 2002 1221 2041 lignorum
1246 1999 1436 2040 congeries,
1457 2006 1551 2036 rogus
1575 2000 1628 2027 est

927 2052 1083 2093 cumjam
1100 2050 1219 2082 ardere
1232 2051 1348 2090 coepit.
1381 2047 1504 2087 Virgil.
1519 2047 1529 2063 ‘
1541 2045 1629 2076 Con·

927 2103 1069 2134 stituere
1081 2101 1289 2142 pyras...Ter
1305 2099 1430 2130 circum
1454 2105 1628 2135 accensos,

929 2153 1034 2184 cincti
1057 2150 1265 2191 fulgentibus
1290 2148 1404 2186 armis,
1432 2148 1627 2178 Decurrere

930 2203 1052 2244 rogos.'
1068 2204 1362 2234 Monumentumest
1374 2197 1511 2239 lapidea
1519 2201 1628 2228 struc-

930 2258 1007 2286 tura
1023 2254 1178 2294 sepulcro
1195 2250 1365 2292 imposita,
1377 2249 1430 2280 cui
1447 2247 1490 2279 ad
1505 2256 1630 2278 memo-

930 2305 1014 2336 riam
1038 2303 1208 2335 demortui
1235 2301 1408 2342 quippiam
1425 2297 1631 2330 inscribeba-

931 2360 998 2387 tur.
1044 2355 1115 2386 Cic.
1132 2362 1157 2384 1.
1172 2351 1307 2383 Tuscul.
1320 2353 1328 2367 ‘
1346 2350 1565 2380 Monumenta
1578 2356 1629 2378 se-

932 2406 1126 2446 pulcrorum
1152 2412 1194 2433 ex
1224 2400 1354 2441 vulgari
1380 2399 1511 2431 scilicet
1535 2407 1630 2437 saxo,

932 2460 990 2487 aut
1009 2465 1051 2485 ex
1079 2451 1269 2491 marmore,’
1293 2450 1413 2492 quibus
1440 2448 1631 2480 incideren-

933 2512 990 2538 tur
1006 2505 1121 2536 laudes
1137 2501 1316 2542 demortui,
1329 2505 1366 2532 ut
1383 2502 1632 2541 propagaretur

933 2556 1007 2596 ejus
1023 2553 1197 2585 memoria.
1220 2552 1302 2583 Dae.

975 2605 989 2625 d
1013 2603 1130 2644 Buteo]
1164 2601 1348 2643 Accipitris
1374 2608 1491 2641 genus.
1544 2597 1631 2630 Quae

932 2653 1109 2695 subjungit
1142 2654 1277 2692 Festus,
1306 2660 1346 2682 ea
1375 2649 1503 2681 refellit
1533 2647 1631 2678 Voss.

933 2716 1010 2739 nam
1034 2714 1110 2737 cum
1136 2704 1208 2736 avis
1236 2702 1447 2735 timidissima
1472 2701 1528 2741 sit,
1554 2707 1630 2731 cum
