1835 2906
203 165 259 208 2:38
607 176 756 207 sExrt
791 177 992 220 POliss’Ell
1027 178 1163 208 unsri

255 271 381 314 Adeo
401 276 655 326 praetorem:
688 285 786 313 cum
820 276 962 313 autem
998 271 1205 321 secunda,
1239 272 1284 313 id
1321 278 1388 314 est
1421 274 1535 328 quod
1569 287 1640 315 us-

260 353 346 394 que
367 353 448 391 eo;
478 353 563 380 non
584 340 758 394 quidem
778 339 1014 380 secundum
1039 339 1248 380 rationem
1266 345 1299 392 ς’
1329 342 1432 394 quia
1449 342 1501 382 ad
1528 355 1637 394 prae-

257 394 426 460 positio
450 408 720 448 accusativis
751 406 1088 447 accommodata
1109 410 1203 458 est3
1235 407 1312 448 sed
1335 414 1508 450 vetusta
1530 423 1637 463 qua-

254 473 355 516 dam
377 475 586 528 loquendi
607 474 937 515 consuetudine.

198 541 270 582 Ad
294 541 458 582 exitam
480 546 667 590 aetatem,
688 542 743 581 ad
765 541 965 581 ultimam
984 544 1171 582 aetatem.

201 607 478 658 Adfabrum,z
496 609 802 650 fabrefactum.

193 674 391 716 Adfatim
407 682 422 697 ³
447 676 609 716 dictum
632 689 658 716 a
680 675 813 728 copia
833 674 969 723 fandi,
992 676 1085 716 sive
1108 676 1390 718 abundanter.

872 743 1103 784 Terentius
1126 744 1306 785 adfatim
1329 745 1442 785 dixit
1470 758 1551 798 pro
1578 759 1632 786 eo

247 741 445 784 Adfatim
468 743 554 793 edi,
588 744 692 792 bibi,
714 743 814 783 lusi.

249 810 365 863 quod
391 814 470 861 est,
493 811 548 852 ad
567 811 884 852 lassitudinem.

1450 677 1604 718 Livius
1625 692 1635 716 ε

846 942 984 974 NOTAE

188 1029 393 1060 Glossarium
412 1030 643 1069 amplectitur,
659 1030 729 1061 ubi:
758 1029 886 1066 ιΑιίθο,

188 1078 402 1115 ἐπιτόσουτον,
431 1080 479 1110 ἐπὶ
493 1080 624 1122 τούτοις,
650 1080 699 1111 καὶ
716 1079 883 1120 προσέρχο-

189 1130 267 1167 μαι.’
293 1131 388 1162 Idem.

231 1187 245 1208 Υ
270 1183 342 1212 Non
372 1183 493 1222 quidem
525 1184 689 1214 secundum
718 1183 884 1223 rationem]

185 1234 255 1264 Cur
280 1233 342 1263 hoc
370 1234 490 1264 Festus
517 1234 586 1264 sive
615 1234 741 1265 Paulus
765 1244 883 1265 secun—

185 1283 263 1313 dum
289 1283 453 1314 rationem
482 1290 583 1325 neget
605 1284 677 1316 fieri
702 1294 764 1315 non
788 1285 881 1325 equi-

183 1334 259 1365 dem
287 1335 396 1366 video.
441 1336 474 1366 Si
502 1337 589 1367 enim
620 1336 815 1377 praepositio
842 1337 882 1367 ad

184 1386 385 1416 accusativis
398 1386 682 1425 accommodatur,
695 1396 881 1417 accommo-

182 1434 282 1465 datur
309 1435 410 1465 etiam
435 1442 468 1466 et
493 1436 661 1467 adverbiis
693 1442 816 1475 motus,
844 1441 881 1468 ut

182 1486 192 1501 ⁴
209 1484 274 1524 e0,’
290 1486 299 1503 ‘
315 1485 402 1526 quo,'
418 1491 427 1505 ‘
440 1485 503 1517 huc
518 1486 536 1515 :‘
561 1487 686 1517 dicitur
698 1488 785 1517 enim
799 1488 807 1504 ‘
822 1487 878 1517 ad-

180 1534 266 1565 huc’
290 1545 349 1575 pro
381 1537 390 1553 ‘
405 1536 511 1568 adhoc
528 1537 536 1549 '
557 1538 692 1568 Terent.
729 1537 877 1577 Adelph.

180 1593 229 1615 1v.
247 1589 277 1616 4.
303 1585 312 1601 ‘
329 1586 390 1617 Sat
420 1587 526 1618 adhuc
554 1593 613 1618 tua
638 1598 696 1619 nos
718 1588 879 1620 frustrata

181 1641 233 1665 est
261 1635 367 1667 fides!
412 1637 456 1667 Et
479 1637 544 1668 ‘ad
574 1638 664 1679 quo,'
708 1638 878 1675 Afranius,

178 1687 186 1701 ‘
206 1691 242 1716 ut
265 1686 350 1717 scire
376 1688 481 1726 possis
505 1688 547 1718 ad
569 1699 633 1729 quo
663 1694 696 1721 te
718 1690 879 1730 expediat

180 1735 297 1777 loqui.’
351 1737 419 1768 Ubi
444 1739 482 1768 ml
511 1748 567 1778 quo
597 1738 677 1769 nihil
706 1739 795 1770 alind
825 1745 879 1771 est

180 1796 279 1827 quam
294 1788 333 1817 ad
348 1788 438 1826 quod,
456 1793 492 1818 ut
510 1798 572 1818 nec
588 1790 674 1827 adeo,
690 1789 768 1819 nihil
787 1790 876 1820 aliud

179 1847 277 1877 quam
294 1839 334 1868 ad
348 1838 391 1869 id.
439 1839 559 1880 Neque
573 1840 659 1870 enim
674 1850 719 1880 eo,
732 1851 800 1880 quo,
812 1842 876 1880 illo,

179 1892 256 1918 sunt
272 1888 454 1918 accusativi
479 1889 638 1929 plurales,
655 1894 690 1920 ut
714 1891 800 1921 male
819 1901 878 1931 pu·

179 1938 263 1968 tavit
281 1938 491 1969 doctissimus
513 1939 668 1970 Sanctius
686 1940 717 1970 in
735 1951 794 1972 sua
810 1943 876 1973 Mi-

177 1997 293 2026 nerva,
306 1989 399 2029 quasi
411 1989 454 2019 sit
468 1989 499 2019 in
512 1990 794 2030 accusativo,eos‚
804 2001 871 2028 θειε,

177 2047 229 2075 ea,
252 2040 302 2068 vel
329 2048 392 2076 eo;
416 2039 502 2076 illos,
528 2040 614 2079 illas,
638 2040 707 2080 illa,
731 2043 782 2072 vel
805 2043 874 2083 illo,

180 2092 215 2118 ut
232 2087 297 2117 dno
315 2093 349 2119 et
367 2088 477 2119 ambo.
492 2089 589 2120 Idem.

218 2143 230 2157 Ζ
254 2138 441 2178 Adfubrum]
469 2139 552 2170 Cum
581 2140 704 2180 aliquid
734 2143 873 2181 pulchre

177 2187 303 2219 factum
321 2189 543 2229 significatur,
560 2190 715 2231 affubrum
736 2192 875 2234 dicitur,

176 2239 265 2270 uude
282 2240 413 2280 affabre,
433 2241 584 2280 pulchre,
598 2243 686 2282 quod
706 2243 803 2274 etiam
818 2245 874 2282 sa-

176 2289 227 2320 bre
239 2289 383 2321 dicitur:
402 2290 514 2321 Plaut.
531 2291 666 2323 alicubi.
684 2293 812 2324 Contra
828 2295 874 2325 in-

171 2339 275 2378 fabre,
289 2340 390 2371 foede.
416 2342 584 2372 Pacuvius
600 2342 632 2372 in
647 2343 741 2383 Nipt.
764 2345 772 2359 ‘
791 2345 874 2375 Bar-

177 2389 324 2421 baricam
354 2397 483 2431 pestem
510 2393 647 2423 navibus
670 2396 790 2425 nostris
816 2396 873 2427 ob-

176 2440 253 2470 tulit
272 2441 365 2470 Nova
382 2440 488 2480 figura
512 2441 645 2479 factam,
663 2446 872 2478 commissam

175 2488 331 2519 infabre!
348 2490 445 2520 Idem.

214 2539 373 2580 Adfatim]
401 2540 635 2581 Abundantcr‚
665 2546 705 2575 ad
734 2547 874 2578 satieta-

175 2593 256 2628 tem,
285 2590 325 2620 ab
343 2589 457 2626 affatu,
484 2593 534 2622 vel
555 2603 572 2623 a
590 2594 712 2625 Graeco
736 2596 873 2638 ὰφάτως,

175 2639 261 2679 quod
280 2640 429 2680 Hesych,
447 2641 643 2674 immensum
672 2645 872 2688 interpreta-

939 1033 1004 1059 tur.
1050 1029 1095 1060 Et
1121 1030 1167 1060 ita
1193 1031 1387 1062 Priscianus
1413 1032 1472 1064 lib.
1489 1041 1553 1063 xv.
1568 1033 1626 1064 sed

939 1088 980 1108 ex
1011 1079 1128 1110 Servio
1153 1080 1314 1112 docemur
1339 1083 1481 1113 Veteres
1509 1083 1633 1113 dixisse

929 1128 1038 1166 salim.
1070 1129 1123 1160 Ita
1140 1131 1226 1161 enim
1242 1140 1264 1161 1.
1284 1131 1410 1162 AEneid.
1426 1133 1434 1148 ‘
1449 1132 1633 1172 Fatiscunt,

939 1178 1152 1210 abundanter
1179 1182 1389 1221 aperiuntur,
1419 1181 1514 1212 fatim
1545 1183 1630 1213 euim

938 1228 1150 1260 abundanter
1179 1230 1332 1270 dicimus,
1361 1232 1448 1262 unde
1475 1237 1510 1263 et
1538 1232 1632 1263 adfa-

939 1279 1023 1310 tim.'
1056 1281 1100 1311 Et
1119 1281 1167 1311 ita
1184 1282 1277 1312 Festi
1293 1283 1386 1313 locus
1405 1283 1632 1323 accipiendus.

936 1330 1034 1361 Idem.
1058 1331 1168 1362 Verba
1186 1333 1282 1367 Livii,
1298 1334 1306 1348 ‘
1318 1333 1456 1364 adfatim
1471 1334 1537 1374 edi,
1551 1333 1633 1373 bibi,

935 1381 1022 1420 lusi,'
1044 1387 1120 1414 sunt
1146 1392 1186 1413 ex
1218 1384 1323 1414 veteri
1350 1384 1516 1425 Odyssea,
1541 1385 1631 1424 quod

935 1431 1102 1463 Homerus
1135 1433 1281 1469 dixerat,
1310 1435 1372 1465 τῶν
1399 1435 1423 1465 δ’
1455 1434 1575 1474 ἔφαγόν
1603 1429 1633 1465 τ’

935 1482 1017 1513 ἔπιόν
1044 1495 1091 1522 τε,
1124 1483 1175 1515 καὶ
1199 1484 1356 1516 αἰδοίοισιν
1386 1485 1494 1517 ἔδωκα.
1542 1487 1630 1518 Nam

936 1544 1011 1565 cum
1039 1536 1155 1566 melior
1183 1546 1260 1576 pars
1284 1543 1434 1568 veterum
1463 1539 1632 1578 interpre-

936 1590 1005 1615 tum
1031 1585 1061 1615 in
1079 1596 1118 1617 eo
1142 1587 1216 1618 loco
1238 1586 1276 1617 τὸ
1298 1586 1421 1619 αἰδοίοις
1444 1594 1632 1629 exponeret

933 1635 1130 1676 ἀφροδισίοις,
1147 1638 1235 1678 quod
1256 1648 1368 1669 verum
1391 1644 1452 1674 est,
1470 1639 1628 1680 quicquid

934 1694 1075 1719 excuset
1092 1689 1246 1720 Eustath.
1262 1695 1295 1720 et
1310 1690 1494 1729 prudentes
1512 1700 1550 1721 ac
1568 1690 1632 1721 sci·

933 1746 1028 1770 entes
1046 1745 1160 1770 errant
1176 1741 1231 1781 qui
1248 1741 1347 1771 aliter
1362 1746 1550 1781 exponunt,
1568 1741 1630 1772 La-

934 1789 1024 1820 tinus
1057 1790 1226 1830 interpres
1252 1795 1347 1820 vetus
1376 1791 1474 1830 lunge
1504 1791 1629 1822 castius

933 1838 1019 1869 dixit
1040 1840 1111 1878 lusi,
1136 1844 1171 1870 et
1194 1844 1306 1870 tamen
1325 1839 1456 1870 abunde
1479 1841 1632 1880 explevit

933 1899 1065 1919 sensum
1084 1889 1236 1920 Homeri.
1282 1889 1337 1919 De
1355 1899 1394 1921 eo
1410 1891 1484 1921 loco
1503 1890 1629 1922 Home·

933 1940 960 1970 ri
987 1940 1062 1970 vide
1090 1940 1233 1980 amplius
1262 1941 1529 1981 loquacissimum
1555 1943 1629 1982 ejus

932 1990 1153 2029 interpretem
1194 1990 1419 2021 Eustathium:
1460 1992 1552 2022 locus
1579 1997 1630 2023 est

929 2041 1056 2071 Ὀδυσσ.
1081 2044 1120 2071 Ο.
1141 2041 1210 2071 Jos.
1239 2040 1356 2080 Scalig.
1404 2041 1480 2071 Huc
1510 2042 1629 2073 alludit

929 2090 1152 2131 Sardanapali
1190 2090 1350 2130 Epitaph.
1394 2093 1402 2108 ‘
1423 2091 1506 2127 Ede,
1538 2091 1629 2128 bibe,

930 2141 1021 2176 lude,
1055 2145 1130 2180 pos-t
1160 2146 1302 2170 mortem
1334 2141 1424 2170 nulla
1450 2141 1630 2181 voluptas.'

929 2192 1051 2222 Ludere
1090 2191 1178 2222 enim
1216 2191 1338 2231 saepius
1370 2182 1628 2231 de'congressu

929 2242 1096 2272 venereo.
1123 2241 1262 2271 Petron-
1285 2242 1294 2257 ‘
1315 2240 1450 2273 Invenit
1474 2252 1526 2273 me
1551 2253 1626 2273 cnm

929 2291 1034 2323 fratre
1054 2291 1253 2322 ludentem!
1298 2293 1351 2323 Sic
1377 2294 1491 2324 Graeci
1512 2293 1628 2332 παίζειν

928 2343 969 2373 de
987 2342 1103 2373 eadem
1130 2353 1165 2373 re
1190 2343 1360 2379 dicebant,
1387 2350 1423 2375 ut
1447 2345 1535 2385 apud
1562 2346 1627 2376 Lu-

929 2397 1060 2427 cianum
1094 2394 1231 2426 alicubi.
1276 2396 1318 2425 Et
1351 2396 1383 2425 in
1416 2396 1472 2426 illo
1501 2397 1628 2428 Genes-

928 2457 1003 2487 cap.
1021 2450 1070 2477 26.
1089 2446 1129 2476 de
1155 2446 1249 2485 Rege
1268 2445 1474 2482 Abimelech,
1491 2445 1550 2477 εἶδε
1565 2447 1622 2477 τὸν

926 2497 1033 2528 ’Ῑσαὰκ
1057 2496 1210 2536 παίζοντα
1225 2496 1302 2534 μετὰ
1319 2497 1482 2532 Ῥεβέκκας
1497 2499 1552 2534 τῆς
1569 2509 1624 2536 ’γυ-

929 2548 1029 2580 ναικὸς
1058 2548 1163 2586 αὐτοῦ,
1195 2549 1278 2578 vidit
1314 2548 1411 2578 Isaac
1451 2548 1624 2580 ludentem

927 2610 1001 2632 curn
1019 2599 1176 2630 Rebecca
1190 2599 1330 2630 muliere
1349 2608 1420 2630 sua.
1442 2598 1524 2631 Duc.
