1835 2906
195 73 282 115 494

654 80 806 112 SEXTI
841 81 1043 113 ΡΟΜΡΕΙΙ
1079 79 1215 111 FEST!

202 175 355 227 Noxia,
388 182 439 218 ut
471 177 562 218 Ser.
594 176 820 231 Sulpicius
862 175 999 230 Rufus
1040 175 1119 227 ait,
1139 175 1330 217 damnum
1360 176 1440 232 sig·
1480 176 1645 231 [FEST-

254 243 426 297 ng'ficat:
467 244 589 299 apud
629 244 788 299 poetas
829 248 988 294 autem,
1027 248 1071 285 et
1111 247 1316 295 oratores,
1347 244 1520 298 ponitur
1559 257 1642 298 pro

256 313 413 366 culpa:
445 317 491 354 at
510 325 629 354 noxa
649 316 899 367 peccatum,
922 315 1002 352 aut
1021 323 1103 366 pro
1125 315 1311 364 peccato
1332 317 1563 366 poenam,¹4
1592 316 1639 353 ut

254 379 409 421 Attius
427 380 472 421 in
503 379 764 434 Melappino
793 384 839 419 :¹⁵
853 379 869 402 b
898 379 965 420 Te
997 392 1094 421 esse
1114 379 1214 421 huic
1235 393 1370 422 noxae
1392 379 1649 422 obnoxium.

259 446 372 488 Item
413 461 513 489 eum
541 447 619 489 lex
641 448 771 502 jubet
811 460 942 488 noxae
983 446 1158 497 dedere,
1198 461 1277 501 pro
1316 452 1506 501 peceato
1545 445 1649 489 dedi

251 514 392 568 juben

452 514 660 557 Caecilius
692 515 735 556 in
769 514 1117 570 Hypobolimaeo
1139 514 1467 556 Cherestrato.¹⁶
1526 514 1645 556 Nam

258 583 343 624 ista
373 583 548 637 quidem
570 596 691 624 noxa
711 582 908 623 mulieris
929 588 997 623 est
1011 588 1042 613 ¹7
1065 583 1221 635 magis,
1244 595 1377 637 quam
1399 582 1495 623 viri.

202 648 374 692 NUcEs
395 656 409 672 ⁰
444 650 703 705 flagitantur
731 647 880 704 nuptis,
915 655 953 690 et
985 649 1213 704 jaciuntur
1250 650 1414 704 pueris,
1447 654 1495 690 ut
1522 660 1649 689 novae

259 723 394 771 nuptae
413 717 587 758 intranti
606 716 764 758 domam
780 718 883 759 novi
901 717 1046 759 mariti
1067 717 1316 772 auspicium
1329 716 1418 770 fiat
1437 714 1648 756 secundum

259 791 297 824 et
319 785 611 827 Solistimum.

811 882 930 894 oooooo

931 882 1050 894 ooooo

249 973 287 1002 14
321 970 384 1000 Vir
414 969 507 1001 doct.
531 968 564 1000 in
589 979 695 1011 marg.
730 970 785 1003 ed.
817 971 906 1003 Scal.
934 971 1024 1012 conj.
1044 973 1232 1012 pamm—15
1257 969 1343 1002 Ead.
1370 968 1424 1001 ed.
1454 969 1645 1009 Melanippo.

207 1013 271 1043 Vir
285 1013 375 1043 doct.
385 1012 466 1043 ibid.
479 1013 570 1053 conj.
584 1013 860 1054 Menalippa—16
876 1015 960 1046 Ead.
974 1015 1027 1046 ed.
1038 1015 1220 1045 cherestato.
1233 1014 1288 1044 alii
1305 1014 1420 1053 legunt
1435 1013 1654 1043 Chaerestrato.

206 1058 290 1087 -17
309 1055 390 1087 Vet.
407 1055 483 1087 cod.
500 1056 676 1088 muliebrem
691 1060 733 1090 et.
757 1057 818 1088 Vir
831 1057 923 1089 doct.
936 1058 970 1089 in
983 1067 1089 1098 marg.
1103 1057 1157 1088 ed.
1176 1056 1263 1088 Scal.
1277 1056 1414 1097 conjicit
1428 1055 1584 1086 muliebris
1595 1057 1653 1085 est.

859 1164 891 1196 N
898 1163 1001 1196 OTAE

207 1226 315 1265 δωκεν,
334 1224 376 1256 εἷς
393 1225 541 1257 εὐθύνας.’
571 1226 679 1258 Porro
691 1226 847 1258 Caecilius
860 1227 904 1258 ci-

207 1280 301 1307 tatur
315 1275 348 1306 in
363 1275 595 1316 Hypobolimaeo
614 1277 843 1308 Clroerestrato:
867 1285 906 1309 ut

208 1324 439 1365 distinguatur
463 1325 505 1356 ab
535 1326 645 1357 altera
667 1326 784 1358 fabula
807 1338 904 1369 quam

207 1375 296 1405 idem
323 1375 424 1415 poe'ta
440 1375 569 1416 docuit,
585 1377 818 1417 Hypobolimaeo
834 1379 906 1409 [Εε-

208 1426 307 1457 chiuo.
334 1425 466 1457 Gellius
483 1426 569 1457 libro
586 1435 734 1467 xv.cap.
749 1431 780 1459 4.
814 1428 906 1459 Cave

208 1475 393 1507 confundas
421 1485 496 1507 cum
519 1476 586 1506 alia
609 1476 723 1507 fabula
745 1477 908 1518 ejusdem,

209 1527 261 1557 cui
280 1525 394 1557 titulus
411 1531 497 1566 erat,
520 1526 757 1566 Hypobolimaea
774 1528 908 1558 Rastro-

206 1575 267 1607 ria.
302 1575 431 1606 Nonius
445 1575 519 1615 ejus
536 1584 626 1616 saepe
643 1577 806 1608 meminit.
840 1577 907 1608 Sed

210 1626 242 1657 in
258 1626 409 1657 omnibus
423 1626 511 1656 illius
522 1626 744 1658 Grammatici
758 1628 860 1659 etiam
874 1628 908 1658 in

211 1677 458 1709 recentioribus
466 1677 640 1709 codicibus
655 1683 817 1719 corrupte
828 1679 910 1710 eita-

210 1733 277 1759 tur.
292 1728 404 1769 Igitur
416 1728 462 1758 ita
476 1728 672 1759 emendabis
682 1729 908 1770 quotiescum-

213 1787 279 1819 que
310 1778 448 1809 citatam
472 1778 621 1818 reperies
651 1779 737 1809 hanc
759 1778 909 1810 fabulam

213 1830 245 1859 in
272 1829 322 1859 his
351 1829 488 1860 vocibus
515 1834 573 1859 aut
596 1830 704 1860 verbis
723 1840 797 1871 quae
833 1830 910 1861 sub-

208 1880 365 1920 jungam:
381 1881 390 1895 ‘
402 1878 568 1914 Laetare:
580 1880 588 1895 ‘
597 1879 817 1919 Obsordere,’
827 1881 911 1912 ‘Sin-

214 1929 381 1971 gulatim,'
399 1930 409 1948 ‘
426 1928 610 1964 Mantare,’
633 1934 641 1947 ‘
656 1930 835 1970 coemam!
871 1931 911 1961 In

214 1980 369 2011 omnibus
386 1979 476 2010 enim
495 1979 545 2009 his
566 1978 688 2015 verbis,
706 1979 763 2010 ubi
781 1980 912 2011 Nonius

214 2029 372 2069 producit
389 2028 584 2060 testimonia
597 2038 639 2060 ex
656 2029 809 2069 Caecilio,
826 2039 912 2061 sem-

216 2090 276 2120 per
293 2079 546 2120 corrigendum:
574 2079 718 2111 Caecz'lz'us
741 2080 911 2121 Hypoboli-

216 2140 293 2161 moea
310 2130 487 2160 Rastruria.
511 2129 583 2162 JoS.
599 2130 689 2160 Scal.

260 2181 366 2211 Noxia
381 2184 415 2211 ut
432 2180 502 2211 Ser.
517 2178 688 2220 Sulpicius]
712 2180 806 2210 Bene
821 2180 913 2212 inter

214 2240 328 2260 noxam
343 2234 379 2261 et
392 2229 517 2260 noxiam
529 2228 708 2260 discrimen
721 2230 842 2260 statuit
858 2230 912 2261 hic

216 2280 351 2310 Servius
379 2279 420 2310 ad
451 2278 533 2310 illud
564 2279 681 2318 Virgil.
721 2284 729 2296 ·
742 2279 839 2310 unius
869 2279 912 2310 ob

217 2329 363 2360 noxam.'
387 2329 396 2345 ‘
411 2328 567 2368 Noxam‚'
584 2328 706 2369 inquit,
722 2332 731 2346 ’
744 2337 804 2369 pro
817 2329 912 2359 noxi-

220 2389 284 2417 am,
299 2379 387 2420 quod
404 2380 505 2409 noxia
518 2379 617 2419 culpa
628 2384 692 2417 est,
706 2379 738 2410 id
751 2384 815 2415 est,
833 2389 911 2420 pec—

218 2434 341 2459 catum.
394 2429 494 2460 Noxa
525 2434 637 2459 autem
670 2429 794 2470 poena.'
846 2429 913 2461 Sed

219 2478 307 2518 quod
325 2488 389 2509 non
412 2479 498 2510 vidit
521 2480 673 2519 Servius,
690 2491 771 2512 vera
787 2486 821 2513 et
838 2492 914 2522 pro-

221 2529 295 2568 pria
316 2528 433 2559 horum
461 2531 697 2562 vocabulorum
724 2531 917 2564 differentia

220 2583 285 2618 est,
296 2578 385 2619 quod
396 2589 475 2610 noma
488 2581 646 2619 generale
660 2586 725 2621 est,
736 2592 803 2623 quo
819 2592 916 2615 omne

221 2627 255 2659 id
273 2628 361 2669 quod
379 2635 479 2660 uocet
497 2630 711 2673 intelligitur,
734 2638 801 2664 tam
818 2634 917 2674 culpa

961 1237 1061 1268 quam
1088 1227 1191 1263 laesio,
1215 1227 1267 1258 vel
1287 1236 1398 1268 poena,
1416 1230 1451 1258 et
1474 1226 1571 1257 homo
1598 1225 1655 1267 qui

960 1282 1072 1309 nocet.
1118 1279 1225 1309 Noxia
1243 1287 1322 1309 vero
1342 1277 1563 1318 adjectivum,
1579 1277 1657 1308 sub-

961 1328 1163 1369 intelligitur
1178 1329 1277 1368 culpa,
1290 1333 1324 1359 et
1340 1328 1539 1368 simpliciter
1556 1328 1655 1358 male-

960 1377 1087 1414 ficium,
1100 1379 1246 1418 culpam,
1264 1379 1316 1409 vel
1337 1382 1514 1418 peccatum
1532 1375 1657 1417 signifi-

960 1434 1028 1459 cat.
1044 1428 1185 1459 Terent.
1200 1428 1315 1459 Plaut.
1359 1427 1444 1458 Inde
1457 1428 1521 1458 illae
1535 1426 1658 1458 formu-

962 1477 1003 1508 !ae
1040 1477 1215 1518 loquendi,
1247 1478 1256 1493 ‘
1270 1486 1391 1508 noxam
1415 1477 1562 1516 sarcire‚'
1596 1487 1657 1517 pro

961 1527 1143 1559 ‘damnum
1166 1528 1291 1559 sarcire
1305 1527 1326 1558 :'
1357 1529 1366 1545 ‘
1382 1527 1500 1560 noxae'
1523 1528 1577 1559 vel
1601 1529 1610 1545 ⁴
1625 1528 1658 1558 in

963 1588 1084 1610 noxam
1107 1578 1259 1619 dedere,'
1285 1578 1319 1609 id
1342 1582 1404 1615 est,
1420 1579 1553 1617 animal,
1569 1587 1659 1610 man-

964 1629 1134 1670 cipiumve
1158 1630 1268 1660 vivum
1294 1629 1429 1661 tradere
1461 1639 1568 1670 poenae
1599 1638 1659 1670 pro

963 1679 1086 1711 damno
1103 1682 1195 1712 dato.
1225 1680 1266 1711 In
1286 1683 1339 1711 12.
1354 1680 1422 1712 tab.
1444 1680 1518 1713 ‘Sei
1545 1690 1662 1712 servus

965 1731 1096 1761 sciente
1111 1731 1246 1762 domino
1262 1730 1388 1763 furtum
1405 1730 1505 1771 faxit,
1520 1732 1662 1763 aliamve

964 1789 1085 1811 noxam
1102 1781 1290 1820 nocuverit,
1315 1781 1468 1813 dominus
1488 1791 1585 1813 noxae
1603 1781 1662 1813 de-

966 1830 1064 1862 dito?
1108 1831 1214 1862 Item:
1238 1832 1297 1863 ‘Si
1323 1832 1516 1874 quadrupes
1535 1841 1662 1873 paupe-

966 1882 1050 1912 riem
1065 1881 1162 1920 faxit,
1185 1882 1337 1913 dominus
1360 1884 1495 1923 sarcito,
1520 1892 1661 1914 noxaeve

965 1931 1102 1962 dedito!
1145 1931 1201 1963 Sic
1225 1932 1320 1963 noxis
1343 1933 1426 1964 solvi
1449 1938 1484 1964 et
1514 1933 1662 1963 solutum

966 1991 1054 2020 esse,
1068 1991 1129 2022 pro
1146 1991 1264 2013 carere
1277 1982 1404 2014 delicto
1422 1983 1466 2014 ob
1483 1983 1571 2025 quod
1589 1992 1663 2023 pos-

966 2031 1011 2062 sit
1027 2032 1277 2072 noxalijudicio
1291 2034 1356 2073 agi.
1380 2034 1460 2064 Duc.

1008 2080 1022 2102 b
1045 2082 1156 2112 Attius
1172 2082 1206 2112 in
1222 2082 1415 2122 Melappino]
1440 2082 1527 2113 Attii
1543 2082 1661 2113 Mena-

964 2132 1092 2172 lippum
1118 2137 1217 2163 vocat
1244 2133 1355 2164 Cicer.
1401 2133 1530 2164 Nonius
1560 2133 1663 2164 etiam

967 2181 1159 2222 aliquando,
1175 2182 1234 2213 sed
1251 2183 1373 2224 saepius
1389 2182 1613 2223 Menalippum,
1629 2187 1665 2214 et

966 2230 1015 2262 ita
1032 2232 1153 2263 malim.
1183 2233 1279 2263 Idem.

1007 2287 1022 2302 ⁰
1046 2282 1168 2323 Nuces]
1194 2283 1246 2313 Ex
1262 2282 1311 2314 his
1332 2283 1444 2314 verbis
1462 2284 1552 2315 Festi
1570 2284 1662 2316 elici-

968 2337 1036 2371 tur,
1052 2333 1236 2372 auspicium
1253 2333 1451 2365 solistimum
1464 2343 1506 2365 ex
1522 2335 1664 2366 nucibus

967 2382 1167 2415 cadentibus
1183 2384 1215 2414 in
1229 2384 1356 2424 nuptiis
1368 2383 1452 2415 fieri.
1496 2384 1536 2416 Id
1549 2385 1665 2426 displi-

969 2439 1025 2465 cet
1041 2434 1153 2465 Plinio
1174 2434 1230 2465 lib.
1245 2443 1307 2465 xv.
1322 2434 1400 2475 bap.
1416 2438 1469 2466 22.
1486 2441 1519 2466 et
1537 2436 1664 2466 Varro-

969 2484 1003 2514 ni
1019 2483 1108 2524 apud
1124 2484 1277 2515 Servium
1295 2494 1375 2516 vm.
1395 2486 1509 2525 Eclog.
1552 2486 1664 2517 Ambo

970 2533 1043 2564 haec
1063 2533 1107 2564 de
1130 2533 1269 2565 nucibus
1291 2534 1511 2575 juglandibus
1539 2535 1662 2566 intelli-

971 2588 1065 2623 gunt.
1094 2584 1172 2615 Huc
1188 2584 1362 2625 pertinent
1378 2585 1433 2615 illa
1450 2585 1663 2616 Catulliana:

972 2638 980 2651 ¹
995 2634 1202 2674 Concubine,
1224 2644 1326 2667 nuces
1352 2634 1425 2665 daz’
1449 2640 1485 2666 et
1511 2635 1662 2677 Virgilii:
