1835 2906
244 444 511 521 SEX.
565 441 1126 519 POMPEH
1186 440 1526 516 FESTI

858 643 912 668 DE

161 797 722 858 VERBORUM
779 793 1614 856 SIGNIFICATIONE

706 989 926 1037 LIBER
982 989 1082 1036 ΙΙΙ.

163 1319 388 1378 CAGULA
404 1342 419 1357 ²²
452 1348 609 1377 servus
631 1335 797 1376 militis.
857 1334 1047 1375 Plautus
1068 1347 1075 1371 ε
1110 1331 1256 1373 Video
1280 1331 1482 1372 caculam
1505 1328 1617 1378 milif

217 1410 381 1446 tarem:
412 1403 571 1445 dicitur
604 1408 755 1445 autem
784 1416 810 1443 a
833 1402 996 1443 Graeco
1019 1404 1152 1450 κοῖλον,
1175 1399 1295 1453 quod
1318 1399 1509 1439 fustibus
1529 1397 1619 1437 cla<²

218 1472 375 1526 visque
397 1472 553 1525 ligneis
574 1472 630 1513 ad
653 1470 836 1512 tutelam
860 1470 1136 1510 dominorum
1159 1467 1320 1508 armari
1342 1467 1460 1507 soliti
1484 1465 1588 1506 sint.

160 1539 460 1589 Caculatum‚b
481 1539 729 1581 servitium.

160 1606 357 1648 Cadmea
380 1612 528 1657 terra‚⁰
549 1621 650 1661 quae
671 1609 716 1648 in
740 1620 804 1648 aes
827 1605 1077 1659 conjicitur,
1098 1608 1144 1644 ut
1163 1604 1243 1644 fiat
1264 1602 1545 1643 orichalcum.

162 1673 376 1716 Caducad
412 1676 616 1728 auspicia
648 1675 816 1724 dicunt,
855 1687 955 1715 cum
989 1671 1153 1725 aliquid
1177 1672 1220 1711 in
1243 1670 1410 1723 templo
1433 1668 1617 1717 excidit,

220 1742 355 1784 veluti
378 1743 499 1796 virga
519 1756 543 1783 e
568 1755 711 1783 manu.

822 1862 962 1894 NOTAE

205 1942 219 1957 ²
244 1937 375 1978 Cacula]
401 1938 515 1971 Piaut.
533 1938 567 1969 in
589 1938 744 1970 Trinum.
782 1938 862 1969 Ant.

165 1987 252 2026 Aug.

207 2037 338 2078 Cacula]
353 2038 565 2070 Glossarium
581 2048 588 2069 z
614 2038 623 2055 ‘
636 2037 775 2077 Cacula,
796 2036 863 2067 δοῦ-

164 2095 218 2120 λος
234 2089 447 2129 στρατιώτου.’
469 2090 541 2120 Jos.
558 2088 642 2120 Scal-

208 2139 340 2180 Cacula]
364 2140 474 2170 Locus
500 2139 618 2170 Plauti
649 2142 702 2169 est
731 2138 764 2168 in
794 2136 865 2167 Tri-

163 2198 254 2219 num.
272 2193 340 2220 act.
361 2197 417 2219 111.
435 2189 493 2220 Sc.
508 2191 540 2219 3.
563 2188 572 2204 ‘
588 2188 695 2218 Video
712 2188 863 2218 caculam

162 2239 345 2270 militarem
364 2248 416 2270 me
434 2238 584 2271 futurum
601 2238 691 2269 haud
707 2237 864 2278 longius!

163 2287 193 2319 A
211 2290 320 2326 κᾶλον,
337 2289 371 2320 id
389 2294 454 2329 est,
470 2290 601 2329 lignum,
627 2288 770 2320 deducit
787 2289 866 2319 Fes-

164 2343 231 2376 tm,
254 2339 385 2379 inepte,
403 2349 479 2370 nam
498 2345 551 2371 est
568 2350 587 2370 a
603 2338 696 2371 κακὸς
722 2339 865 2379 imbellis,

165 2388 254 2428 quod
279 2398 345 2419 non
374 2393 464 2420 esset
488 2390 521 2419 in
545 2400 684 2421 numero
709 2390 866 2421 militum.

166 2439 326 2470 Caculam
344 2449 420 2470 cum
446 2440 564 2471 calone
591 2441 624 2471 in
646 2444 760 2481 etymo
789 2450 865 2472 con-

164 2488 279 2520 fundit
301 2489 434 2521 Festus.
451 2490 533 2521 Dae.

208 2539 222 2560 ὓ
248 2539 447 2580 Caculatum]
499 2541 547 2572 Ut
577 2539 760 2571 aedilatum.
797 2540 865 2572 Jos.

168 2589 254 2621 Scal-

213 2640 409 2680 Caculatum]
435 2641 465 2671 A
482 2640 612 2680 cacuIa,
630 2640 783 2680 intellige
808 2650 865 2671 au-

169 2696 238 2721 tem
255 2691 431 2722 servitium
456 2692 648 2722 cacularum
667 2702 674 2722 z
699 2691 866 2727 caculatus,

171 2745 207 2771 ut
224 2741 378 2780 oedilatus,
395 2744 447 2782 85⁶.
464 2742 551 2774 Dac.

960 1941 973 1957 c
1000 1936 1135 1967 Cadmea
1148 1933 1250 1974 terra]
1276 1933 1314 1964 In
1333 1942 1379 1963 aes
1402 1931 1566 1971 injicitur,
1583 1935 1621 1962 ut

917 1986 1051 2018 facilius
1073 1986 1248 2017 fundatur.
1295 1983 1385 2014 Plin.
1408 1982 1468 2014 lib.
1483 1990 1621 2012 xxxw.

918 2047 995 2078 cap.
1013 2040 1064 2069 10.
1090 2036 1192 2076 ‘Ipse
1216 2035 1316 2075 lapis,
1342 2044 1383 2064 ex
1409 2043 1475 2074 quo
1496 2032 1536 2063 fit
1562 2042 1620 2069 aes,

919 2087 1069 2118 Cadmea
1087 2084 1372 2122 vocat11r,fusui·is
1389 2081 1620 2119 necessarius,

920 2138 1098 2169 medicinae
1117 2134 1236 2168 utilis]
1285 2133 1451 2173 Lapidem
1481 2133 1619 2163 calami-

920 2198 1038 2219 narem
1069 2192 1195 2219 vocant
1226 2184 1386 2215 officinae.
1433 2182 1536 2212 Dicta
1564 2191 1621 2211 au-

922 2244 991 2271 tem
1021 2240 1158 2269 Cadmea
1183 2246 1202 2267 a
1227 2234 1355 2266 Cadmo
1385 2232 1440 2273 qui
1465 2232 1621 2262 metallo-

921 2298 994 2319 rum
1014 2287 1163 2319 fusuram
1182 2284 1350 2316 invenisse
1374 2282 1511 2313 dicitur.
1550 2280 1619 2311 Alii

921 2339 1032 2370 aliter.
1056 2339 1154 2368 Idem.

962 2389 978 2410 <¹
1003 2387 1144 2427 Caduca]
1169 2385 1309 2425 Virgam
1331 2393 1350 2414 e
1373 2392 1473 2413 manu
1498 2381 1621 2413 Flami-

923 2440 986 2477 nis,
1026 2447 1126 2479 quam
1165 2433 1481 2468 Commentaculum
1521 2442 1619 2463 voca-

923 2490 1018 2527 bant,
1038 2487 1220 2521 excidisse,
1240 2484 1414 2516 Caducum
1433 2482 1621 2523 auspicium

923 2538 1094 2570 faciebat:
1120 2540 1169 2575 et,
1186 2536 1219 2566 ui
1240 2534 1353 2574 fallor,
1376 2532 1495 2564 infelix
1524 2536 1621 2563 erat:

919 2589 953 2619 in
971 2587 1162 2620 Glossario:
1202 2585 1212 2602 ‘
1227 2585 1396 2623 Caducas,
1421 2587 1624 2614 *remmon-ome

919 2639 1016 2677 τικὺς,
1045 2636 1211 2675 δημόσιος.’
1236 2636 1325 2676 lege,
1361 2632 1525 2665 πτωτικός.
1580 2632 1620 2663 Iu

920 2689 1051 2727 eodem,
1075 2690 1085 2705 ‘
1104 2687 1272 2725 caducos,
1297 2683 1506 2723 ἐπιλημπτίν]
1535 2685 1621 2723 ΙΕςίκ

922 2739 1151 2777 ἐπιληπτικούς.
1173 2739 1242 2770 Jos.
1260 2738 1343 2769 Scal.
