1835 2906
200 165 284 210 166

661 176 809 208 SEXT!
842 176 1045 206 POMPEll
1080 175 1216 205 FES'rl

201 274 406 316 Coclacae
421 278 456 298 ¹0
471 277 488 296 ²
508 271 708 314 dicuntur
725 272 897 326 lapides
917 285 975 313 ex
995 271 1170 312 flumine
1187 270 1362 312 rotundi
1383 269 1439 312 ad
1461 271 1637 312 coclea-

255 354 351 382 rum
370 340 711 382 similitudinem.

199 407 433 450 Coctiones
448 406 464 430 ¹³
494 407 604 448 dicti
635 407 833 449 videntur
854 419 880 448 a
901 407 1193 456 cunctatione,
1217 407 1336 460 quod
1358 408 1403 448 in
1422 405 1636 454 emendis,

252 475 582 528 vendendisque
616 475 831 516 mercibus
866 474 988 515 tarde
1021 475 1276 528 perveniant
1308 474 1363 515 ad
1377 474 1489 527 justi
1511 473 1638 526 pretii

252 542 396 585 finem.
437 543 599 597 Itaque
619 541 738 597 apud
756 541 958 595 antiquos
973 542 1114 594 prima
1133 542 1304 595 syllaba
1318 554 1393 596 per
1407 541 1450 582 V
1470 542 1636 582 literam

254 610 543 652 scribebatur.

797 694 915 708 ”O‘OO

918 696 1036 710 eeeeee

236 787 276 816 10
300 785 381 825 Alii,
406 788 495 816 teste
524 784 613 816 Scal.
642 784 856 816 Conchatacoe.
889 785 898 802 ‘
916 785 1067 817 Doctiss.
1093 785 1232 817 Vossius
1261 788 1360 826 putat
1380 784 1557 817 cochleam,
1580 782 1636 814 vel

194 828 359 860 cochlecoe:
382 828 441 860 sed
457 828 591 859 omnino
607 827 786 868 legendum
801 828 963 868 cochlacoe,
980 839 999 859 a
1013 829 1136 860 Graeco
1155 829 1287 860 scillcet
1301 826 1481 868 κόχλακες.’
1504 827 1586 858 Dac-

845 923 878 955 N
884 922 986 955 OTAE

192 985 304 1017 Edulii
318 985 436 1017 melius
451 995 528 1017 cum
544 986 664 1017 Vossio
681 986 771 1026 legas
786 986 886 1026 potio-

191 1037 252 1068 πίε.
286 1036 342 1068 Ad
358 1038 541 1078 poculenta
557 1037 643 1067 enim
661 1037 770 1077 potius
786 1046 884 1078 quam

190 1088 233 1119 ad
250 1089 423 1120 esculenta
437 1089 611 1129 pertinuit.
635 1090 714 1121 Duc.

231 1142 247 1158 ³
271 1139 425 1179 Coczacae]
461 1139 596 1179 Nempe
612 1139 812 1171 Graecanice
827 1138 886 1171 de-

189 1191 331 1227 tortum,
347 1187 514 1226 κόχλακες.
530 1190 600 1220 Jos.
616 1189 700 1220 Scal.

229 1236 244 1258 ὓ
271 1238 447 1280 Coctiones]
473 1238 561 1270 Vide
585 1240 594 1256 ‘
612 1238 770 1271 arilator.’
802 1239 882 1271 Ant.

188 1288 274 1328 Aug.

232 1339 407 1380 Coctiones]
430 1340 536 1372 Recte
563 1338 695 1381 definit,
718 1349 802 1381 quos
828 1349 880 1371 su-

185 1388 300 1429 perius
324 1399 343 1420 a
370 1390 477 1422 Gallis
502 1390 744 1430 Barguigneurs
771 1392 881 1423 vocari

184 1439 382 1472 monuimus.
428 1441 473 1472 Et
499 1445 607 1480 recte,
626 1446 663 1471 ut
686 1440 759 1481 ipse
783 1442 842 1482 ait,
862 1451 882 1473 a

182 1489 368 1521 Veteribus
384 1500 445 1531 per
479 1491 508 1522 V
528 1492 636 1522 Cuctio
656 1492 880 1524 scribebatur.

183 1539 274 1571 Quia
302 1541 418 1572 Cuctus
441 1541 614 1581 dicebant,
641 1542 731 1583 quod
759 1548 879 1583 postea

186 1591 336 1632 Cunctas,
355 1598 390 1624 et
415 1594 530 1634 Cojux,
554 1594 643 1635 quod
667 1599 785 1635 postea
807 1605 878 1625 con—

173 1640 277 1679 junx:
301 1648 337 1674 et
353 1643 482 1675 similia.
527 1646 535 1661 ‘
554 1644 707 1684 Cuctus‚'
722 1645 877 1685 ‘conjec-

181 1696 235 1723 tus
247 1692 268 1722 :’
284 1698 321 1724 ut
337 1693 346 1710 ‘
359 1697 488 1725 tractus
500 1694 507 1707 ’
525 1705 585 1735 pro
601 1697 610 1711 ‘
624 1695 818 1736 trajectnsz’
834 1695 877 1726 de

181 1753 247 1783 quo
264 1743 297 1774 in
315 1743 514 1785 Appendice
529 1746 560 1776 iu
577 1746 786 1777 Varronem:
803 1746 881 1787 quia

180 1793 340 1825 dicebant
353 1796 362 1811 ⁴
378 1795 492 1825 Coicio
504 1795 512 1808 ’
525 1801 559 1826 et
574 1797 582 1812 ‘
595 1796 771 1835 cojecius!
814 1797 878 1827 La-

179 1842 292 1873 berius
321 1843 354 1873 in
380 1844 645 1875 Necromantia:
670 1846 679 1861 ‘
699 1846 790 1876 Duas
817 1857 878 1877 ux-

179 1893 275 1923 ores?
298 1893 414 1925 hercle
445 1895 506 1925 boc
539 1897 613 1935 plus
645 1897 773 1937 negotii
804 1898 877 1936 Est,

176 1943 300 1984 inquis.
354 1945 457 1976 Cocio
483 1955 541 1976 sex
573 1946 686 1977 aediles
719 1947 874 1978 viderat!

176 1991 246 2024 Ubi
278 1993 381 2030 Cocio,
411 2004 477 2026 non
506 1996 602 2026 coctio
638 1996 809 2035 scribitur,
837 2002 875 2028 ut

176 2053 268 2084 saepe
286 2045 391 2077 alias:
410 2047 497 2077 utin
515 2047 706 2078 Glossario:
731 2048 739 2064 ‘
756 2048 873 2085 Cocio,

175 2094 376 2132 μετάβολος.’
421 2096 592 2127 Isidorus:
617 2101 624 2113 ‘
643 2097 760 2136 Cocio,
779 2098 874 2129 arila-

175 2145 263 2176 tor2'
286 2146 319 2177 in
346 2146 517 2177 veteribus
546 2148 701 2179 Glossis:
726 2149 735 2165 ‘
754 2149 872 2179 Cocio-

174 2200 309 2236 natura,
337 2196 550 2237 μετάπρασις.’
606 2198 645 2228 In
671 2198 869 2230 Glossario:

173 2248 182 2264 ‘
197 2248 625 2288 Cociatriafflerassssmueh)
659 2250 796 2280 Mallem
811 2250 871 2280 Co-

172 2296 326 2328 ciatrina:
341 2303 391 2336 ut,
413 2300 422 2315 ⁴
440 2299 645 2332 medimna?
679 2301 794 2333 Quare
812 2310 869 2331 au-

173 2353 243 2379 tem
267 2348 398 2380 Gellius
426 2350 653 2390 reprehendat
677 2351 870 2390 Laberium,

174 2398 230 2439 qui
246 2400 447 2439 pervulgate
463 2401 589 2432 dixerit
605 2401 777 2440 Cocionem,
792 2412 868 2434 cnm

171 2449 316 2480 Veteres
333 2448 487 2480 dicerent
504 2451 806 2492 Armatur-emman
824 2452 870 2483 vi-

172 2497 247 2529 deo.
308 2497 452 2530 Plautus
484 2501 570 2530 enim
604 2502 759 2533 Asinaria
790 2512 867 2534 usus

171 2553 234 2580 est.
289 2548 411 2590 Itaque
442 2559 508 2580 non
537 2556 589 2581 est
620 2554 866 2594 pervulgatum,

171 2608 292 2640 neque,
309 2604 347 2630 ut
362 2600 436 2640 ipse
456 2600 586 2632 Gellius
612 2603 773 2644 loquitur,
791 2615 865 2646 pro-

170 2650 339 2682 culcatum
357 2650 566 2683 vocabulum.
589 2653 656 2683 Jos.
672 2654 752 2686 θεαί.

987 985 1163 1026 Coctiones]
1180 985 1408 1018 Glossarium:
1433 985 1443 1003 ‘
1461 984 1566 1019 cocio,
1580 996 1634 1023 με-

939 1035 1101 1072 τάβολος]
1144 1037 1275 1068 Glossae
1305 1040 1389 1067 vett.
1414 1036 1423 1052 ‘
1440 1035 1634 1066 cocionatu-

939 1097 988 1127 ra,
1010 1086 1224 1127 μετάπρασις.’
1269 1086 1418 1117 Glossar.
1436 1085 1445 1102 ‘
1459 1084 1633 1123 cociatria,

937 1137 1177 1176 μεταβλητική.’
1211 1137 1310 1177 Legit
1325 1136 1478 1176 Scaliger
1492 1135 1636 1165 cociatri-

937 1199 990 1228 na,
1013 1195 1050 1220 ut
1072 1191 1081 1206 ‘
1100 1187 1304 1220 meditriua.'
1349 1188 1460 1219 Gloss.
1487 1185 1633 1217 Isidori=

938 1241 946 1257 ‘
966 1239 1081 1276 Cocio,
1111 1237 1274 1270 aruator!
1324 1237 1412 1269 Vide
1438 1237 1448 1254 ⁴
1469 1235 1635 1268 arilator.‘

941 1290 1061 1331 Croetio,
1090 1290 1197 1329 coctio,
1227 1289 1320 1328 cocio,
1355 1288 1437 1319 eliso
1465 1290 1489 1318 t.
1519 1287 1634 1317 Plaut.

938 1339 1071 1372 Asinar.
1087 1349 1111 1371 1.
1128 1343 1159 1370 3.
1180 1341 1190 1357 ‘
1208 1340 1315 1370 Vetus
1332 1342 1397 1377 est,
1421 1336 1514 1368 nihili
1538 1335 1633 1368 cocio

938 1395 1002 1430 est,
1027 1391 1091 1422 scis
1114 1389 1233 1431 cnjus!
1277 1389 1387 1421 Quem
1403 1388 1510 1419 locum
1527 1386 1632 1427 pessi·

935 1451 988 1471 me
1019 1442 1157 1481 aceepit
1191 1439 1407 1471 doctissimus
1440 1436 1632 1472 Salmasius,

935 1492 991 1533 qui
1015 1492 1181 1531 integrum
1207 1489 1424 1530 proverbium
1446 1486 1546 1518 fuisse
1571 1496 1633 1527 pu-

934 1547 998 1581 tat,
1021 1543 1030 1558 ‘
1048 1541 1140 1572 nihili
1155 1542 1249 1572 cocio
1265 1544 1318 1571 est
1343 1539 1398 1580 qui
1414 1536 1557 1569 credit:’
1582 1537 1632 1567 ni-

932 1593 977 1623 hil
993 1592 1070 1623 dico
1081 1592 1123 1623 de
1140 1592 1350 1632 conjectura,
1364 1599 1438 1631 quae
1451 1589 1543 1620 nullo
1554 1587 1630 1619 fun-

933 1643 1092 1675 damento
1107 1644 1245 1674 nititur:
1270 1647 1402 1674 certum
1430 1645 1482 1672 est
1505 1638 1586 1670 illud
1611 1649 1630 1670 a

934 1695 1109 1726 Cleaeretae
1127 1698 1240 1725 mente
1263 1702 1338 1724 esse
1365 1701 1463 1733 quam
1484 1690 1629 1721 maxime

933 1746 1090 1786 alienum,
1113 1745 1209 1785 cujus
1234 1743 1337 1775 verba
1359 1743 1406 1773 sie
1427 1740 1631 1781 explicanda

933 1806 1075 1828 censeo:
1100 1797 1110 1813 ‘
1127 1792 1443 1832 Quemadmodum(
1465 1791 1573 1832 inquit
1590 1790 1628 1821 il-

932 1848 976 1887 la,
999 1848 1008 1864 ‘
1026 1857 1100 1886 nos,
1132 1855 1355 1887 quaecumque
1385 1843 1537 1875 volumus
1566 1841 1628 1876 uti,

933 1898 1058 1929 Graeca
1087 1906 1275 1928 mercamur
1304 1896 1383 1935 fide,
1412 1895 1460 1925 ita
1486 1898 1524 1924 nt
1551 1901 1626 1923 cum

931 1958 976 1979 aes
993 1949 1120 1987 damus,
1137 1953 1206 1979 tum
1234 1956 1378 1978 mercem
1403 1944 1499 1976 nobis
1522 1943 1626 1975 etiam

930 2000 1023 2036 dent,
1055 2000 1170 2030 eadem
1196 2008 1256 2029 nos
1281 1996 1459 2037 disciplina
1488 1995 1625 2035 utimur,

928 2051 1072 2081 oculatae
1096 2059 1228 2090 semper
1252 2053 1379 2079 nostrae
1400 2050 1626 2084 summanus,

926 2100 958 2130 id
975 2100 1117 2143 credunt
1133 2099 1221 2139 quod
1239 2097 1365 2135 vident,
1382 2101 1419 2126 ut
1438 2099 1534 2126 vetus
1552 2095 1622 2126 dic-

927 2155 995 2180 tum
1014 2155 1085 2180 est:
1112 2149 1175 2180 scis
1193 2148 1301 2188 cujus,
1323 2146 1416 2176 niliili
1436 2145 1531 2175 cocio
1548 2143 1623 2176 est.'

927 2199 968 2230 Id
999 2204 1061 2236 est,
1093 2209 1152 2240 pro
1180 2198 1282 2228 nihilo
1312 2196 1437 2226 (lucere
1464 2194 1623 2225 debemus

925 2259 982 2280 eos
1008 2250 1168 2290 homines,
1194 2248 1262 2290 qui,
1286 2257 1361 2278 cum
1380 2255 1438 2277 nos
1457 2245 1622 2276 usurarias

924 2300 989 2331 sibi
1006 2305 1211 2335 mercantur,
1225 2297 1426 2329 tantillulum
1444 2295 1522 2336 quid
1540 2294 1621 2325 dan-

925 2356 988 2391 tes,
1005 2351 1171 2381 mercedis
1189 2349 1353 2389 reliquum
1381 2348 1415 2377 in
1437 2347 1525 2377 diem
1546 2356 1620 2386 pro-

922 2400 1004 2432 ferri
1032 2401 1215 2441 postulant,
1241 2404 1277 2429 ut
1301 2398 1455 2429 cociones
1479 2397 1512 2427 in
1535 2396 1618 2431 soro,

924 2452 980 2492 qui
1009 2452 1229 2482 emturientcs
1260 2450 1341 2480 dant
1376 2458 1497 2484 arram,
1527 2457 1619 2478 caeca

923 2502 977 2533 dic
1004 2508 1119 2534 cetera
1148 2501 1302 2532 soluturi.
1351 2499 1472 2539 Neque
1499 2499 1617 2529 melius

920 2553 1007 2583 idem
1026 2553 1099 2590 boc,
1115 2553 1123 2569 ‘
1138 2552 1203 2582 scis
1228 2549 1340 2591 cujus'
1365 2548 1535 2579 intellexit
1560 2549 1616 2588 qui

920 2604 1171 2643 interpretatur
1187 2603 1194 2618 ‘
1211 2602 1275 2632 scis
1289 2598 1418 2641 quali5‚’
1434 2603 1469 2629 nt
1484 2599 1613 2638 ‘cujum

920 2653 1057 2695 pecus:'
1080 2651 1167 2694 quod
1196 2651 1297 2682 miror
1325 2652 1418 2680 tanto
1436 2647 1506 2679 viro
1524 2648 1613 2679 exci-
