1835 2906
188 70 275 113 616

677 186 749 223 tur

351 212 438 292 alid
635 251 726 292 tab.

641 85 781 115 Sssx'ri
818 85 1019 116 POMPEII

934 251 1046 292 frum
1055 282 1063 291 .

1056 85 1191 116 FEST}

1401 252 1547 293 danto.

191 316 376 360 Postica
395 319 509 360 linea
529 319 575 359 in
597 319 712 373 agris
735 319 984 362 dividendis
1004 321 1060 361 ab
1083 321 1245 362 oriente
1266 319 1323 362 ad
1344 333 1418 361 oc·
1459 319 1638 374 [PAUL.

247 400 398 428 casum
416 391 599 441 spectat.

196 454 454 497 Posticumb
488 457 648 498 ostium
680 457 839 498 dicitur
870 456 914 497 in
943 458 1186 510 posteriore
1214 461 1340 511 parte
1368 470 1430 498 ae-
1477 457 1641 507 [FEsr.

246 523 391 566 dium:
441 529 633 566 ceterum
667 525 838 579 antiqui
874 525 1006 566 etiam
1049 526 1239 567 vicinum
1276 526 1546 568 habitantem
1583 525 1641 566 ad

247 593 528 645 posteriorem
560 597 723 646 partem
754 593 917 634 aedium
949 595 1015 635 sio
1041 594 1341 649 appellarunt:
1372 594 1576 648 denique,
1598 596 1642 634 et

245 674 345 714 quae
367 665 467 702 ante
487 673 571 701 nos
594 667 711 711 sunt,
736 661 882 703 antica
900 676 910 713 3
946 666 989 704 et
1009 675 1109 717 quae
1130 669 1236 718 post
1256 676 1336 705 nos
1359 666 1476 712 sunt,
1497 661 1642 715 posti-

245 741 300 769 ca
335 728 554 779 dicuntur,
583 732 626 770 et
661 729 862 770 dextram
897 730 1100 780 anticam,
1131 731 1354 772 sinistram
1387 729 1639 784 posticamc

245 795 434 838 dicimus
454 811 462 836 :
495 797 559 838 sic
581 797 713 837 etiam
736 810 789 838 ea
808 798 912 839 coeli
932 796 1074 852 pars,d
1091 812 1190 852 quae
1213 800 1308 840 sole
1325 798 1568 839 illustratur
1582 795 1641 836 ad

184 902 189 903 γ
241 865 488 915 meridiem,
529 866 674 907 antica
704 866 857 920 utique
896 868 1168 920 nominatum
1220 880 1319 922 quae
1350 867 1407 908 ad
1442 865 1642 918 Septem-

245 932 429 974 trionem
450 937 532 984 est,
553 934 749 988 postica:
779 948 1034 989 rursumque
1057 935 1312 978 dividuntur
1338 935 1382 976 in
1409 933 1522 975 duas
1542 943 1645 986 par-

245 1005 327 1050 tes,
347 1003 574 1053 orientem,
598 1007 730 1057 atque
753 1003 1040 1045 occidentem.

187 1068 512 1111 Postliminium
530 1076 566 1094 ²0
588 1075 791 1125 receptus
811 1072 972 1114 dicitur
987 1073 1058 1123 is,¹
1083 1073 1156 1127 qui
1181 1077 1307 1115 extra
1319 1072 1429 1113 limi·
1459 1070 1639 1123 [PAUL.

244 1151 316 1188 na,
338 1139 421 1180 hoc
451 1145 535 1189 est,
559 1141 766 1181 terminos
794 1141 1041 1195 provinciae
1064 1150 1222 1195 captus
1244 1142 1397 1189 suerat,
1417 1150 1564 1180 rursus
1586 1138 1641 1178 ad

244 1207 424 1260 propria
446 1208 684 1249 revertitur.

798 1328 873 1340 0000
879 1328 914 1340 te
920 1328 1035 1341 ‘nate

228 1402 269 1429 20
286 1400 347 1431 Vir
364 1400 456 1433 doct.
475 1402 506 1433 iu
525 1413 629 1444 marg·
645 1404 699 1436 ed.
717 1406 805 1437 Scal.
824 1407 914 1448 conj.
931 1407 1205 1439 Postliminio.-—l
1222 1407 1300 1439 Vet.
1316 1406 1375 1438 lib.
1392 1408 1530 1446 receptus
1546 1406 1590 1435 ese
1605 1404 1641 1435 is.

840 1524 986 1556 NOTAE

229 1594 242 1613 ¹³
266 1595 440 1636 Posticum]
468 1597 540 1627 Liv.
560 1597 616 1628 lib.
643 1607 666 1628 1.
691 1599 884 1639 ‘Regiones

185 1645 226 1675 ab
243 1646 376 1677 oriente
394 1647 435 1677 ad
453 1657 609 1678 occasum
632 1648 886 1690 determinavit,

186 1695 342 1727 dexteras
360 1697 400 1728 ad
426 1697 604 1729 meridiem
624 1705 749 1739 partes,
768 1702 885 1733 laevas-

187 1757 252 1787 que
269 1748 310 1778 ad
331 1749 500 1779 sinistram
515 1759 587 1780 esse
606 1751 713 1782 dix-ite
738 1751 782 1783 At
799 1753 885 1783 Var—

186 1808 224 1829 ro
242 1799 300 1830 lib.
318 1809 366 1830 νι.
392 1806 399 1817 ‘
413 1800 494 1841 Ejus
512 1802 631 1842 templi
662 1808 777 1843 partes
807 1814 885 1845 qua-

186 1854 273 1884 tuor,
297 1850 434 1881 sinistra
456 1851 497 1882 ab
522 1852 667 1892 oriente,
689 1854 813 1885 dextra
842 1855 885 1885 ab

186 1908 333 1930 occasu:
354 1901 466 1931 antica
479 1901 518 1931 ad
538 1902 735 1934 meridiem:
757 1906 886 1944 postica

184 1948 226 1979 ad
243 1952 546 1989 septemtrionem.’
565 1953 655 1984 Pliu.
674 1954 730 1985 lib.
756 1964 794 1986 ιι.
808 1966 883 1996 cap.

185 2002 237 2030 54.
263 2000 334 2032 Ful.
355 2002 462 2033 Ursin.

229 2051 403 2093 posticum]
428 2054 652 2087 Grammatici
678 2057 802 2092 Graeci,
827 2071 884 2089 πα-

184 2099 307 2141 ράθυρα,
343 2103 394 2134 καὶ
424 2104 617 2145 παραθύριον·
649 2107 699 2137 καὶ
724 2108 882 2150 παράθυρα

185 2151 313 2183 κατόπιν
326 2155 381 2184 τοῦ
395 2154 488 2187 οἴκου.
511 2157 579 2187 JoS.
596 2157 679 2189 Scul.

229 2204 388 2236 Postz'cum
417 2207 544 2249 ostimn]
579 2209 759 2250 Distinguo
784 2211 883 2250 posti-

183 2264 264 2293 cum,
279 2259 403 2297 ostium,
428 2260 481 2298 eisc.
505 2260 629 2292 dicitur
654 2262 817 2301 posticum,
847 2268 882 2293 et

180 2307 298 2344 postica
310 2319 320 2338 .-
337 2309 432 2349 illud,
449 2311 737 2353 subintelligendo
755 2314 882 2349 ostium,

182 2358 257 2397 lioc,
269 2359 671 2404 subintelligendojunua‚
688 2365 761 2396 sive
775 2368 881 2405 porta.

183 2408 297 2440 Quare
314 2410 415 2444 falsus
432 2419 485 2444 est
508 2415 657 2453 Servius,
674 2416 729 2456 qui
747 2416 881 2455 putavit

183 2468 317 2499 semper
341 2462 373 2492 iu
389 2469 509 2495 neutro
527 2466 664 2496 aulicum
682 2471 715 2497 et
732 2467 882 2505 posticum

182 2509 260 2549 dici,
289 2512 351 2541 uisi
379 2523 453 2544 cum
477 2521 555 2546 sunt
583 2526 684 2546 voces
708 2526 882 2557 augurum,

184 2560 239 2600 qui
262 2562 410 2600 posticum
425 2565 743 2604 Septemtrionalem
762 2568 877 2598 mimdi

182 2617 328 2652 partem,
353 2615 487 2646 anticam
515 2627 594 2649 vero
624 2620 879 2650 meridionalem

183 2662 312 2695 dicunt.
358 2665 398 2696 Iu
432 2666 560 2699 Glossis
597 2671 683 2701 enim
717 2673 879 2712 ‘postica⁵

941 1601 1098 1642 παράθυρα
1121 1601 1251 1632 κατόπιν
1275 1601 1331 1631 τοῦ
1358 1599 1461 1630 οἴκου]
1518 1597 1642 1639 Vulgo,

937 1656 1028 1694 porte
1044 1655 1080 1683 de
1097 1654 1243 1684 derriere.
1270 1654 1359 1683 Dac.

983 1709 995 1724 Ε
1020 1705 1063 1735 Et
1101 1706 1245 1735 deserum
1289 1703 1439 1741 anticam,
1476 1701 1638 1732 sinistram

937 1756 1104 1796 posticam]
1143 1757 1274 1787 Dextra
1299 1760 1334 1786 et
1362 1755 1498 1786 sinistra
1526 1751 1641 1783 mundi

942 1816 1019 1847 pars
1050 1807 1141 1838 varie
1166 1806 1347 1847 accipitur.
1392 1805 1479 1836 Nam
1509 1802 1643 1842 auguri·

941 1857 1002 1888 bus
1016 1862 1050 1888 et
1076 1856 1256 1896 astrologis
1273 1856 1412 1887 sinistra
1437 1859 1489 1885 est
1515 1852 1640 1887 oriens,

941 1908 1062 1939 dextra
1079 1907 1248 1946 occidens,
1265 1906 1353 1937 unde
1374 1905 1503 1936 factum
1519 1908 1586 1943 est,
1603 1908 1642 1934 ut

942 1959 980 1989 iis
1008 1959 1144 1989 sinistra
1174 1957 1323 1998 auspicia
1345 1955 1474 1987 dextris
1499 1955 1641 1986 meliora
1685 1970 1693 1979 .

939 2020 1073 2050 semper
1100 2009 1216 2040 habita
1242 2009 1320 2040 sint.
1366 2006 1578 2048 Geograpliis
1603 2006 1645 2036 si-

940 2062 1044 2092 nistra
1077 2066 1127 2091 est
1159 2060 1330 2098 occidens,
1358 2058 1481 2090 dextra
1511 2057 1637 2088 oriens.

939 2113 1058 2144 Poetis
1075 2118 1184 2143 ortum
1199 2117 1367 2142 astrorum
1380 2107 1640 2141 observantibus

938 2163 1076 2193 sinistra
1091 2168 1142 2193 est
1158 2161 1379 2202 Septemtrio,
1397 2160 1520 2190 dextra
1539 2158 1640 2189 meri·

938 2213 1022 2250 dies,
1047 2212 1172 2243 eisdem
1197 2221 1337 2243 occasus
1364 2209 1513 2241 siderum
1541 2217 1638 2249 spec-

938 2262 1104 2301 rantibus,
1134 2262 1272 2291 sinistra
1298 2264 1352 2291 est
1374 2263 1500 2299 auster,
1515 2258 1639 2289 dextra

940 2314 1079 2345 Boreas.
1104 2313 1200 2343 Idem.

966 2363 993 2393 ,ἅ
1018 2364 1072 2395 Sic
1087 2364 1181 2394 etiam
1197 2372 1233 2393 ea
1248 2362 1314 2392 coeli
1327 2361 1418 2402 pars]
1443 2358 1638 2400 Auguribus

937 2417 1096 2447 meridies
1117 2415 1239 2453 antica,
1271 2413 1404 2454 postica
1426 2410 1638 2452 Septemtrio

938 2467 1075 2505 dicitur,
1095 2466 1175 2507 quia
1205 2465 1227 2496 ii
1258 2462 1432 2494 meridiem
1463 2465 1635 2502 spectant.

938 2518 984 2548 ita
998 2523 1033 2548 ut
1051 2517 1091 2547 ad
1109 2516 1278 2547 sinistram
1303 2514 1480 2552 orientem,
1496 2511 1537 2542 ad
1555 2511 1637 2541 ‹lex-

937 2574 1021 2599 tram
1039 2567 1252 2598 occidentem
1271 2565 1429 2597 habeant.
1466 2560 1553 2593 Vide
1571 2562 1579 2578 ‘
1593 2560 1637 2591 si-

937 2618 1064 2650 nistra.’
1088 2618 1184 2648 Idem.
