1835 2906
200 95 284 136 610

641 97 789 129 SEXTI
827 94 1028 128 POMPElI
1066 92 1200 124 FESTI

203 196 471 254 Populariaf
500 208 626 237 sacra
649 199 761 242 sunt,
783 198 829 234 ut
859 194 919 233 ait
943 191 1112 238 Labeo,
1141 201 1241 243 quae
1272 199 1427 228 omues
1477 185 1643 239 [Fasr.

260 270 377 308 cives
406 265 585 312 faciunt,
607 275 683 303 nec
711 262 841 303 certis
861 259 1037 301 familiis
1063 259 1267 298 attributa
1289 261 1387 296 sunt
1407 270 1415 293 ;
1448 254 1646 296 fornaca-

260 336 335 384 lia,
358 333 532 387 parilia,
553 330 721 377 laralia,
744 340 879 383 porca
900 326 1210 380 praecidaneass

205 400 399 456 Populih
439 411 653 439 commune
675 397 793 437 estin
825 393 979 449 legibus
997 391 1187 448 jer-endis
1208 405 1307 433 cum
1336 390 1464 444 plebe
1495 387 1649 430 suffra-

262 471 377 523 gium
393 481 402 508 2
422 480 515 506 nam
541 463 716 506 Comitia
730 462 959 502 centuriata
972 473 1027 502 ex
1047 460 1249 514 patribus
1267 462 1309 499 et
1324 458 1451 512 plebe
1467 461 1648 496 constant

263 537 308 577 in
328 532 530 577 centurias
548 531 698 583 divisis,
717 536 762 571 at
783 542 883 572 cum
904 529 1056 584 plebes
1076 528 1170 569 sine
1192 523 1383 580 patribus
1405 522 1567 568 tributis
1585 535 1648 563 co—

860 690 999 724 NOTAE

209 795 279 822 ere,
301 783 438 816 foederis
457 780 583 823 publici
600 779 745 818 nomine,
758 778 810 809 vel
826 777 905 819 quid

208 836 338 868 simile:
362 834 404 865 de
422 831 562 865 Pinaria
577 839 693 862 sorore
720 838 779 860 cur
806 827 908 859 adda-

208 892 276 923 tur,
305 886 437 927 ignoro.
496 882 576 914 Fuit
605 880 740 923 quidem
773 879 908 910 Pinaria

208 936 336 968 familia
348 933 591 976 antiquissima,
603 940 677 971 quae
687 929 728 961 ab
737 929 809 970 ipso
822 928 909 959 Her-

210 989 285 1020 cule
312 987 437 1018 dicitur
466 982 691 1015 sacerdotium
723 980 908 1020 accepisse,

211 1046 248 1071 ut
265 1038 385 1070 Cicero
408 1046 470 1078 pro
488 1036 611 1075 Domo,
626 1033 771 1072 Dionys.
795 1031 851 1062 lib.
875 1039 910 1063 v,

212 1090 308 1129 Virg.
325 1087 384 1119 lib.
401 1095 481 1118 vni·
494 1085 568 1116 Liv.
585 1083 643 1115 lib.
662 1092 687 1114 r.
703 1086 739 1114 et
753 1081 808 1113 alii
824 1079 910 1112 refe-

211 1144 301 1171 runt.
350 1136 419 1169 Sed
456 1134 604 1168 Pinariae
643 1133 751 1165 tribus
789 1141 910 1163 nomen

213 1198 376 1230 nusquam
401 1186 534 1228 reperi:
559 1194 669 1226 neque
690 1183 770 1225 quid
787 1181 912 1213 habeat

211 1250 288 1272 cum
302 1238 448 1280 Popillia
464 1245 653 1269 commune.
684 1233 821 1275 Popillii
833 1242 911 1274 cog-

212 1294 374 1322 nomento
402 1289 560 1320 Laenates
586 1285 668 1317 satis
690 1284 821 1315 nobiles
843 1281 913 1314 fue·

212 1344 291 1372 runt
306 1339 521 1376 Consulares,
545 1341 581 1368 et
598 1333 817 1375 triumphales
838 1333 912 1368 viri,

212 1392 295 1423 licet
312 1390 451 1432 plebeii.
497 1386 629 1418 Pinarii
653 1384 789 1425 patricii
809 1383 912 1423 majo—

214 1451 299 1482 rum,
330 1445 368 1471 ut
404 1436 614 1470 credendum
649 1441 714 1475 est,
751 1434 914 1476 gentium.

213 1492 302 1524 Vide
318 1492 326 1507 ‘
340 1487 531 1522 Potitium.y
553 1487 629 1519 Ant.
644 1486 729 1526 Aug.

261 1540 411 1584 Popillia]
428 1538 561 1581 Popillia
579 1538 677 1569 tribus
694 1546 755 1568 una
766 1535 915 1575 triginta·

217 1595 349 1635 quinque
375 1592 534 1623 tribuum:
571 1592 617 1620 lot
649 1588 730 1619 enim
756 1586 915 1625 suerunt:

214 1646 328 1675 ‹lictaa
348 1642 490 1683 Popillia⁷
496 1640 589 1679 felici
606 1639 746 1670 nomine:
770 1647 789 1668 a
807 1646 864 1676 qao
886 1639 917 1667 et

216 1697 314 1727 tribas
342 1693 476 1726 Pinaria
502 1702 520 1723 a
550 1690 664 1722 sororis
693 1689 760 1729 ejus
785 1688 918 1719 nomine.

218 1747 296 1778 Non
309 1745 449 1777 dubium
466 1748 518 1774 est
535 1742 583 1773 ita
600 1739 790 1781 scripsisse.
827 1738 917 1769 Nam

218 1796 300 1838 quid
334 1793 558 1828 manifestius,
592 1800 691 1832 quam
722 1799 740 1821 a
772 1788 919 1829 Popillia

217 1847 356 1879 foemina
382 1845 508 1876 dictam
527 1843 665 1878 tribum,
688 1841 781 1882 cujus
798 1849 917 1872 nomen

219 1896 521 1940 auspicatissimum
538 1894 745 1925 habebatur:
765 1901 803 1923 ac
819 1891 916 1922 bonae

218 1959 354 1988 scaevae,
384 1951 422 1978 ut
456 1951 536 1977 tuuc
569 1942 817 1986 loquebantur?
850 1942 917 1973 dos.

221 1999 302 2031 Scal.

264 2049 400 2090 Popillia
415 2047 530 2087 tribus]
559 2046 617 2078 Ait
641 2055 660 2077 a
685 2044 832 2085 Popillia
858 2043 917 2074 foe-

220 2102 310 2132 mina
340 2099 466 2131 dictam
498 2097 635 2135 tribum,
661 2096 759 2137 cujus
798 2103 917 2126 nornen

222 2149 529 2192 auspicatissimum
540 2146 751 2179 habebatur:
770 2154 808 2176 ac
820 2144 917 2174 bonae

222 2209 352 2236 scaevae,
366 2202 404 2230 ut
417 2203 498 2229 tunc
513 2196 748 2238 loquebantur.
793 2194 918 2224 Verum

221 2251 377 2292 Sigonius
393 2248 526 2280 dubitat
542 2257 560 2278 a
585 2247 716 2286 Iocone,
740 2254 781 2276 an
805 2254 824 2275 a
848 2243 919 2274 viro

223 2302 368 2340 dicatur,
384 2304 421 2331 ut
437 2304 472 2330 et
489 2297 701 2338 Onuphrius,
716 2296 771 2337 qui
792 2294 921 2326 mavult

224 2364 242 2385 a
258 2353 372 2384 nescio
388 2361 455 2392 quo
473 2351 547 2381 loco
564 2349 702 2386 dictam,
719 2347 775 2389 qui
792 2347 824 2377 in
842 2346 920 2376 Vol-

224 2404 289 2434 scis
303 2410 409 2443 prope
423 2400 603 2432 Pontiuam
621 2398 724 2430 fuerit
738 2409 744 2427 2
770 2396 829 2429 sed
843 2396 920 2427 vide

225 2459 302 2493 post
325 2449 474 2492 ‘pugi0.'
501 2450 582 2481 Dac-

269 2502 282 2521 f
305 2501 488 2542 Popularia]
523 2499 667 2532 Notabis
703 2496 831 2530 Laralia
861 2505 922 2536 pro

169 2548 180 2558 ³
227 2551 464 2593 compitalibus
492 2551 607 2582 dicta:
645 2549 732 2590 quod
756 2547 845 2578 haud
871 2552 920 2577 te-

227 2611 319 2636 mere
335 2601 415 2633 alibi
430 2601 591 2642 reperias.
629 2599 798 2640 Popularia
816 2606 920 2637 oppo-

956 780 1084 808 nuntur
1108 776 1261 817 privatis:
1282 778 1320 807 ut
1342 779 1351 794 ¹
1365 772 1541 816 popularia
1558 771 1652 814 judi-

956 827 1033 869 cia,’
1054 831 1062 845 ‘
1076 828 1216 869 privatis
1228 825 1390 868 judiciis!
1434 826 1522 857 Nam
1537 825 1584 856 ita
1599 825 1655 856 hic

958 879 1114 910 videntur
1129 878 1298 918 Popularia
1321 876 1478 918 opposita
1503 875 1656 917 privatis,

958 928 1182 969 familiaritiis‚
1194 934 1228 960 et
1237 927 1413 969 gentilitiis
1427 925 1544 958 sacris.
1560 925 1655 957 Alias

956 980 1116 1022 popularia
1138 989 1226 1011 sacra
1251 983 1468 1021 opponuntur
1482 979 1658 1008 montana-

959 1030 1057 1066 libus,
1075 1035 1110 1061 et
1127 1028 1360 1071 pagaualibus.
1395 1027 1523 1059 Varro:
1548 1030 1558 1045 ‘
1573 1026 1658 1058 Dies

959 1081 1223 1122 Septimontium
1242 1079 1432 1111 nominatus
1455 1077 1498 1109 ab
1521 1076 1572 1108 his
1584 1085 1660 1117 sep—

962 1136 1029 1162 tem
1047 1131 1229 1171 montibus,
1251 1130 1284 1161 in
1299 1129 1394 1172 queis
1407 1128 1472 1160 sita
1487 1126 1567 1159 urbs
1583 1131 1634 1158 est
1648 1137 1657 1157 2

962 1181 1057 1215 feriae
1084 1192 1149 1214 uon
1181 1181 1310 1224 populi,
1339 1180 1398 1212 scd
1429 1183 1661 1211 montanorum

962 1233 1062 1264 modo
1076 1232 1095 1264 ε’
1119 1238 1156 1264 ut
1179 1235 1188 1250 ‘
1208 1230 1409 1273 paganalia‚’
1433 1230 1585 1271 quisunt
1602 1228 1662 1260 ali-

963 1284 1061 1325 cujus
1078 1284 1169 1325 pagi.
1194 1284 1261 1314 dos.
1279 1282 1363 1314 Scal-

1005 1340 1020 1362 ε’
1044 1335 1147 1365 Parca
1159 1332 1368 1375 praecidanea]
1392 1330 1484 1365 Quid
1499 1330 1562 1363 hoc
1571 1340 1664 1372 porca

961 1386 1157 1426 praecidanea
1200 1385 1288 1416 inter
1327 1382 1505 1425 popularia
1541 1390 1635 1413 sacra
1651 1381 1662 1411 ?

965 1437 1088 1477 Nugae.
1134 1435 1221 1467 Haec
1251 1444 1317 1467 uon
1347 1438 1425 1467 sunt
1455 1432 1555 1473 hujus
1584 1431 1665 1469 loci,

966 1496 1070 1528 quare
1086 1486 1162 1518 hinc
1177 1484 1376 1527 ableganda.
1421 1483 1592 1515 Videntur
1606 1491 1666 1514 au·

967 1542 1035 1569 tem
1062 1538 1126 1569 huc
1158 1537 1340 1569 adhaesisse
1369 1545 1387 1567 e
1419 1534 1532 1575 capite
1563 1533 1666 1564 Parca

966 1589 1172 1629 prcecidanea,
1196 1587 1284 1629 quod
1310 1587 1397 1618 male
1423 1590 1498 1626 post
1512 1584 1666 1625 proecida-

967 1649 1055 1670 neam
1068 1648 1194 1679 porcam
1211 1643 1397 1668 retractum
1412 1640 1477 1667 est.
1501 1635 1581 1666 Dac-

1011 1688 1025 1708 Ι·
1050 1687 1179 1729 Populi]
1202 1686 1317 1727 Populi
1337 1694 1493 1716 commune
1515 1687 1562 1715 est
1576 1683 1610 1715 ia
1625 1684 1669 1715 le-

966 1739 1059 1779 gibus
1079 1739 1225 1777 serendis
1254 1747 1322 1769 cum
1344 1736 1431 1777 plebe
1459 1734 1669 1776 suffragium.-

970 1800 1040 1821 nam
1062 1790 1188 1821 comitia
1210 1787 1385 1820 centuriata
1409 1796 1448 1817 ex
1474 1785 1615 1826 patribus
1637 1788 1667 1816 et

966 1841 1053 1881 plebe
1068 1844 1209 1872 constant
1223 1840 1256 1870 in
1271 1837 1429 1870 centurias
1441 1836 1561 1867 divisis.
1605 1835 1669 1866 Sed

970 1902 1037 1923 cum
1051 1892 1151 1933 plebes
1164 1893 1230 1923 sine
1244 1889 1384 1930 patribus
1400 1887 1526 1919 tributis
1536 1886 1670 1918 comitiis

971 1942 1123 1979 convenit,
1133 1942 1211 1982 quod
1220 1940 1322 1981 plebes
1333 1938 1436 1973 scivit,
1448 1937 1672 1978 plebei-scitum,

971 1994 1021 2025 rel
1045 1992 1253 2033 plebiscitum,
1269 2000 1304 2021 ea
1324 1990 1361 2020 de
1379 1998 1471 2019 causa
1485 1987 1670 2028 appellatur.

972 2043 1060 2074 Haec
1073 2042 1255 2083 Pompeius
1274 2041 1396 2071 Festus
1407 2037 1550 2070 fortasse
1563 2037 1671 2077 scrip-

973 2094 1037 2125 sit:
1055 2092 1142 2134 quod
1160 2099 1273 2127 ,tamen
1290 2089 1456 2121 affirmare
1470 2097 1536 2119 non
1550 2086 1669 2118 audeo.
1692 2093 1695 2096 ·

974 2142 1225 2175 Vidend.Gell.
1243 2140 1302 2172 lib.
1318 2149 1354 2171 x.
1379 2148 1454 2180 cap.
1481 2140 1534 2169 20.
1557 2141 1593 2170 et
1615 2137 1671 2175 lib.

975 2203 1038 2225 xv.
1055 2203 1130 2233 cap.
1144 2194 1198 2223 27.
1234 2191 1336 2222 Caius
1353 2198 1430 2230 cap.
1445 2190 1522 2225 237.
1537 2187 1580 2218 de
1598 2195 1671 2218 ver·

973 2244 1046 2275 bor.
1062 2243 1146 2283 sign.
1170 2241 1297 2274 Justin.
1321 2239 1378 2271 lib.
1406 2247 1430 2271 1.
1454 2237 1568 2269 Instit.
1591 2238 1672 2269 titu-

974 2294 1006 2325 lo
1023 2293 1155 2333 dejure
1180 2297 1250 2322 uat-
1280 2290 1379 2323 Boot.
1409 2289 1442 2320 in
1460 2288 1564 2329 topic.
1591 2287 1672 2319 lsid.

975 2345 1033 2376 lib.
1051 2354 1083 2375 v.
1099 2344 1239 2383 etymol.
1262 2341 1341 2373 Ant.
1357 2341 1441 2380 Aug.

1021 2394 1134 2435 Populi
1163 2391 1334 2432 commune]
1364 2391 1436 2422 Hos
1459 2390 1571 2420 hiatus
1594 2389 1673 2420 olim

976 2443 1169 2477 felicissime
1186 2443 1384 2483 expleverat
1408 2439 1576 2471 Antonius
1602 2437 1672 2469 Au·

976 2495 1141 2537 gustinus.
1185 2493 1272 2524 vide
1296 2493 1305 2509 ‘
1324 2496 1456 2532 patrum
1472 2487 1673 2521 commuue!

977 2545 1066 2577 Gell.
1084 2544 1140 2576 lib.
1157 2553 1190 2575 x.
1208 2552 1284 2584 cap.
1300 2545 1352 2574 20.
1371 2546 1406 2574 et
1429 2539 1491 2573 lib.
1510 2547 1570 2573 xv.
1594 2547 1670 2579 cap.

976 2598 1027 2627 17.
1044 2595 1126 2626 Dae.
