1835 2906
224 110 309 152 498

670 120 817 152 SEXTI
852 119 1053 151 POMPEII
1089 119 1227 151 FESTI

283 217 435 258 centos
450 216 505 257 ab
523 214 721 257 Etruscis
740 215 991 257 interfectos
1007 213 1232 268 superfuit,
1248 213 1456 255 inductus
1477 218 1496 244 4
1509 216 1673 268 magni-

281 283 429 324 tudine
450 284 701 326 divitiarum
720 296 901 325 uxorem
923 283 1050 323 duxit
1081 282 1260 323 Otacilii
1284 282 1598 332 Malevantani,
1621 287 1671 323 ut

280 355 375 392 tum
395 351 689 402 dicebantur‚⁵
705 351 840 392 filiam
862 363 913 391 ea
931 349 1207 399 condicione,
1230 354 1280 389 ut
1301 350 1377 403 qui
1404 346 1573 403 primus
1594 362 1670 389 na-

280 422 354 459 tus
374 423 506 468 esset,
522 419 791 473 praenomine
805 418 876 458 avi
893 416 1080 457 materni
1095 416 1338 458 Numerius
1358 417 1668 471 appellaretur.

224 484 460 527 Numerius
477 500 724 541 praenomen
747 490 816 526 cst
836 489 1021 526 tractum
1042 485 1099 526 ab
1121 498 1220 527 avo.

1493 485 1671 536 [PAUL.

221 552 422 595 Numero
444 554 652 595 dicebant
673 566 755 607 pro
777 553 979 593 nimium.

222 618 402 663 Numere
418 628 456 662 et
476 635 637 662 numero
651 627 668 652 P
689 619 854 661 dicitur.
906 618 988 660 Sed
1002 633 1164 660 numere
1183 624 1278 663 sunt
1298 619 1472 661 videtur
1510 619 1674 672 [FEST.

835 739 955 752 ooooo

960 739 1080 752 ’ΝΟΜ

261 821 281 848 4
305 818 385 850 Vet.
400 818 475 849 cod.
504 818 717 851 inductis.—5
742 816 808 849 Ed.
825 817 913 848 Scal.
933 816 1159 848 Maleventani.
1205 816 1274 848 Pro
1290 816 1472 847 dicebantur
1489 814 1668 856 legendum

219 867 335 892 monet
351 861 438 893 Dae.
454 861 629 893 dicebatur.

878 948 910 979 N
917 947 1018 979 OTAE

216 1023 284 1054 cito
297 1021 468 1054 facturum
485 1023 563 1064 quid
579 1024 761 1055 ostendere
771 1023 920 1061 volebat,

217 1073 357 1105 dicebat
381 1084 520 1106 numero
537 1075 570 1106 id
594 1074 679 1115 fore,
700 1074 789 1117 quod
813 1075 918 1106 etiam

214 1124 250 1154 in
291 1131 392 1164 partu
439 1126 671 1165 precabantur
726 1125 918 1159 Numeriae,

215 1184 315 1214 quam
335 1175 440 1206 Deam
461 1177 572 1208 solent
589 1177 781 1217 indigetare
810 1176 914 1207 etiam

216 1225 429 1257 Pontifices!
473 1227 558 1258 Haec
586 1228 746 1258 mendose
771 1227 916 1267 Nonius,

216 1275 276 1306 sed
294 1286 352 1307 nos
369 1278 562 1314 emendate,
580 1284 616 1309 nt
630 1279 821 1319 opinamur,
836 1287 914 1309 con-

215 1326 422 1366 scripsimus.
446 1329 525 1360 Ant.
543 1328 630 1368 Aug.

258 1380 274 1401 Ρ
299 1377 452 1418 Numero]
485 1379 597 1409 Multa
621 1379 675 1409 hic
706 1378 860 1416 obscura,
883 1383 919 1409 et

214 1427 374 1458 mendosa
410 1427 443 1458 in
482 1429 593 1459 verbis
629 1428 734 1459 Festi.
768 1427 918 1458 vidend.

216 1477 349 1508 Nouius
380 1478 422 1509 de
449 1479 544 1509 varia
577 1477 692 1519 signif.
715 1487 919 1511 sermonum.

214 1528 313 1559 Idem.

257 1578 414 1618 Numero]
458 1579 567 1610 Varro
600 1579 687 1610 Cato
723 1578 765 1609 de
798 1578 914 1609 liberis

214 1627 401 1659 educandis
421 1639 429 1660 2
453 1630 462 1647 ‘
482 1635 518 1660 ut
535 1630 590 1670 qni
608 1635 728 1660 contra
754 1629 915 1659 celeriter

213 1684 310 1709 erant
337 1679 420 1719 nati,
447 1678 521 1710 fere
540 1680 720 1711 Numerios
740 1679 915 1719 praenomi-

212 1730 363 1761 nabant:
389 1730 480 1771 quod
492 1732 548 1771 qui
565 1731 634 1762 cito
649 1730 818 1762 facturum
837 1729 917 1770 quid

212 1790 247 1811 se
263 1780 443 1812 ostendere
460 1780 608 1816 volebat,
622 1781 760 1812 dicebat
776 1789 917 1811 numero

210 1830 246 1862 id
264 1829 357 1862 fore:
383 1832 473 1872 quod
499 1832 598 1863 etiam
625 1832 656 1862 in
680 1836 780 1871 partu
797 1840 916 1871 preca-

212 1880 338 1911 bantur
355 1881 544 1921 Nmneriae,
561 1891 660 1922 quam
681 1882 786 1911 Deam
804 1882 916 1912 solent

211 1930 402 1970 indigetare
428 1931 528 1961 etiam
558 1930 766 1963 Pontifices.'
813 1931 914 1962 Nelei

212 1981 357 2012 Carmen
393 1986 427 2012 et
466 1982 596 2023 reliqua
635 1983 683 2012 ita
722 1982 916 2022 legendum,

209 2031 378 2070 Nunquam
393 2041 518 2062 numero
534 2032 628 2062 matri
646 2031 802 2069 jaciemus
815 2033 916 2071 volup.

208 2080 251 2111 Id
281 2086 345 2120 est,
374 2091 544 2122 nunquam
573 2083 712 2113 nimium
738 2082 916 2113 faciemus.

210 2133 311 2172 Apud
342 2133 521 2164 Naevium:
563 2134 729 2164 Neminem
756 2134 832 2169 vicli,
867 2133 920 2173 qui

209 2194 336 2216 numero
378 2186 484 2226 sciret,
514 2187 593 2226 quod
630 2187 708 2217 scito
747 2189 792 2216 est
832 2195 918 2224 opus.

207 2234 242 2264 id
281 2239 346 2271 est,
386 2235 526 2266 nimium
569 2237 683 2267 sciret.
730 2236 774 2266 Et
805 2239 917 2265 tamen

209 2284 263 2315 hic
285 2294 402 2315 versus
419 2285 802 2325 attribuiturTurpilio:
834 2295 915 2325 pan-

210 2337 242 2366 lo
273 2337 379 2368 levius
411 2337 607 2368 immutatus
635 2337 726 2377 apud
755 2337 915 2368 Nonium.

210 2386 388 2427 Turpilius
404 2388 606 2419 Demetrio:
642 2388 807 2428 Nunquam
824 2397 915 2428 quen-

211 2447 302 2476 quam
331 2448 455 2469 numero
481 2438 547 2468 vidi
569 2438 689 2476 jacere,
717 2439 796 2478 quod
824 2437 916 2474 sacto

215 2490 260 2517 est
277 2497 361 2526 opus,
406 2489 515 2520 Porro
531 2494 623 2520 totus
643 2489 736 2520 locus
764 2489 814 2519 ita
839 2497 917 2527 snp-

209 2536 375 2577 plendus:
427 2539 565 2569 Nnmere
587 2542 659 2570 sunt
690 2539 817 2570 videtur
852 2548 916 2569 esse

208 2587 342 2617 alienum
359 2587 632 2626 Numerosueruut
647 2600 656 2619 :
680 2589 745 2619 sive
761 2599 795 2619 co
810 2589 917 2619 ordine

209 2640 400 2676 usurparunt
437 2641 567 2677 veteres,
607 2639 825 2670 cousuetudine
873 2640 916 2669 lo-

209 2687 320 2727 quendi.
346 2688 477 2728 quadam
506 2687 674 2724 eiusmodi:
710 2690 772 2720 sice
802 2689 837 2719 ob
855 2699 917 2718 mo-

972 1032 1036 1054 rem
1052 1023 1158 1058 ulium,
1185 1023 1436 1063 quemadmodum
1460 1021 1583 1052 videtur
1604 1029 1673 1052 usus

974 1075 1138 1115 Pompeius
1168 1075 1293 1110 Sextus,
1317 1077 1457 1105 extrema
1481 1073 1598 1114 syllaba
1622 1083 1675 1103 vo-

971 1125 1067 1156 cativi
1081 1135 1181 1165 casus,
1195 1126 1298 1156 eadem
1314 1127 1467 1164 correpta,
1495 1123 1527 1154 in
1544 1133 1571 1164 e,
1598 1126 1675 1154 tem-

968 1176 1054 1216 poris
1071 1176 1250 1216 proesenlis.
1298 1176 1437 1206 Numero
1462 1175 1603 1214 antiquos
1628 1174 1677 1204 ni-

971 1227 1067 1256 mium
1090 1226 1208 1256 ‹lia-isse
1225 1229 1362 1266 apparet.
1408 1225 1537 1256 Sinnius
1564 1224 1676 1264 Capito

972 1284 1037 1306 esse
1063 1275 1203 1306 nimium.
1256 1275 1316 1306 Vos
1344 1275 1418 1306 estis
1445 1274 1593 1309 minimoe,
1615 1273 1677 1304 m‘sz'

971 1335 1094 1356 numero
1124 1326 1323 1365 perbiterint,
1349 1325 1412 1356 nisi
1437 1325 1510 1362 cito,
1534 1324 1597 1355 nisi
1627 1324 1675 1354 ui-

972 1376 1078 1407 mium.
1125 1375 1161 1406 Si
1175 1376 1236 1407 isso
1253 1377 1306 1416 qui
1328 1386 1445 1414 exeam,
1463 1385 1586 1406 numero
1602 1375 1677 1406 estis

972 1426 1098 1464 mortui,
1119 1426 1174 1456 hoc
1189 1427 1339 1466 exemplo,
1356 1429 1389 1457 ut
1412 1425 1584 1466 pingeretis
1598 1448 1605 1455 .
1622 1446 1630 1454 .
1643 1445 1652 1454 .
1666 1447 1674 1456 .

972 1475 1006 1505 id
1022 1479 1081 1514 est,
1096 1475 1158 1506 cito
1175 1476 1287 1506 mortui
1303 1475 1389 1506 estis.
1435 1475 1522 1506 Haec
1540 1475 1673 1507 Festus.

974 1525 1014 1556 In
1032 1525 1154 1566 quibus
1183 1525 1368 1556 notandum
1396 1526 1532 1556 Numere
1562 1535 1623 1565 per
1649 1536 1677 1567 e,

974 1576 1133 1615 praesenti
1154 1581 1309 1616 tempore
1335 1576 1488 1616 usurpari
1516 1576 1673 1608 solitum:

972 1636 1100 1657 numero
1127 1637 1187 1667 per
1210 1637 1239 1662 o,
1268 1627 1463 1667 prseterito:
1503 1627 1551 1658 sic
1583 1627 1676 1658 ‘die-

973 1677 1106 1718 quarte’
1136 1678 1168 1708 iu
1185 1677 1298 1708 futuro
1325 1682 1360 1708 et
1383 1677 1554 1717 praeseuti,
1582 1677 1674 1708 ‘die-

973 1728 1105 1769 quarte'
1122 1729 1154 1759 in
1171 1729 1347 1769 prieterito
1363 1729 1592 1769 usurpabant:
1629 1730 1676 1760 sic

969 1779 979 1795 ‘
994 1777 1207 1818 praefiscino,’
1223 1785 1230 1798 ⁴
1248 1778 1462 1818 praefisciue,'
1484 1783 1519 1809 et
1543 1779 1676 1810 similia·

972 1827 1013 1859 In
1033 1828 1184 1859 secundo
1201 1829 1360 1869 exemplo
1377 1828 1504 1860 dictum
1527 1829 1598 1868 isso,
1614 1839 1675 1870 pro

970 1879 1078 1910 ivero.-
1126 1883 1163 1909 ut
1213 1879 1351 1920 ‘jusso'
1389 1889 1450 1920 pro
1488 1880 1675 1921 ‘jusser03'

969 1930 978 1946 ‘
993 1929 1124 1969 capso‚’
1141 1931 1149 1946 ‘
1164 1929 1314 1970 cepero.’
1358 1930 1426 1961 Scd
1446 1931 1562 1961 melius
1584 1931 1675 1970 lege—

974 1985 1042 2021 tur,
1054 1980 1169 2020 istoqui
1184 1991 1301 2012 exeam.
1347 1981 1479 2021 Istoqui‚
1495 1986 1532 2012 ut
1546 1981 1675 2021 alioqui:

973 2036 1008 2062 et
1027 2041 1142 2062 verum
1159 2036 1221 2061 est.
1245 2032 1316 2062 dos.
1337 2031 1420 2062 »δί-αῖ.

1017 2081 1170 2122 Numero]
1189 2081 1276 2112 Vide
1294 2082 1383 2112 Gell.
1401 2080 1457 2111 lib.
1477 2089 1513 2112 x.
1530 2089 1605 2121 cap.
1622 2083 1675 2111 24.

976 2132 1059 2168 Ista,
1092 2133 1169 2162 Esse
1200 2132 1281 2162 eriim
1310 2131 1357 2162 ila
1383 2132 1517 2161 locutum.
1544 2131 1675 2161 nimium

973 2194 1024 2214 vos
1053 2184 1140 2223 estis,
1176 2184 1226 2221 ὅτ.
1272 2183 1344 2213 sine
1387 2182 1490 2213 dubio
1535 2191 1675 2222 corrup-

975 2240 1009 2264 ta
1035 2237 1126 2263 sunt.
1171 2233 1297 2263 Forte:
1340 2233 1415 2263 Esse
1453 2232 1535 2263 enim
1563 2233 1610 2263 ita
1632 2233 1674 2263 lo-

973 2287 1076 2315 cutum
1106 2284 1267 2316 Ennium:
1300 2294 1351 2314 vos
1376 2284 1461 2323 estis,
1488 2286 1539 2323 55⁶·
1585 2284 1674 2314 Nam

972 2345 1108 2376 quoquo
1126 2334 1224 2365 modo
1238 2334 1319 2365 illud
1344 2335 1473 2366 nimium
1497 2335 1530 2365 in
1558 2334 1670 2375 poetae

970 2394 1092 2416 nomen
1133 2384 1410 2415 convertendum.
1455 2384 1539 2424 Ista,
1561 2384 1589 2415 si
1615 2385 1674 2415 isso

971 2436 1023 2476 qui
1043 2446 1163 2475 exeam,
1178 2437 1230 2475 &a
1256 2435 1392 2475 legebat
1408 2435 1574 2475 Scaliger,
1589 2434 1617 2465 si
1632 2435 1674 2465 is·

971 2487 1056 2527 toqui
1071 2496 1189 2517 exeam.
1230 2486 1363 2526 Istoqui,
1387 2490 1423 2516 ut
1436 2485 1562 2525 alioqui.
1606 2485 1673 2516 Sed

971 2538 1019 2568 sic
1047 2537 1148 2567 etiam
1177 2545 1218 2567 ea
1243 2545 1308 2566 non
1341 2535 1419 2566 milii
1456 2535 1563 2565 minus
1604 2544 1673 2566 sus·

972 2594 1075 2629 pecta
1103 2594 1194 2619 sunt.
1253 2588 1340 2619 Nam
1370 2596 1445 2627 quae
1484 2592 1672 2626 sequuntur

974 2638 1089 2670 Plauti
1107 2643 1183 2669 sunt
1198 2647 1216 2669 e
1231 2637 1372 2669 Poenulo
1385 2645 1419 2667 v.
1432 2638 1463 2667 4.
1487 2642 1494 2654 ‘
1508 2645 1526 2666 o
1539 2635 1673 2677 Apollo,

973 2699 992 2719 0
1031 2688 1155 2719 Zeuxis
1182 2688 1303 2729 pictor,
1327 2687 1395 2718 Cu·-
1421 2696 1560 2719 numero
1591 2687 1673 2718 estis
