1835 2906
204 108 288 150 190

642 119 790 150 SEXT!
825 118 1028 149 ΡΟΜΡΕΙῙ
1063 118 1197 150 FESTI

206 214 509 255 Corniscarum
527 219 540 235 r
570 213 768 255 divarum
789 214 914 254 loeus
936 218 1028 254 erat
1049 217 1167 254 trans
1181 212 1375 254 Tiberim
1392 214 1639 255 cornicibus

261 281 454 329 dicatus,
476 282 592 334 quod
612 282 658 322 in
679 281 708 323 J
712 282 867 322 unonis
889 281 1027 322 tutela
1047 293 1143 321 esse
1162 281 1443 333 putabantur.

204 348 377 389 Cornua
392 353 404 370 ⁵
434 349 581 390 Liberi
605 350 741 402 patris
764 347 1024 389 simulachro
1047 347 1324 401 adjiciuntur,
1344 361 1472 402 quem
1489 347 1641 387 inven-

260 421 399 456 torem
428 416 520 457 vini
550 416 723 457 dicunt:
761 428 814 456 eo
843 415 963 468 quod
992 415 1187 455 homines
1216 414 1347 455 nimio
1366 415 1470 455 vino
1496 419 1641 455 truces

260 482 400 523 fiunt.⁸
417 499 420 503 ·

204 548 384 590 Corolla
405 550 703 591 diminutivum
731 551 800 590 est
825 562 853 589 a
877 561 1065 590 corona:
1095 547 1327 588 corollam*
1357 561 1472 589 nova
1502 554 1642 602 nupta

261 617 314 657 de
334 617 528 666 fioribus,
549 617 768 667 verbenis,
791 617 1022 670 herbisque
1053 629 1079 657 a
1108 628 1157 656 se
1185 615 1312 655 lectis
1342 616 1423 656 sub
1455 617 1642 658 amiculo

260 684 438 725 serebat.

205 751 418 800 Corona‚¹¹
440 763 541 791 cum
561 750 763 791 videatur
783 763 809 790 a
830 749 963 794 choro
984 749 1088 798 dici,
1110 752 1231 789 caret
1251 751 1392 789 tamen
1414 748 1641 802 aspiratio-

262 831 340 859 ne:
372 819 464 859 sive
498 830 672 859 coronae
701 817 916 866 dicuntur,
947 815 1062 869 quod
1090 815 1354 856 cohonorent
1380 828 1454 856 eos
1486 815 1641 869 quibus

262 887 551 938 imponuntur.

800 990 932 1003 eeeeeee

936 990 1031 1002 ooooo

206 1081 351 1122 gendum
369 1086 483 1113 mouet
498 1082 562 1112 haec
577 1082 683 1123 lupus:
707 1080 829 1122 probat
844 1081 994 1112 Dac.—7
1019 1077 1165 1110 Quidam
1181 1077 1257 1109 libri
1275 1077 1426 1115 sons—8
1449 1078 1545 1109 Vett.
1562 1076 1643 1109 libb.

196 1125 295 1166 fiant,
309 1128 344 1156 ut
360 1124 474 1156 belluae.

857 1195 996 1228 NOTAE

205 1267 214 1281 ⁴
228 1262 316 1293 Nam
333 1262 354 1292 ii
378 1267 453 1293 sunt
475 1261 601 1293 inimici
626 1262 761 1303 pessimi
786 1260 897 1292 fronte

205 1312 323 1351 hilaro,
353 1312 463 1343 Corde
490 1313 589 1351 tristi,
616 1322 697 1353 quos
721 1321 830 1353 neque
860 1317 898 1342 ut

207 1362 454 1403 apprehendas,
475 1372 585 1404 neque
609 1368 648 1394 ut
663 1363 777 1394 mittas
792 1362 898 1394 scias?

206 1414 304 1444 Idem.

248 1468 260 1483 r
277 1463 506 1503 Corniscamaem]
532 1462 693 1494 cornices
709 1473 783 1494 esse
799 1463 833 1494 in
847 1467 898 1494 tu-

205 1513 277 1543 tela
300 1512 593 1552 Jnnonis,p=·aeter
615 1512 758 1553 fabulas,
776 1522 897 1553 cogno-

204 1571 280 1591 men
297 1562 398 1592 etiarn
416 1562 520 1602 ipsius
538 1563 621 1593 Deae
639 1563 802 1603 docuerit,
827 1563 897 1593 Mo·

204 1615 298 1648 πειας
319 1620 395 1642 nam
419 1611 497 1642 inde
521 1611 686 1643 Graeculi
703 1612 841 1642 Monetae
863 1616 900 1642 et

204 1661 374 1693 Monetulae
399 1662 493 1693 dicti.
536 1662 708 1693 Posterior
731 1666 813 1692 aetas
839 1671 900 1702 per

203 1712 252 1750 D,
278 1712 466 1742 Mouecluloe.
511 1711 720 1743 Glossarium
745 1714 898 1753 exponit,

205 1761 393 1797 Monetam,
434 1762 651 1799 μνημοσύνην,’
696 1773 762 1793 non
801 1764 898 1795 male.

205 1810 389 1851 Hyginus:
427 1813 435 1828 ‘
455 1813 507 1843 Ex
543 1814 643 1854 Jove,
678 1818 712 1844 et
749 1815 900 1854 Moneta,

206 1860 323 1891 Maia!
379 1861 517 1892 Moneta
544 1872 624 1903 ergo
650 1862 670 1899 ἡ
700 1863 899 1903 Μνημοσύνη,

205 1918 315 1943 mater
338 1913 534 1943 Musarum:
560 1918 595 1944 et
621 1914 654 1944 in
673 1914 826 1955 Odyssea
843 1924 897 1945 ve-

206 1962 273 1991 teri
304 1962 389 1992 Livii
418 1962 625 1993 Andronici:
661 1965 669 1980 ‘
688 1964 775 1994 Nam
808 1963 900 1994 Diva

205 2011 365 2042 Monetas
382 2011 450 2043 filia
465 2012 604 2052 docuit‚'
627 2014 688 2044 hoc
705 2019 768 2049 est,
786 2014 897 2051 μοῦσα.

206 2061 294 2091 Nam
322 2066 374 2092 est
404 2071 445 2092 ex
474 2062 556 2093 illo:
590 2062 687 2093 οὕνεκ’
717 2062 774 2104 ἄρα
801 2064 899 2103 σφέας

206 2111 302 2149 Οἵμας
316 2112 404 2150 μοῦσ’
421 2111 543 2151 ἐδίδαξε.
565 2114 634 2144 Jos.
649 2113 730 2144 Scal.

262 2163 480 2194 Corniscarum
505 2165 647 2194 dit-arum
674 2163 770 2204 locus]
806 2165 897 2205 Lego

207 2212 314 2242 lucus.-
338 2212 371 2242 in
390 2217 469 2244 vett.
487 2213 749 2252 Epigrammate,
767 2223 897 2246 υΕιΝΑς

207 2270 399 2293 οοΒΝιεςΑς
440 2271 595 2294 SACRvM.
640 2264 687 2295 sic
730 2263 841 2295 dictus
879 2275 899 2296 a

208 2311 396 2342 cornicibus
412 2322 493 2353 quas
507 2313 690 2345 inJunonis
706 2314 812 2345 tutela
824 2324 898 2346 esse

209 2363 262 2392 vel
286 2362 423 2393 bullata*
448 2364 542 2394 aetati
561 2370 676 2396 notum
694 2370 758 2396 est.
800 2365 900 2397 Hanc

207 2411 285 2443 ideo
301 2414 448 2443 natalem
465 2414 552 2445 dixit
567 2415 691 2445 Tibull.
707 2415 764 2446 lib.
781 2424 821 2447 11.
845 2416 898 2448 El.

208 2465 241 2493 2.
256 2462 345 2502 quod
363 2463 454 2494 Juno
470 2465 590 2495 natalis
610 2466 681 2496 Dea
697 2470 773 2496 est:
796 2467 805 2483 ‘
821 2465 899 2497 Huc

209 2512 325 2544 veniat
341 2513 460 2543 natalis
476 2514 545 2544 avis
571 2516 766 2557 prolemque
788 2516 901 2547 minis-

209 2563 299 2594 tret!
353 2563 528 2594 Corniscas
557 2565 707 2597 absolute
734 2572 834 2598 vocat
858 2567 899 2598 P.

208 2613 341 2648 Victor,
365 2614 422 2654 qui
448 2614 543 2653 ponit
570 2615 602 2645 in
628 2616 760 2648 decima
779 2623 901 2657 quarta

210 2662 302 2696 urbis
318 2664 454 2704 regione
471 2668 563 2696 trans
579 2665 739 2698 Tiberim.
766 2668 847 2700 Βαι·ς

994 1265 1004 1280 ³
1028 1259 1166 1300 Cornua]
1205 1259 1330 1291 Allusit
1359 1258 1540 1290 Horatius:
1575 1263 1583 1276 ‘
1608 1262 1642 1289 et

953 1311 1048 1342 addit
1064 1309 1228 1351 pauperi!
1251 1311 1321 1341 Jos.
1339 1310 1423 1341 Scal.

998 1360 1136 1400 Cornua]
1152 1360 1317 1392 Nicandri
1329 1360 1532 1391 Scholiastes
1545 1359 1644 1397 ἂλεξι·

953 1410 1133 1451 φαρμάκοις·
1157 1410 1186 1441 οἷ
1209 1409 1335 1440 παλαιοὶ
1362 1408 1484 1450 κέρασιν
1508 1409 1644 1449 ἐχρῶντο

954 1463 987 1493 ἐν
1000 1463 1042 1502 τῇ
1058 1461 1146 1492 πόσει
1161 1460 1228 1491 ἀντὶ
1243 1463 1305 1491 τῶν
1327 1460 1488 1500 ποτηρίων,
1504 1459 1572 1490 ὅθεν
1593 1459 1643 1489 καὶ

953 1512 990 1543 τὸ
1004 1510 1129 1551 κεράσαι
1146 1511 1270 1551 εἴρηται.
1286 1509 1305 1547 ἢ
1321 1510 1369 1540 διὰ
1383 1509 1569 1550 ταυρωτικὸν
1583 1510 1644 1538 τῶν

951 1562 1112 1600 πινόντων,
1140 1560 1284 1592 τουτέστι
1312 1561 1370 1597 τὴν
1397 1560 1457 1591 ἀπὸ
1481 1560 1537 1590 τοῦ
1563 1560 1644 1590 οἴνου

952 1613 1055 1653 ἰσχύν.
1092 1613 1127 1644 ‘O
1150 1611 1297 1644 Διόνυσος
1323 1611 1373 1642 καὶ
1399 1610 1597 1651 ταυροκέρως,
1624 1612 1643 1642 i.

953 1666 962 1680 ‘
975 1664 1116 1704 Antiqui
1133 1663 1289 1694 cornibus
1307 1663 1487 1693 utebantur
1503 1672 1562 1702 pro
1588 1672 1645 1701 po-

953 1715 1050 1754 culis,
1061 1714 1148 1745 unde
1158 1720 1193 1744 et
1207 1712 1332 1753 κεράσαι
1345 1713 1455 1743 vinum
1468 1711 1645 1742 infundere

953 1765 1089 1796 dicitur.
1134 1765 1198 1796 Vel
1223 1770 1364 1804 propter
1384 1763 1577 1794 torvitatem
1596 1762 1643 1793 bi-

953 1816 1119 1851 bentium,
1133 1815 1195 1845 hoc
1208 1820 1274 1852 est,
1285 1814 1386 1844 robur
1399 1824 1418 1844 a
1429 1813 1504 1844 vino
1517 1813 1645 1844 datum.

955 1866 1108 1897 Bacchus
1120 1865 1221 1896 etiam
1230 1863 1471 1896 'l'auriformis.’
1493 1863 1546 1894 Ad
1559 1863 1645 1894 hanc

953 1915 1141 1947 bibentium
1169 1916 1367 1946 torvitatem
1395 1914 1507 1945 allusit
1536 1913 1644 1944 Hora-

954 1965 1021 1996 tius
1036 1977 1042 1993 :
1067 1968 1076 1980 ‘
1093 1966 1136 1996 Et
1153 1965 1211 1995 dat
1228 1973 1355 1996 cornua
1380 1961 1541 2003 pauperi.’
1563 1963 1644 1993 Dac.

995 2017 1005 2036 ῑ
1031 2014 1198 2054 Cor-ollam]
1229 2014 1298 2045 Sub
1320 2014 1473 2051 amiculo,
1495 2013 1557 2043 boc
1581 2017 1644 2046 est,

954 2066 1016 2096 sub
1032 2065 1196 2105 ssarnmeo,
1207 2075 1271 2104 quo
1288 2065 1416 2094 nubens
1426 2069 1529 2103 capnt
1540 2063 1644 2094 obnu³

954 2115 1069 2145 bebat.
1113 2115 1238 2145 Catull.
1260 2116 1268 2131 ‘
1285 2114 1391 2153 Cinge
1417 2119 1568 2153 tempora
1586 2113 1645 2144 sso-

954 2165 1046 2195 ribus
1076 2163 1310 2195 Suaveolentis
1341 2163 1498 2201 amaraci,
1537 2163 1646 2193 Flam-

952 2224 1060 2246 meum
1078 2214 1186 2255 cape!
1230 2214 1297 2247 Qui
1322 2214 1416 2244 locus
1441 2214 1645 2253 interpretes

951 2266 1060 2297 latuit.
1084 2265 1181 2296 Idem.

997 2321 1011 2335 ¹¹
1037 2314 1171 2354 Corona]
1195 2315 1240 2346 Et
1261 2324 1321 2345 nos
1345 2322 1478 2354 quoque
1493 2312 1570 2343 alibi
1586 2312 1645 2344 do-

954 2365 1082 2397 cuimus
1093 2365 1257 2395 Coronam
1266 2364 1399 2395 Graecae
1410 2363 1549 2402 originis
1561 2372 1646 2394 esse.

955 2415 1142 2447 Simonides
1157 2427 1163 2445 ε
1188 2417 1297 2451 Φοῖβος
1313 2415 1470 2453 ἐσαγεῖται
1485 2415 1551 2444 τοῖς
1570 2418 1644 2444 Tuu-

955 2465 1106 2507 δαρίδῃσιν
1133 2465 1244 2505 ἆοιδῆς,
1263 2465 1323 2496 ’Ἂν
1347 2464 1471 2503 ἄμετροι
1501 2463 1643 2502 τέττιγες

954 2517 1163 2556 ἂπημείψαντο
1199 2517 1338 2556 χορωνῷ.
1398 2514 1547 2554 Ideoque
1577 2524 1643 2545 non

954 2568 1117 2598 carebant
1131 2567 1270 2606 ratione,
1284 2566 1427 2606 quicum
1438 2563 1644 2605 aspiratione

955 2617 1159 2649 scribebant.
1182 2618 1249 2647 Jos.
1265 2616 1348 2647 Scal.

1001 2667 1136 2708 Corona]
1154 2667 1232 2699 Non
1249 2676 1266 2697 a
1282 2666 1395 2705 choro,
1412 2664 1470 2696 sed
1488 2674 1505 2696 a
1519 2665 1641 2696 Graeco
