1835 2906
225 143 253 185 Ξ),
820 152 1071 184 ErisroLA.

228 260 330 289 vera
359 247 492 288 totius
523 245 785 300 eloquentiae
818 246 1102 288 fundamenta
1135 247 1223 289 dici
1256 248 1439 301 possint,
1464 249 1566 302 plus
1595 253 1660 289 ta-

226 328 323 356 men
352 314 485 356 habet
520 314 564 354 in
593 326 784 362 receSSU,
811 326 940 367 quam
962 315 1005 355 in
1032 314 1169 355 fronte
1189 316 1415 369 promittit.
1476 316 1593 356 Nam
1626 315 1664 355 si

226 381 559 436 perdiscendum
575 380 652 435 jus
687 381 842 433 civile3
875 382 912 422 si
943 382 1258 435 cognoscendae
1282 383 1425 435 leges3
1458 383 1495 423 si
1523 382 1665 435 perci-

226 448 390 502 pienda
420 448 560 489 omnis
591 447 844 501 antiquitas,
876 450 1092 490 senatoria
1125 449 1411 499 consuetudo,
1432 449 1665 502 disciplina

229 515 527 568 Reipublicae,
556 517 657 570 jura
693 515 932 560 sociorum,
966 516 1151 566 foedera,
1186 516 1436 569 pactiones3
1468 516 1505 555 si
1526 528 1662 556 causa

228 582 405 634 imperii
438 581 760 635 cognoscenda,
798 594 950 622 eorum
982 583 1173 623 omnium
1206 583 1351 622 fontes
1383 582 1463 622 tibi
1492 581 1662 622 Noster

228 650 409 702 aperiet.
469 649 554 690 Ille
588 649 669 690 tibi
692 648 926 689 duodecim
960 649 1135 690 tabulas
1167 649 1424 702 explicabit,
1449 649 1563 689 unde
1591 650 1666 703 jus

229 728 461 756 commune
493 715 738 757 Galliarum
758 727 976 765 manasse,
1002 716 1096 769 jam
1117 716 1191 756 diu
1224 719 1293 757 est
1327 729 1426 756 cum
1449 729 1505 756 ex
1526 716 1554 756 J
1560 716 1669 756 usti-

229 783 349 823 niani
386 783 667 835 Imperatoris
702 786 745 822 et
791 783 1077 835 promulgatis
1117 787 1159 823 et
1199 783 1459 839 compositis
1498 783 1668 834 legibus

231 849 492 902 cognovisti.
553 848 634 889 Ille
667 848 748 888 tibi
780 854 903 888 eruet
935 849 1176 890 veneranda
1204 849 1317 901 juris
1338 848 1561 889 Pontificii
1583 848 1673 888 Ro-

231 928 474 964 manorum,
493 914 717 954 ritualium
750 914 975 963 librorum,
996 916 1296 957 commentarii
1325 927 1546 955 sacrorum
1580 928 1673 955 mo-

230 987 471 1022 numenta:
513 982 635 1035 leges
683 980 850 1034 Regias
890 982 1258 1035 interpretabitur,
1298 982 1495 1029 Romuli,
1534 982 1668 1028 Tatii,

233 1048 410 1097 Numae,
434 1047 574 1088 Servii
594 1047 730 1088 Tullii
754 1047 1026 1100 :Augurales
1047 1049 1183 1090 libros
1210 1050 1397 1091 evolvet:
1430 1048 1654 1101 auspicio-

231 1127 327 1155 rum
349 1115 623 1156 caerimonias
644 1114 892 1163 illustrabit,
928 1114 1093 1155 foedera
1112 1120 1154 1156 et
1176 1116 1363 1158 Saliaria
1383 1115 1577 1156 carmina
1597 1115 1675 1155 vix

234 1181 544 1222 sacerdotibus
585 1181 679 1221 suis
722 1181 829 1221 satis
869 1180 1161 1232 intelligenda.
1221 1182 1302 1222 Ille
1343 1186 1384 1223 te
1419 1181 1673 1221 Senatorum

232 1249 583 1302 reliquorumque
625 1248 961 1301 Magistratuum
1003 1249 1376 1298 consuetudinem,
1415 1248 1588 1296 ducum,
1629 1254 1675 1288 et

232 1316 538 1368 imperatorum
566 1315 692 1363 ritus,
728 1327 891 1355 arcana
922 1315 1095 1368 imperii
1127 1320 1170 1356 et
1198 1316 1366 1356 militiae
1397 1315 1677 1368 disciplinam

234 1381 427 1422 docebit.
488 1381 541 1422 In
562 1382 617 1422 iis
641 1380 844 1434 quaedam
872 1381 1099 1434 interjecta
1125 1382 1279 1431 fateor,
1304 1383 1569 1422 DELPfflNE
1592 1381 1678 1421 SE-

237 1458 475 1489 1213leer
484 1459 526 1497 Ε,
549 1460 650 1501 quae
683 1452 727 1488 te
748 1447 826 1488 vix
858 1447 990 1499 digna
1012 1448 1197 1488 fortasse
1228 1449 1469 1496 videantur,
1490 1460 1675 1501 praeser-

234 1515 313 1555 tim
340 1527 394 1555 ea
415 1518 543 1556 aetate
562 1527 650 1567 qua
669 1527 781 1555 nunc
803 1527 863 1563 eS‚
885 1527 1062 1567 quaque
1086 1515 1179 1568 jam
1201 1516 1256 1555 ab
1280 1515 1573 1555 invictissimo
1596 1519 1672 1554 tuo

234 1586 415 1633 parente
434 1581 478 1621 in
499 1581 668 1635 imperii
690 1587 858 1634 partem
889 1582 1070 1631 ascitus,
1088 1582 1457 1634 consiliorumque
1478 1581 1675 1621 omnium

234 1648 457 1701 particeps
481 1648 642 1697 factus,
663 1648 771 1688 nihil
802 1649 922 1689 aliud
956 1649 1035 1689 tibi
1067 1648 1282 1700 agendum
1314 1648 1523 1702 proponis
1546 1659 1679 1700 quam

234 1718 284 1754 ut
305 1714 400 1766 ejus
419 1714 614 1755 divinam
641 1713 934 1767 eloquentiam
955 1715 1153 1764 imiteris,
1176 1716 1289 1755 sicut
1308 1715 1403 1767 ejus
1430 1727 1500 1754 res
1529 1719 1675 1765 gestas

235 1779 340 1818 olim
367 1779 620 1829 imitaberis,
644 1793 745 1820 cum
774 1779 907 1820 factis
932 1780 1019 1820 tuis
1050 1793 1182 1833 super
1213 1793 1364 1820 omnes
1392 1780 1569 1820 omnino
1599 1780 1680 1819 im-

236 1848 459 1896 peratores
479 1849 566 1885 tete
585 1858 839 1898 componeS.
898 1846 1066 1886 Verum
1087 1852 1131 1886 et
1152 1847 1228 1886 illa
1262 1847 1362 1898 ipsa
1394 1859 1479 1886 non
1502 1846 1677 1897 ingenia

236 1911 438 1962 puerilia,
455 1911 534 1952 sed
553 1912 814 1952 altissimam
835 1925 1040 1952 exercere
1063 1913 1348 1952 eruditionem
1378 1925 1430 1951 ac
1453 1911 1681 1951 scientiam

238 1981 436 2028 possunt.
495 1977 730 2026 Praeterea,
750 1982 797 2019 ut
818 1978 948 2019 Fabii
970 1979 1118 2020 verbis
1140 1984 1253 2028 utar,
1282 1978 1681 2019 Grammaticorum

237 2043 327 2083 illae
365 2048 480 2085 artes
514 2056 603 2084 non
634 2045 812 2085 obstant
832 2057 907 2097 per
929 2057 1006 2085 eas
1028 2045 1248 2093 euntibus,
1278 2044 1355 2084 sed
1377 2044 1421 2083 in
1440 2043 1496 2083 iis
1516 2043 1682 2084 haeren-

238 2109 368 2150 tibus.
428 2109 584 2164 Neque
615 2111 728 2151 enim
762 2110 859 2151 Caii
897 2111 1088 2152 Caesaris
1110 2110 1463 2163 praestantissimi
1494 2110 1681 2162 impera—

239 2177 344 2216 toris
364 2175 613 2228 dignitatem
633 2178 893 2228 minuerunt,
919 2178 989 2219 vel
1017 2179 1102 2219 vim
1122 2178 1340 2230 fregerunt
1367 2176 1472 2216 editi
1494 2176 1546 2215 de
1578 2188 1680 2215 ana-

239 2241 358 2293 logia
383 2242 496 2282 libri.
554 2242 677 2284 Viris
710 2244 991 2297 principibus,
1028 2256 1112 2284 non
1148 2245 1318 2286 minora
1345 2243 1572 2291 didicisse,
1601 2242 1678 2282 sed

239 2308 409 2360 majora
440 2309 709 2361 neglexisse,
744 2309 953 2362 flagitium
987 2315 1070 2350 est.
1128 2310 1197 2350 Tu
1231 2311 1375 2362 igitur,
1411 2308 1678 2349 DELPfflNE

241 2374 543 2415 SERENJser
556 2387 595 2425 E,
617 2377 692 2429 qui
722 2377 942 2417 maximas
971 2377 1117 2417 animo
1151 2376 1412 2429 disciplinas
1445 2376 1679 2427 amplexus

240 2453 301 2488 es,
324 2454 376 2482 ne
397 2454 528 2494 quam
548 2443 720 2483 laudem
738 2443 806 2484 vel
823 2443 1074 2483 Caesaribus
1090 2443 1203 2496 ipsis
1225 2442 1453 2496 reliquisse
1471 2440 1678 2489 videaris,

239 2511 361 2548 utere
383 2507 515 2549 Festo
539 2509 773 2562 Pompeio,
793 2523 884 2559 seu,
906 2514 957 2550 ut
978 2510 1124 2550 verius
1145 2509 1304 2558 dicam,
1321 2508 1473 2548 Verrio
1496 2507 1677 2547 Flacco„

242 2573 373 2614 Illum
387 2574 488 2615 olim
510 2574 737 2627 Augustus
762 2576 1001 2629 nepotibus
1023 2577 1117 2616 suis
1139 2580 1455 2629 praeceptorem
1473 2574 1619 2626 elegit,
1635 2580 1679 2614 et

243 2640 361 2681 illum
383 2641 510 2682 hodie
532 2642 849 2696 sapientissimi
865 2642 1050 2685 Lodoici
1071 2642 1221 2696 Magni
1249 2643 1379 2697 jussu
1398 2641 1477 2682 tibi
1501 2645 1545 2683 et
1564 2642 1677 2682 notis
