1835 2906
354 175 414 204 DE
448 173 719 204 VERBORUM
753 172 1161 203 SlGNlFlCATlONE
1196 173 1289 205 LlB.
1322 173 1394 203 111.

1511 164 1592 204 169

153 266 462 321 Cognomines¹
486 269 705 320 dicuntur,
725 270 801 323 qui
819 268 1013 322 ejusdem
1035 270 1136 309 sunt
1152 267 1350 308 nominis.

154 335 322 376 Cohum
337 340 362 357 ¹¹¹
389 337 542 386 lorum,
565 351 654 390 quo
676 342 788 378 temo
809 338 928 377 buris
948 350 1048 378 cum
1064 335 1174 389 jugo
1193 335 1448 388 conligatur,
1472 348 1499 375 a
1520 348 1594 375 co-

207 402 402 444 hibendo
425 404 605 446 dictum.
647 404 812 446 Cohum
829 403 974 458 politae
992 405 1154 446 coelum
1169 403 1373 444 dixerunt
1394 417 1420 445 a
1434 404 1568 444 chaos
1585 417 1593 443 :

210 483 268 510 ex
288 484 376 524 quo
400 473 619 524 putabant
639 471 799 512 coelum
822 485 921 512 esse
942 472 1190 513 formatum.

155 536 432 592 Coinquire‚¹³
462 539 718 593 deputare.¹⁵

761 655 993 670 eoueeeeeeaeo

201 747 238 774 15
263 745 464 786 Suspicatur
480 745 645 787 Scaliger,
665 746 865 787 Conquinz're,
881 745 1039 777 decubare.

808 855 949 887 NOTAE

150 911 270 951 judice
288 917 343 957 qui
360 927 478 948 causas
496 917 601 952 audit.
622 919 704 950 Duc.

197 966 204 987 ¹
233 968 453 1008 Cognomines]
477 969 591 1000 Plaut.
608 970 770 1001 Bacchid.
785 979 811 1001 1.
826 973 855 1001 1.

157 1017 166 1033 ‘
185 1016 276 1049 Quid
305 1023 410 1058 agunt
440 1018 516 1049 duae
547 1029 714 1058 germanae
745 1030 853 1051 mere-

158 1067 261 1098 trices
278 1069 493 1107 cognomines
508 1068 530 1099 ?’
553 1071 598 1102 Et
614 1071 644 1101 in
658 1072 853 1111 Fragment.

154 1119 163 1134 ‘
184 1117 249 1148 Illa
264 1119 330 1148 mei
353 1120 561 1158 cognominis
584 1120 672 1152 fuit:
716 1123 855 1154 Certum

159 1172 211 1199 est
236 1168 305 1209 legi
333 1169 479 1201 debere:
515 1171 576 1202 Illa
601 1173 644 1203 mi
668 1174 858 1213 cognominis

149 1218 239 1255 suit:
262 1219 305 1249 mi
322 1228 382 1259 pro
397 1220 486 1251 mihi.
510 1220 619 1252 Idem.

202 1274 225 1289 ¹¹¹
250 1268 383 1308 Cohum]
407 1271 516 1301 Varro
543 1271 666 1305 lib.1v.
694 1272 737 1303 de
759 1273 856 1313 Ling.

161 1319 235 1350 Lat.
257 1321 267 1336 ⁴
285 1319 429 1361 Cavum,
459 1331 478 1351 a
501 1331 598 1362 cavo,
623 1323 771 1363 coelum,'
793 1327 858 1356 ἃς.

161 1371 235 1401 Ful.
256 1371 364 1402 Ursin-

195 1421 455 1464 Cohum‚coelum]
472 1423 610 1460 Ennius,
628 1428 664 1455 ut
681 1425 809 1467 notavi,
826 1425 859 1456 in

161 1473 304 1513 quadam
337 1474 445 1504 veteri
477 1474 688 1506 membrana:
723 1477 733 1493 ‘
760 1476 860 1517 pilam

164 1522 219 1552 vix
232 1523 288 1554 Sol
299 1523 462 1555 mediam:
477 1526 648 1565 complere
657 1526 775 1557 collum
793 1531 860 1558 ter-

163 1572 290 1604 roribu'
306 1574 405 1605 coeli.’
448 1575 503 1606 De
528 1575 592 1606 boc
619 1577 715 1617 plura
734 1576 811 1608 vide
828 1577 861 1608 iu

165 1623 412 1663 Conjectaneis.
436 1625 505 1656 Jos.
521 1625 606 1656 Scal.

211 1675 343 1715 Cohum]
369 1675 453 1706 Cum
472 1676 578 1706 lorum
596 1675 777 1716 significat,
799 1686 866 1717 quo

165 1728 256 1755 temo
293 1726 397 1756 aratri
437 1735 514 1755 cum
548 1726 635 1766 jugo
670 1725 864 1767 colligatur,

166 1776 261 1816 quasi
276 1775 414 1806 cambum
430 1775 566 1806 dicitur.
605 1776 689 1807 Cum
707 1785 786 1807 vero
804 1786 865 1817 pro

165 1827 239 1856 coelo
257 1827 412 1866 sumitur,
431 1832 483 1857 est
500 1836 519 1857 a
533 1826 657 1858 Graeco
678 1826 762 1868 κόος,
785 1829 794 1845 ‘
810 1838 865 1860 ca-

170 1876 279 1917 vitas,'
305 1887 373 1909 non
392 1887 472 1908 vero
499 1887 518 1908 a
538 1878 547 1895 ‘
561 1877 685 1917 chaos‚'
710 1885 746 1909 ut
766 1884 865 1919 putat

167 1927 300 1958 Festus.
362 1927 509 1959 Ennius:
553 1930 562 1945 ‘
589 1928 688 1968 pilam
721 1928 777 1959 vix
805 1930 864 1960 Sol

168 1977 333 2008 mediam:
352 1978 524 2019 complere
539 1978 659 2009 cobum
680 1979 865 2010 terroribu'

168 2028 269 2061 coeli.'
318 2031 435 2060 Coelum
450 2036 563 2061 autem
590 2040 653 2062 non
677 2041 697 2061 a
719 2031 805 2071 chao,
829 2036 866 2063 ut

169 2080 302 2115 Festus,
328 2081 379 2111 vel
405 2090 425 2111 a
449 2091 538 2116 cavo,
561 2081 649 2122 quod
672 2091 690 2111 a
716 2082 803 2121 chao,
828 2087 867 2114 ut

169 2130 301 2169 Varro;
325 2130 383 2161 sed
402 2141 419 2161 a
435 2132 556 2167 κοῖλον,
582 2131 670 2170 quod
700 2132 789 2162 idem
814 2137 868 2164 est

170 2190 208 2211 ac
224 2179 304 2211 κύον.
353 2181 450 2212 Unde
467 2187 502 2212 et
518 2182 628 2212 coitum
652 2182 741 2222 apud
766 2182 868 2213 Vete-

172 2239 236 2262 res.
298 2231 444 2263 Ennius:
482 2233 651 2263 ‘Tollitur
682 2233 714 2263 in
746 2234 869 2265 coilum

172 2280 299 2311 clamos
315 2287 456 2312 exortus
472 2282 663 2324 utrimque.’

214 2335 229 2350 ¹¹
255 2330 438 2371 Coinquire]
461 2332 634 2372 Suspicor,
664 2333 870 2373 Conquinire,

173 2380 332 2411 decubare.
376 2380 407 2411 A
422 2391 487 2421 quo
510 2382 717 2422 conquinisce.
764 2385 814 2414 De
832 2394 871 2415 eo

175 2429 251 2460 vide
280 2430 369 2470 apud
403 2431 560 2462 Nonium.
621 2433 871 2474 Conquinixere,

175 2485 230 2510 est
254 2489 414 2511 cernuum
433 2489 468 2511 se
492 2479 682 2522 inflectere,
700 2484 752 2513 vel
777 2484 871 2515 incli-

175 2540 276 2562 nare:
312 2535 350 2561 ut
388 2530 518 2562 faciunt
547 2534 765 2564 exoneraturi
793 2543 871 2565 ven-

178 2589 276 2613 trem.
301 2583 511 2623 Pomponius
530 2582 784 2615 Atellanarius:
810 2586 874 2616 ‘si-

178 2635 246 2663 mul
277 2633 366 2664 intro
398 2634 485 2671 veni,
505 2634 633 2664 accessi
659 2634 702 2664 ad
729 2640 874 2676 patrem,

178 2684 297 2723 prendi
322 2694 472 2724 manum,
488 2684 526 2715 In
550 2690 642 2716 terra
669 2691 705 2717 ut
729 2687 876 2719 cubabat

179 2734 291 2766 nuda:
318 2735 359 2765 ad
377 2745 453 2767 eum
480 2741 517 2767 ut
541 2737 720 2778 conquexi,
740 2737 875 2770 interim

908 919 1072 950 Mulieres
1101 917 1337 959 conspiciunt.'
1391 918 1468 950 Hoc
1498 918 1602 950 etiarn

907 970 1053 1000 Veteres
1071 970 1253 1000 ‘cernuare
1268 968 1275 980 ’
1293 969 1466 1000 dicebant.
1490 970 1604 1002 Quan-

909 1029 1008 1059 quam
1025 1026 1060 1050 et
1083 1020 1268 1051 ‘cernuare
1286 1019 1293 1031 '
1324 1019 1426 1051 etiam
1453 1019 1522 1050 ἀντὶ
1547 1020 1605 1050 τοῦ

909 1067 1111 1108 ἀσκωλιάζειν
1141 1070 1371 1108 accipiebant.
1413 1070 1521 1100 Varro
1548 1069 1608 1100 lib.

912 1129 936 1150 ι.
954 1119 996 1150 de
1020 1120 1088 1151 vita
1106 1120 1169 1151 Po.
1184 1120 1247 1150 Ro.
1270 1121 1278 1136 ‘
1297 1120 1406 1150 Etiam
1425 1120 1531 1158 pelles
1548 1120 1607 1150 bu-

912 1170 1008 1201 bulas
1038 1171 1115 1201 oleo
1153 1169 1308 1210 perfusas
1349 1169 1607 1210 percurrebant,

912 1221 1024 1264 ibique
1042 1220 1274 1253 cernuabaut!
1320 1220 1349 1251 A
1374 1230 1440 1262 quo
1464 1221 1520 1251 ille
1538 1231 1609 1252 ver-

912 1282 966 1303 sus
989 1277 1087 1303 vetus
1112 1277 1164 1303 est
1191 1272 1225 1302 in
1251 1272 1487 1303 Carminibus:
1515 1272 1608 1303 ‘Sibi

914 1326 1068 1361 pastores
1083 1322 1179 1353 ludos
1194 1321 1327 1353 faciunt
1349 1322 1448 1353 coriis
1466 1331 1610 1353 cernua-

913 1372 980 1405 lia.'
1027 1373 1093 1404 Hic
1117 1373 1213 1405 ludus
1237 1371 1379 1404 ἆσκωλῖα
1395 1372 1609 1404 vocabatur:

914 1424 956 1455 de
973 1434 1038 1465 quo
1059 1424 1235 1465 Virgilius,
1250 1424 1259 1440 ‘
1272 1428 1391 1455 unctos
1415 1423 1536 1454 saliere
1553 1433 1613 1464 per

914 1474 1030 1508 utres.'
1076 1476 1162 1508 Nam
1187 1475 1354 1507 cadebant
1378 1475 1474 1515 proni
1500 1475 1535 1506 in
1562 1484 1612 1506 ar-

914 1536 998 1558 mos.
1053 1526 1163 1567 quue
1190 1525 1391 1557 ‘cernuare’
1431 1525 1613 1556 vocabant.

914 1576 1021 1607 Erant
1043 1582 1079 1607 et
1097 1575 1221 1607 Cernui
1239 1575 1332 1616 ludii,
1349 1574 1547 1615 κυβιστηταὶ,
1571 1574 1614 1605 de

915 1627 1038 1667 quibus
1059 1627 1090 1657 in
1110 1626 1352 1667 Conjectaneis
1365 1626 1524 1657 diximus.
1569 1626 1616 1656 Et

917 1677 958 1707 ab
973 1687 1012 1707 eo
1030 1677 1240 1717 petauristae‚
1255 1677 1316 1707 hoc
1330 1681 1396 1715 est,
1412 1675 1615 1715 funambuli,

917 1726 1120 1757 dicebantur
1143 1726 1273 1758 cernui.
1318 1726 1473 1757 Glossae:
1509 1727 1517 1743 ‘
1533 1726 1614 1757 Cer-

916 1779 1040 1819 nulat‚.
1061 1778 1233 1820 »cufim-714⁸?
1289 1778 1420 1810 Seneca
1461 1777 1616 1818 Epistola

917 1838 1000 1860 νιιι.
1015 1835 1053 1860 ut
1074 1835 1127 1860 est
1143 1828 1415 1859 animadversum
1440 1838 1459 1859 a
1486 1828 1532 1859 N.
1556 1829 1618 1859 Fa-

921 1879 980 1910 bro
999 1889 1041 1910 ex
1060 1879 1230 1910 veteribus
1248 1879 1362 1910 libris:
1387 1878 1487 1910 ‘Non
1513 1879 1619 1910 vertit

919 1929 1069 1968 fortuna,
1109 1929 1168 1960 sed
1204 1929 1369 1967 cernulat,
1407 1933 1442 1960 et
1482 1928 1618 1961 allidit.’

922 1981 931 1998 ‘
944 1982 1122 2020 Geminius,
1138 1979 1370 2021 πεταυριστής.’
1396 1981 1405 1997 ‘
1421 1980 1621 2019 cernuam,

919 2031 1159 2072 πεπεταύρισται
1175 2031 1196 2062 :’
1221 2032 1318 2071 male,
1347 2031 1489 2062 Cernuit.
1521 2031 1621 2062 Luci-

921 2082 1007 2112 lius:
1032 2083 1041 2099 ‘
1056 2082 1160 2113 Modo
1179 2091 1322 2116 sursum,
1335 2080 1434 2112 modo
1451 2081 1620 2120 deorsum,

924 2137 1081 2175 tanquam
1098 2133 1203 2164 collus
1216 2131 1353 2163 cernui!
1400 2131 1477 2163 Hoc
1493 2135 1545 2162 est
1561 2141 1620 2172 pe-

924 2184 1091 2214 tauristae.
1137 2183 1259 2214 Evenit
1273 2183 1359 2213 enim
1377 2182 1425 2212 illi
1443 2191 1532 2212 nunc
1549 2192 1621 2212 sur-

924 2243 1008 2273 sum,
1025 2244 1114 2265 nunc
1141 2233 1298 2264 deorsum
1316 2233 1437 2265 collum
1461 2232 1623 2272 pendere,

925 2289 1027 2324 prout
1043 2288 1101 2315 aut
1124 2293 1160 2314 se
1178 2283 1334 2314 deorsum
1357 2282 1486 2323 dejicit,
1503 2286 1562 2313 aut
1588 2282 1622 2312 in

926 2335 1031 2365 altum
1048 2334 1197 2373 subjicit.
1220 2334 1289 2364 Jos.
1306 2332 1390 2364 Scal.

971 2385 1150 2424 Coinquz're,
1179 2381 1340 2422 deputare]
1380 2382 1482 2413 Hunc
1511 2383 1623 2413 locum

927 2435 976 2465 sic
998 2435 1083 2474 legit
1110 2433 1291 2473 Scaliger:
1315 2433 1505 2472 conquiuire,
1533 2434 1624 2464 decu-

926 2485 998 2516 bare
1010 2495 1020 2514 :
1044 2495 1063 2515 a
1082 2489 1089 2501 ‘
1109 2483 1305 2524 conquinire
1317 2482 1325 2496 ’
1341 2488 1395 2514 est
1412 2488 1419 2500 ¹
1434 2483 1624 2524 conquinis-

926 2534 1027 2574 cere‚’
1043 2534 1132 2575 quod
1146 2539 1198 2565 est
1213 2543 1372 2565 cernuum
1387 2543 1422 2564 se
1440 2533 1625 2568 inflectere,

930 2586 982 2616 vel
1000 2585 1172 2619 inclinare,
1192 2589 1228 2615 ut
1254 2583 1384 2616 faciunt
1411 2584 1627 2615 exoneratur}

933 2640 1098 2665 ventrem.
1143 2634 1352 2675 Pomponius
1376 2633 1627 2665 Atellanarius:

931 2685 1055 2715 ‘Simul
1072 2685 1162 2716 intro
1176 2685 1265 2722 veni,
1281 2684 1410 2715 accessi
1424 2684 1464 2714 ad
1483 2689 1627 2724 patrem,

932 2735 1053 2776 prendi
1076 2735 1278 2776 manum,1n
1295 2739 1388 2766 terra
1412 2739 1449 2765 ut
1475 2733 1624 2765 cubabat
