1835 2906
359 139 420 169 DE
453 138 723 169 VERRORUM
758 138 1161 169 SIGNIFICA'I'IONE
1198 141 1290 172 Llss.
1327 141 1396 171 ul.

146 232 455 286 Compluriens
473 239 489 254 ¹¹
521 246 547 273 a
567 233 863 286 compluribus
883 232 1098 284 significat
1120 245 1255 286 saepe.

1513 132 1595 173 175

1316 234 1445 275 Cato:
1479 234 1594 275 Con—

200 294 403 340 tumelias
418 300 522 340 mihi
548 301 703 340 dixisti
725 299 1035 352 compluriens.

145 366 429 419 Compraedes
447 372 461 388 ⁰
492 367 686 421 ejusdem
707 368 769 408 rei
789 366 954 420 populo
975 379 1227 420 sponsores.

144 432 394 486 Comptus,p
424 434 468 475 id
500 439 581 485 est,
614 441 809 483 ornatus,
832 446 858 474 a
879 433 1038 475 Graeco
1070 434 1310 483 descendit,
1339 435 1456 488 apud
1480 449 1592 490 quos

200 501 349 552 κοσμεῖν
370 501 527 543 dicitur
549 515 733 550 comere,
754 506 797 542 et
820 499 984 553 κόσμιος,
1008 501 1154 555 quod³
1188 502 1307 555 apud
1325 515 1408 543 nos
1430 504 1592 545 comis:

197 572 242 608 et
263 580 405 610 comae
426 569 628 610 dicuntur
648 568 799 621 capilli
821 581 923 609 cum
947 569 1099 622 aliqua
1121 582 1224 610 cura
1240 570 1490 623 compositi.

141 633 472 686 Conauditum,q
501 636 778 688 coauditum3
809 637 921 677 sicut
941 641 1347 689 conangustatum4
1376 636 1549 678 dicitur.

141 701 428 756 Conceptivae
464 703 613 744 feriaer
641 703 753 744 festa
784 703 1054 754 dicebantur,
1087 717 1186 758 quae
1218 705 1395 745 incertis
1432 704 1591 745 diebus

197 770 481 811 servabantur
502 771 746 823 quotanniS‚
766 774 813 811 ut
832 772 1116 820 sementinae‚⁵
1149 771 1476 825 compitaliciae.

141 834 494 878 Conciliabulum
508 842 519 858 ⁵
549 838 707 879 dicitur
726 838 870 888 locus,
892 838 965 879 ubi
987 839 1028 879 in
1047 839 1282 880 concilium
1301 839 1572 880 convenitur.

742 968 861 980 orme

864 967 984 980 Mene

183 1045 201 1072 3
228 1043 294 1074 Pro
311 1044 390 1083 quod
405 1044 460 1075 alii
476 1045 606 1085 qui.—4
631 1045 699 1076 Alii
716 1047 1005 1086 conagulatum.—5
1031 1046 1177 1079 Quidam
1194 1046 1380 1077 sementivae.

789 1153 928 1185 NOTAE

137 1225 199 1255 viae
221 1229 417 1265 competunt
448 1231 518 1258 tum
545 1227 577 1258 in
605 1227 761 1268 compitis
784 1238 834 1259 sa-

134 1273 328 1305 crificatur:
347 1277 525 1316 quotannis
542 1277 568 1307 is
586 1277 658 1308 dies
681 1279 833 1318 concipi-

136 1325 214 1356 tur.¹
246 1326 469 1367 Glossarium,
489 1328 498 1344 ‘
513 1329 731 1369 Compitalia,
748 1332 833 1361 Θεῶν

135 1375 281 1414 ἀγυιαίων
297 1376 399 1417 ἑορταὶ
415 1378 447 1408 αἱ
460 1379 617 1417 ’γινόμεναι
628 1380 661 1409 ἐν
673 1381 742 1411 ταῖς
752 1381 832 1412 ὁδοῖς

134 1425 191 1456 ὑπὸ
205 1428 269 1457 τῶν
279 1428 500 1468 προσηκόντων
513 1431 579 1461 τοῖς
595 1430 736 1470 νεκροῖς.’
767 1432 830 1463 Le-

134 1477 183 1515 git
199 1477 328 1517 optime
346 1479 542 1515 Vulcanius,
559 1481 592 1510 ἐν
606 1482 675 1512 ταῖς
689 1481 828 1521 τριόδοις.

132 1530 142 1543 ‘
153 1527 366 1568 Compitalia,
383 1530 534 1561 Deorum
547 1532 674 1562 viarum
692 1531 781 1563 festa
796 1534 829 1563 in

133 1577 238 1608 triviis
269 1579 436 1610 celebrari
466 1580 566 1612 solita
604 1582 646 1612 ab
677 1581 831 1614 affinibus

132 1628 368 1659 mortuorum!
400 1629 485 1660 Inde
514 1631 621 1661 Lares
637 1632 732 1662 viales
747 1633 830 1664 dicti

132 1686 198 1707 non
212 1679 314 1709 semel
339 1679 428 1719 apud
444 1680 612 1712 Servium.
651 1681 737 1712 Vide
755 1683 830 1712 Ma—

132 1726 226 1758 crob.
247 1727 306 1758 ub.
330 1737 355 1759 1.
374 1728 445 1759 Sat.
473 1739 549 1769 cap.
574 1732 606 1760 7.
629 1734 663 1760 et
686 1731 831 1771 Dionys.

134 1776 286 1809 Halicar.
313 1779 370 1810 lib.
398 1788 448 1811 lv,
480 1779 572 1810 Plin.
607 1779 666 1812 lib.
698 1789 830 1814 xxva

134 1837 162 1858 c.
179 1831 233 1858 27.
264 1828 295 1859 Α
312 1830 496 1870 Tarquinio
515 1830 633 1862 Prisco
665 1832 828 1872 originem

134 1877 273 1910 duxere.
297 1879 380 1910 Dae.

173 1933 188 1947 ¹¹
215 1929 444 1969 compluriens]
466 1930 514 1961 Ut
535 1930 544 1946 ‘
561 1931 716 1970 quotiens
730 1931 739 1945 '
765 1941 828 1972 pro

129 1978 138 1995 ⁶
156 1978 312 2020 quoties}
333 1980 384 2011 &c
408 1979 450 2011 de
473 1989 540 2021 quo
565 1980 646 2012 alibi
671 1981 827 2014 diximus.

130 2029 229 2059 Idem.

174 2084 188 2098 ⁰
213 2079 421 2119 Compi-aedes]
446 2080 537 2111 Praes
559 2080 587 2111 is
611 2085 664 2112 est
688 2080 743 2120 qui
766 2090 825 2121 po-

131 2129 208 2168 pulo
224 2138 259 2160 se
275 2130 405 2170 obligat
422 2134 457 2161 et
481 2130 625 2170 spondet
651 2140 685 2161 se
701 2130 826 2172 aliquid

132 2188 193 2218 pro
210 2179 318 2210 altero
341 2180 585 2220 praestiturum,
602 2181 634 2211 ni
651 2181 723 2222 ipse
739 2182 828 2212 alter

132 2235 272 2269 praestet
285 2243 294 2270 ;
309 2241 454 2271 comproes
466 2231 521 2272 qui
532 2232 739 2272 conjunctim
750 2241 827 2263 cum

131 2280 237 2310 altero
248 2282 372 2320 populo
385 2290 420 2312 se
432 2281 571 2322 obligat.
588 2281 675 2313 Vide
691 2282 700 2298 ‘
712 2281 825 2322 praesss

133 2330 230 2360 Idem.

175 2385 190 2405 Ρ
210 2379 371 2420 Comptus]
388 2380 419 2411 A
431 2390 557 2421 comere,
571 2382 659 2422 quod
673 2392 691 2412 a
703 2382 825 2414 Graeco

133 2430 270 2469 κοσμεῖν,
287 2429 374 2461 unde
390 2440 474 2462 coma
488 2431 579 2470 κόμη,
601 2432 697 2471 quasi
713 2431 826 2472 κόσμη,

133 2480 210 2521 quia
226 2489 322 2512 coma
337 2480 529 2510 animalium
554 2484 588 2511 et
604 2481 757 2512 arborum
774 2487 828 2513 est

133 2528 377 2561 ornamentum.
432 2529 502 2560 Sed
532 2529 566 2560 in
592 2530 696 2561 hocce
733 2531 827 2562 Festi

132 2581 206 2611 loco
232 2579 360 2621 aliquid
389 2579 560 2610 turbatum
585 2579 689 2611 fuisse
712 2581 827 2612 existi-

133 2640 198 2665 mo,
217 2634 252 2660 et
268 2630 332 2661 huc
349 2630 520 2670 pertinere
535 2630 622 2671 quod
640 2630 729 2661 infra
744 2631 826 2672 legi-

135 2685 189 2711 tur
211 2680 245 2710 in
267 2680 412 2711 cortitum.
460 2680 636 2712 ‘Conitum
664 2679 825 2712 Afranius

890 1238 951 1269 pro
968 1233 1090 1260 ornatu
1108 1236 1144 1260 et
1164 1229 1302 1260 excultu
1319 1228 1455 1268 posuit.'
1502 1229 1588 1262 Quae

887 1278 1069 1309 manifesto
1095 1278 1172 1309 hinc
1197 1280 1332 1317 avulsa3
1356 1279 1536 1319 legendum
1554 1290 1588 1311 e*

887 1329 954 1360 nim
971 1332 1103 1360 comtum
1118 1328 1284 1367 Afranius,
1301 1330 1352 1369 &a
1378 1330 1424 1360 Et
1440 1329 1488 1360 ita
1498 1329 1588 1371 apud

888 1378 1136 1410 Grammaticos
1155 1380 1294 1411 citatur.
1319 1381 1416 1412 Idem.

930 1435 944 1455 ¹¹
972 1429 1195 1469 Conazcditum]
1221 1430 1406 1461 Coaudz'cum
1423 1430 1513 1471 quod
1531 1440 1589 1461 un-

887 1479 1057 1521 diquaque
1083 1481 1233 1511 auditum
1259 1485 1324 1511 est.
1370 1481 1414 1511 Et
1438 1491 1587 1520 coangus-

886 1534 987 1561 tatum
1015 1531 1104 1571 quod
1142 1530 1360 1571 undiquaque
1392 1536 1584 1571 angustum.

886 1581 984 1612 Idem.

928 1636 939 1651 ¹
965 1632 1280 1672 Conceptz'voeferice]
1306 1632 1457 1664 Quarum
1473 1631 1585 1662 incer-

885 1686 939 1711 tus
957 1681 1041 1721 dies,
1057 1687 1092 1712 et
1109 1692 1192 1722 quas
1211 1685 1337 1721 praetor
1353 1681 1456 1711 certis
1473 1681 1584 1712 verbis

886 1731 1115 1771 concipiebat,
1127 1737 1162 1762 et
1175 1732 1268 1763 curio
1282 1731 1468 1762 indicebat.
1480 1731 1584 1763 Ovid.

886 1791 927 1812 11.
945 1782 1038 1813 Fast.
1061 1783 1070 1798 ‘
1085 1782 1188 1813 Curio
1211 1781 1374 1821 legitimis
1394 1791 1483 1812 nunc
1500 1782 1583 1812 For-

885 1832 1016 1863 nacalia
1041 1832 1153 1863 verbis
1175 1832 1346 1862 Maximus
1370 1830 1504 1869 indicit,
1518 1840 1582 1862 nec

884 1886 976 1912 stata
993 1891 1088 1912 sacra
1103 1880 1211 1912 facit.’
1255 1880 1408 1921 Ideoque
1425 1880 1584 1911 indictitia

882 1930 969 1962 festa
987 1932 1087 1962 etiam
1102 1931 1216 1962 dicta:
1240 1936 1250 1949 ‘
1263 1935 1447 1971 conceptas
1460 1929 1582 1962 ferias'

882 1985 981 2013 vocat
996 1982 1119 2013 Varro.
1157 1981 1270 2022 Vulgo
1295 1981 1303 1997 ‘
1317 1980 1406 2012 festa
1421 1980 1582 2012 mobilia.’

882 2031 981 2062 Idem.

924 2085 935 2100 ⁵
960 2081 1220 2121 Conciliabulum]
1245 2081 1354 2112 Locus
1369 2080 1403 2111 in
1420 2080 1507 2120 agris
1522 2084 1581 2112 aut

881 2131 977 2171 vicis,
1007 2132 1051 2163 ad
1093 2142 1193 2173 quem
1232 2132 1351 2162 rustici
1384 2129 1580 2171 frequentes

882 2181 1015 2212 emendi
1044 2186 1079 2213 et
1103 2180 1274 2212 vendendi
1299 2189 1401 2211 causa
1420 2180 1578 2211 conveni-

881 2231 998 2271 ebant,
1021 2232 1125 2263 certis
1149 2231 1373 2261 nundinarum
1397 2229 1528 2271 diebus,
1560 2240 1580 2261 a

881 2281 986 2312 verbo
998 2281 1172 2317 conciliare,
1189 2289 1314 2311 emere.
1359 2280 1480 2310 Festus
1498 2288 1579 2310 vero

882 2342 902 2362 a
915 2332 1077 2362 concilium
1093 2330 1247 2368 deducit,
1263 2329 1319 2360 ubi
1337 2338 1398 2370 per
1417 2329 1579 2361 concilium

881 2382 1161 2413 convocationem
1179 2379 1354 2420 intelligit,
1367 2379 1462 2420 quasi
1475 2390 1580 2411 conca-

882 2432 967 2466 lz'um,
985 2431 1074 2473 quod
1092 2432 1206 2471 plures
1224 2430 1257 2460 in
1274 2439 1376 2461 unum
1390 2429 1526 2469 coeant,
1542 2436 1578 2462 et

882 2485 1124 2513 convocentur.
1187 2480 1296 2511 Immo
1340 2484 1376 2511 et
1414 2481 1577 2512 concilium

882 2532 1040 2563 nundinae
1065 2532 1166 2562 etiam
1189 2531 1400 2563 dicebantur.
1445 2532 1576 2572 Eugra-

881 2581 978 2621 phius
995 2581 1084 2621 apud
1101 2582 1237 2613 Terent.
1284 2581 1293 2598 ‘
1307 2581 1398 2612 Male
1416 2582 1575 2612 concilia-

882 2636 927 2671 te,
964 2632 1052 2662 male
1090 2635 1216 2672 empte.
1269 2631 1358 2663 Nam
1396 2631 1574 2664 concilium

881 2681 1046 2713 nundinas
1063 2681 1229 2714 dicimus!
1256 2681 1350 2713 Idem.
