1835 2906
212 103 296 144 304

652 115 799 146 SEXTI
835 117 1034 147 POMPEll
1071 119 1207 150 FESTI

214 209 375 257 Here‚¹’
403 209 448 250 id
481 214 562 261 est,
605 210 860 253 adverbium
891 214 1103 267 temporis
1132 214 1237 264 heri,
1261 214 1424 257 dictum
1448 230 1474 258 a
1495 217 1654 260 Graeco

270 275 386 331 ἐχθές.

212 344 489 395 Heredium,c
512 346 725 400 praedium
748 347 992 402 parvulum.

213 411 409 452 Heremd
433 413 644 455 Marteam
661 415 830 468 antiqui
852 419 1036 469 accepta
1056 415 1299 457 hereditate
1318 417 1533 467 colebant,
1550 432 1652 473 quae

267 491 294 519 a
322 481 497 522 nomine
530 483 839 536 appellabatur
860 483 1082 533 heredum,
1105 486 1146 523 et
1181 496 1278 524 esse
1312 496 1400 525 una
1420 497 1477 525 ex
1500 485 1655 527 Martis

269 547 504 588 comitibus
523 550 772 602 putabatur.

862 658 891 689 N
899 656 1005 688 OTAE

210 741 276 771 quo
293 741 379 762 anno
395 733 485 763 nulla
511 732 575 764 fuit
599 735 677 765 solis
700 736 906 772 obscuratio.

209 781 334 812 Melius
372 782 509 812 Servius
539 782 580 813 ad
609 784 690 814 illud
720 795 745 817 ι.
776 788 906 822 AEneid.

209 836 216 847 ‘
235 831 363 862 Docuit
379 841 453 872 quae
477 832 642 864 maximus
658 834 781 875 Atlas,‘
818 838 826 854 ‘
840 838 906 870 Hic

210 881 331 920 Atlas‚’
355 882 478 922 inquit,
499 883 508 899 ‘
522 883 633 923 Iapeti
654 884 742 917 filius
760 888 793 918 in
811 888 903 920 Afri-

207 941 248 961 ca
264 937 364 962 natus
380 931 518 963 dicitur.
566 934 643 969 Hic,
666 937 754 976 quod
779 948 903 971 anuum

207 982 240 1012 in
266 986 420 1021 tempora
445 981 611 1022 diviserit,
625 991 659 1016 et
677 986 804 1026 primus
823 990 904 1020 stel-

206 1032 313 1062 larum
328 1041 456 1072 versus,
470 1033 523 1064 vel
538 1034 737 1068 circulorum
752 1039 803 1069 vel
817 1041 904 1072 side-

208 1091 281 1111 rum
306 1083 481 1114 transitum
517 1090 723 1127 naturasque
750 1089 904 1131 descrip-

207 1132 263 1170 sit,
277 1133 396 1164 coelum
414 1133 527 1165 dictus
543 1141 595 1167 est
621 1139 801 1176 sustinere,
825 1142 906 1181 quia

205 1188 364 1222 nepotem
387 1193 481 1215 suum
500 1185 707 1218 Mercurium
722 1194 754 1220 et
772 1190 906 1222 Hercu·

205 1233 272 1264 lem
289 1233 445 1265 docuisse
462 1235 596 1271 dicitur,
616 1238 704 1268 unde
722 1244 757 1270 et
774 1240 906 1272 Hercu-

204 1283 252 1313 les
266 1283 386 1314 coelum
405 1283 446 1314 ab
463 1285 604 1317 Atlante
621 1293 815 1328 susceptum
833 1300 903 1321 sus-

206 1334 347 1365 tinuisse
368 1341 526 1366 narratur
545 1343 687 1377 propter
704 1340 779 1370 coeli
795 1340 905 1371 scien-

205 1384 286 1416 tiam
310 1385 482 1417 traditam.
530 1387 675 1419 Constat
699 1389 787 1421 enim
815 1390 903 1422 Her-

204 1435 315 1465 culem
342 1436 584 1477 Philosophum
609 1437 741 1470 fuisse.’
787 1439 903 1472 Atlan-

203 1489 274 1515 tem
299 1495 372 1516 esse
401 1487 587 1526 Enochum,
615 1489 669 1529 qui
697 1488 903 1532 Astrologiae

202 1535 360 1566 inventor
376 1535 454 1575 fuit,
467 1536 573 1568 refert
591 1538 716 1569 Euseb.
734 1549 776 1570 ex
790 1542 904 1582 Eupo-

203 1587 290 1617 lemo
307 1586 349 1617 de
365 1587 509 1626 Judaeis,
527 1588 583 1619 ubi
601 1589 658 1624 ait,
676 1589 903 1623 Abrahamum

202 1636 431 1676 Astrologiam
453 1643 487 1668 et
512 1639 593 1669 alias
612 1639 772 1671 scientias
789 1641 904 1673 Helio-

204 1686 462 1726 polidocentem
484 1687 668 1719 affirmasse
694 1689 903 1731 Babylonios

204 1736 264 1773 τὴν
280 1736 400 1775 εὕρεσιν
420 1737 521 1768 αὐτῶν
537 1737 578 1769 εἷς
600 1738 702 1778 Ἐνὼχ
716 1740 903 1779 ἀναπέμπειν

203 1785 253 1816 καὶ
274 1787 387 1818 τοῦτον
402 1787 558 1827 εὑρηκέναι
573 1790 693 1828 πρῶτον
703 1790 762 1827 τὴν
778 1791 902 1831 Ἀστρο-

202 1835 325 1875 λογίαν.
364 1838 384 1867 i.
416 1839 424 1854 ‘
440 1839 564 1868 Earum
600 1839 827 1872 inventionem
860 1844 902 1873 E-

203 1887 309 1917 nocho
327 1886 489 1923 tribuere,
513 1897 656 1928 eumque
675 1889 901 1931 Astrologiam

203 1936 346 1976 primum
375 1937 570 1968 invenisse.y
630 1939 673 1969 Et
705 1949 769 1971 non
799 1943 904 1974 multo

203 1992 303 2026 post:
341 1986 501 2024 ἽΞλληνας
530 1988 638 2027 λέγειν
666 1989 723 2019 τὸν
750 1991 905 2024 Ἀτλάντα

203 2036 358 2076 εὑρηκέναι
379 2037 600 2078 ἀστρολογίαν,
617 2038 692 2070 εἶναι
709 2041 759 2071 καὶ
775 2041 828 2072 τὸν
852 2044 903 2073 αὐ-

202 2087 257 2117 τὸν
268 2087 317 2118 καὶ
333 2089 442 2127 Ἐνώχ.
460 2090 516 2119 τοῦ
528 2089 561 2119 δὲ
573 2089 673 2128 Ἐνὼχ
684 2090 828 2128 ’γενέσθαι
841 2093 904 2123 υἱὸν

203 2138 430 2178 Μαθουσάλαμ,
446 2139 482 2170 ’ὸν
496 2139 599 2170 πάντα
614 2141 652 2170 δι’
666 2141 814 2180 ἀγγέλων
836 2145 905 2174 θεοῦ

201 2191 329 2228 γνῶναι,
352 2190 403 2220 καὶ
433 2189 511 2228 ἡμᾶς
542 2190 637 2222 οὕτως
667 2193 842 2231 ἐπιγνῶναι.
883 2194 903 2223 i.

203 2238 366 2270 ‘Graecos
384 2239 550 2271 affirmare
577 2241 752 2273 Atlantem
782 2243 901 2274 Astro-

202 2287 322 2327 logiam
340 2289 521 2325 invenisse,
545 2295 580 2321 et
603 2291 748 2322 eundem
765 2302 840 2323 esse
858 2293 901 2323 E-

203 2339 361 2374 nochum,
379 2341 515 2371 Euocho
527 2346 640 2371 autem
658 2342 809 2381 genitum
826 2343 898 2374 Ma-

204 2387 382 2426 thusalem‚
402 2400 466 2430 quo
482 2391 523 2421 ab
541 2391 681 2431 Angelis
700 2393 768 2423 Dei
788 2393 896 2424 omnia

203 2437 339 2476 edocto,
356 2449 416 2470 nos
431 2441 478 2471 ita
496 2451 597 2481 porro
623 2442 803 2473 didicisse!
821 2443 869 2475 ld.

247 2486 260 2507 b
285 2488 386 2528 Here]
413 2490 481 2520 Pro
497 2491 575 2522 heri.
622 2492 736 2524 Plaut.
759 2493 899 2534 Cam-1.

203 2539 235 2566 2.
253 2539 260 2553 ‘
276 2537 428 2568 Advorte
443 2541 589 2572 animum
604 2542 648 2573 sis
660 2548 707 2577 tu,
726 2543 807 2574 istos
821 2553 898 2585 cap-

204 2588 291 2618 tivos
308 2588 392 2618 duos
412 2590 503 2621 Here
528 2603 610 2632 quos
633 2593 698 2623 emi
722 2593 763 2624 de
782 2595 897 2634 praeda

204 2637 245 2668 de
265 2639 505 2679 quaestoribus,
530 2641 591 2672 His
616 2642 726 2674 indito
756 2650 894 2675 catenas

960 735 1182 777 singularias!
1227 734 1258 766 A
1271 734 1397 766 Graeco
1413 734 1514 773 χθεσὶ,
1530 735 1655 766 extrito

960 790 1025 818 Oet
1042 798 1067 826 χ
1084 796 1181 817 verso
1211 785 1244 816 in
1267 785 1298 815 Ιι.
1321 784 1449 816 factum
1472 785 1556 816 hesi:
1579 794 1654 816 nam

960 838 1009 868 ita
1038 839 1184 869 Veteres
1220 835 1383 868 dicebant
1412 840 1545 876 postea,
1578 836 1657 874 heri,

959 887 1043 919 here.
1066 887 1176 918 Idem.

1001 943 1015 958 ⁰
1039 937 1228 978 Heredium]
1254 935 1362 967 Varro
1382 936 1440 967 lib.
1457 945 1481 966 1.
1509 945 1584 976 cap.
1602 939 1654 966 10.

959 987 1002 1019 de
1026 988 1077 1019 Re
1103 988 1202 1019 Rust.
1225 991 1233 1004 ⁴
1248 986 1421 1028 Antiquus
1446 991 1560 1017 noster
1577 992 1654 1017 ante

959 1040 1084 1072 bellum
1113 1038 1281 1071 Punicum
1306 1037 1480 1079 pendebat
1507 1038 1585 1068 bina
1599 1037 1655 1078 ju-

960 1100 1053 1131 gera,
1071 1089 1159 1132 quod
1176 1098 1195 1119 a
1213 1088 1354 1120 Romulo
1379 1088 1522 1128 primum
1546 1087 1655 1118 divisa

961 1140 1162 1171 dicebantur
1181 1138 1318 1173 viritim,
1336 1148 1424 1179 quae,
1447 1137 1536 1178 quod
1559 1138 1656 1167 here-

961 1189 1037 1221 dem
1056 1195 1294 1231 sequerentur,
1311 1188 1486 1220 heredium
1507 1189 1657 1229 appella·

960 1239 1063 1272 runt.'
1088 1240 1165 1271 Ant.
1179 1239 1262 1278 Aug.

1007 1288 1195 1328 Heredium]
1221 1288 1354 1320 Cornel.
1372 1288 1488 1328 Nepos
1512 1288 1545 1318 in
1570 1287 1654 1318 Por-

959 1339 1011 1371 cio
1025 1340 1176 1371 Catone:
1195 1343 1203 1356 ‘
1217 1340 1382 1370 Vei-satus
1398 1338 1496 1369 estin
1511 1337 1657 1374 Sabinis,

959 1388 1046 1429 quod
1076 1389 1121 1419 ibi
1147 1389 1320 1419 heredium
1349 1398 1366 1418 a
1383 1392 1481 1428 patre
1497 1387 1654 1418 relictum

957 1437 1128 1469 habebat.'
1151 1438 1233 1469 Dae.

1002 1488 1017 1510 ¹¹
1047 1487 1180 1528 Herem]
1211 1488 1354 1527 Vereor,
1384 1497 1425 1519 ne
1456 1487 1596 1518 Verrius
1621 1487 1654 1518 in

958 1543 1153 1578 corruptam
1170 1539 1373 1578 scripturam
1390 1535 1592 1568 offenderit:
1618 1542 1656 1567 ut

965 1589 1082 1619 Herem
1107 1598 1168 1628 pro
1197 1588 1361 1619 Nerienem
1386 1588 1521 1628 legerit.
1568 1588 1654 1619 Nam

965 1638 1085 1668 Nerien
1123 1647 1188 1668 una
1225 1646 1269 1668 ex
1306 1638 1486 1669 comitibus
1521 1638 1655 1676 Martis,

960 1698 1152 1729 quanquam
1188 1688 1269 1718 nihil
1308 1687 1447 1719 affirmo.
1493 1688 1654 1719 Ceterum

959 1739 1072 1770 herem
1090 1749 1150 1779 pro
1161 1738 1319 1770 heredem
1333 1738 1506 1769 dicebaut.
1530 1737 1655 1769 Accius

958 1789 1199 1820 Didascalicou
1218 1789 1276 1820 lib.
1291 1798 1317 1819 1.
1328 1790 1337 1806 ‘
1350 1789 1592 1829 sapientiaeque
1607 1789 1656 1818 iu-

959 1840 1058 1870 victae
1078 1839 1201 1879 gratia,
1226 1839 1340 1879 Atque
1365 1838 1515 1875 honoris,
1539 1844 1655 1879 patera

959 1899 1049 1920 erem
1069 1890 1230 1920 mactavit
1247 1888 1373 1919 aurea!
1408 1888 1463 1919 Ita
1478 1889 1566 1918 enim
1583 1889 1655 1920 sine

960 1940 1180 1980 aspiratione,
1212 1945 1250 1970 ut
1281 1938 1369 1979 apud
1396 1938 1554 1969 Plautum
1582 1939 1654 1970 Mc-

960 1989 1145 2020 naechmis:
1169 1990 1178 2006 ‘
1194 1990 1288 2022 Quor
1304 1998 1404 2019 ausus
1428 1987 1553 2027 facere,
1577 1989 1653 2029 quoi

961 2048 1037 2076 ego,
1059 2045 1187 2080 quatu,
1204 2049 1277 2070 eres
1293 2039 1416 2070 eram?
1463 2039 1546 2069 Nam
1566 2039 1652 2069 male

960 2094 1091 2120 veteres
1111 2095 1177 2119 tam
1195 2089 1322 2124 excusi,
1338 2098 1436 2129 quam
1450 2088 1581 2129 scripti,
1596 2089 1654 2118 ha·

959 2139 1099 2179 bebant,
1116 2150 1194 2171 eras.
1217 2139 1290 2171 Jos.
1303 2139 1393 2170 Scal.

1005 2191 1118 2222 Herem
1146 2189 1320 2229 Mar-team]
1351 2190 1476 2225 Herem,
1508 2194 1543 2220 et
1573 2200 1653 2221 erem

957 2240 1028 2271 sine
1053 2241 1274 2280 aspiratione,
1299 2250 1358 2280 pro
1376 2240 1533 2271 heredem
1548 2241 1651 2271 Vete-

958 2301 1009 2321 res
1022 2290 1194 2322 dicebaut.
1226 2291 1351 2321 Accius
1368 2291 1540 2322 Didascal.
1558 2291 1613 2321 lib.
1631 2301 1653 2322 ι.

955 2342 964 2359 ‘
981 2342 1223 2383 sapientiaeque
1251 2342 1387 2372 invictae
1404 2342 1522 2381 gratia,
1539 2341 1651 2382 Atque

953 2393 1101 2429 honoris,
1134 2397 1254 2432 patera
1285 2401 1374 2422 erem
1405 2391 1569 2422 mactavit
1595 2400 1653 2421 au-

955 2442 1035 2474 rea.’
1059 2442 1114 2473 Ita
1131 2443 1519 2473 Plaut.n1enaec.111.2.
1534 2442 1542 2456 ‘
1556 2441 1650 2472 Quor

954 2502 1054 2523 ausus
1077 2492 1203 2528 facere,
1227 2492 1305 2533 quoi
1332 2501 1407 2532 ego,
1431 2501 1494 2531 qua
1513 2496 1649 2529 tu‚eres

954 2553 1044 2574 eram
1061 2543 1081 2573 ?’
1129 2543 1251 2584 Neque
1280 2541 1460 2573 verisimile
1485 2547 1534 2571 est
1560 2540 1649 2581 quod

952 2595 998 2624 ait
1025 2594 1186 2633 Scaliger,
1210 2592 1365 2623 Verrium
1397 2592 1428 2621 in
1453 2597 1648 2631 corruptam

951 2645 1153 2686 scripturam
1168 2643 1336 2677 incidisse.
1353 2641 1401 2673 ita
1418 2647 1453 2673 ut
1469 2642 1568 2673 herem
1587 2651 1648 2682 pro
