1835 2906
352 165 412 195 1)ss
447 162 718 193 VERBORUM
752 160 1158 192 SlGNlFch'rloNE
1194 161 1287 191 [ΑΒ.
1324 161 1395 192 111.

1513 152 1596 193 139

205 273 334 314 quem
357 273 385 300 a
404 258 516 312 pede
547 258 760 299 introrsus
792 258 975 297 curvato
1001 255 1272 295 nominatum
1294 255 1480 309 antiqui,
1499 269 1597 297 nos-

206 328 257 368 tri
281 327 522 368 Falconem
541 329 724 367 vocant:
754 323 830 365 alii
853 336 879 364 a
898 323 1091 377 planicie
1113 323 1325 376 regionis.

152 393 367 448 Capulum
385 399 399 415 e
421 398 467 435 et
485 393 759 445 manubrium
786 391 922 445 gladii
942 396 1153 445 vocatur3
1184 396 1227 432 et
1246 392 1305 440 id,
1327 404 1414 445 quo
1437 391 1596 432 mortui

208 460 469 503 efferuntur:
500 465 731 514 utrumque
753 472 780 500 a
801 458 1018 513 capiendo
1040 458 1229 500 dictum:
1263 471 1368 499 sane
1390 472 1417 500 a
1439 458 1597 511 capulo

205 529 256 569 fit
283 529 518 582 capularis.

151 594 324 650 Caputf
348 609 401 637 ex
428 597 587 638 Graeco
609 596 789 645 dictum,
809 594 932 649 quod
949 594 1013 636 illi
1035 593 1252 636 interdum
1274 592 1374 648 κάρα
1395 592 1558 633 dicunt.

152 662 446 713 Carinantes,g
476 665 637 717 probra
658 663 964 717 objectantes:
982 668 1010 686 ¹¹
1053 675 1081 703 a
1102 663 1250 702 carina
1272 661 1395 711 dicti,
1414 673 1511 714 quae
1532 663 1601 700 est

208 731 358 771 infima
380 744 484 784 pars
505 732 657 773 navis:
690 731 755 773 sic
777 730 842 771 illi
864 730 1001 771 sortis
1024 729 1202 771 infimae.

748 861 993 875 ΟΟΝΝΙΙΙθῦ,

195 941 209 969 1
218 941 232 969 l
258 937 326 970 Alii
341 938 528 979 objicientes.

800 1038 947 1071 NOTAE

153 1112 248 1152 quasi
286 1112 393 1143 sinum
431 1112 549 1143 salutis
586 1118 620 1144 et
656 1112 850 1146 fructuum.’

152 1163 238 1194 Haec
268 1163 417 1193 Servius.
454 1163 557 1204 Capys
586 1169 700 1195 autem
727 1164 851 1196 Tuscis

152 1215 259 1254 Falco,
272 1224 292 1244 a
304 1214 429 1246 Graeco
445 1213 615 1246 καπτέσθαι
627 1215 658 1246 id
671 1219 735 1251 est,
750 1227 850 1254 καμπ-

150 1263 268 1303 τέσθαι,
290 1264 473 1303 incurvari,
489 1264 631 1297 inflecti.
668 1265 736 1296 Sed
750 1267 850 1297 unice

150 1315 266 1354 placet
295 1315 382 1346 Livii
412 1316 595 1352 sententia,
617 1316 714 1357 cujus
746 1317 850 1348 verba

151 1365 207 1396 lib.
223 1375 271 1396 iv.
305 1366 314 1382 ‘
328 1366 535 1398 Vulturnum
557 1368 780 1400 Etruscorum
795 1379 848 1400 ur-

150 1416 242 1456 bem,
256 1427 330 1458 quae
343 1427 432 1448 nunc
450 1419 569 1459 Capua
584 1424 650 1459 est,
664 1419 707 1450 ab
721 1420 850 1451 Samni-

151 1467 240 1498 tibus
254 1469 625 1511 captam,Capuamque
638 1469 681 1500 ab
696 1471 782 1502 duce
794 1480 849 1502 eo-

153 1527 225 1548 rum
243 1518 372 1559 Capye,
396 1519 463 1558 vel,
488 1520 576 1560 quod
602 1520 742 1561 propius
769 1530 850 1553 vero

152 1574 219 1606 est,
242 1579 262 1599 a
286 1569 469 1610 campestri
500 1579 583 1609 agro
616 1571 851 1610 appellatam.'

152 1619 198 1650 Et
215 1619 277 1651 lioc
294 1619 402 1660 ipsum
414 1620 566 1660 estquod
581 1620 702 1651 Festus
716 1620 747 1651 in
761 1620 826 1652 fine
840 1631 847 1651 :

151 1669 208 1700 alii
230 1680 249 1700 a
272 1670 406 1710 planicie
429 1669 578 1708 reg-ionis.
628 1670 715 1700 Nam
743 1671 851 1710 Capua

151 1720 246 1760 quasi
268 1730 408 1760 campan,
423 1730 441 1750 a
457 1730 573 1760 campo,
599 1730 680 1760 agro
697 1730 850 1761 campes-

152 1770 208 1809 tri,
224 1779 299 1811 quae
317 1779 384 1800 vox
400 1779 524 1809 campus
541 1770 720 1809 planiciem
738 1771 851 1811 signat

152 1824 189 1850 ut
202 1829 317 1860 aequor.
353 1818 407 1850 Ab
427 1819 523 1859 hujus
540 1820 719 1851 sententiae
746 1821 851 1861 parti-

151 1871 214 1902 bus
225 1870 307 1902 facit
318 1871 405 1911 quod
419 1871 492 1911 ipsa
507 1871 612 1910 Capua
628 1872 719 1911 prius
734 1882 850 1913 campa,

151 1922 223 1952 sive
235 1931 358 1961 campus
374 1921 476 1953 dicta.
522 1921 621 1952 Unde
641 1923 792 1962 Campani
815 1928 850 1954 et

153 1972 287 2011 Campus
312 1971 401 2011 apud
426 1971 596 2002 Plautum.
632 1972 790 2004 Eustath.
817 1973 849 2003 in

152 2022 291 2062 Dionys.
318 2020 392 2052 “Ori
408 2022 438 2052 οἴ
451 2021 622 2061 Καμπανοὶ,
639 2020 680 2054 ὧν
693 2022 731 2053 τὸ
747 2021 850 2054 πεδίον

151 2072 282 2113 λιπαρὸν
296 2072 345 2103 διὰ
356 2073 415 2110 ’τὴν
427 2073 593 2114 εὐκαρπίαν
606 2073 705 2113 λέγει,
719 2074 779 2105 ἀπὸ
788 2076 850 2105 τῶν

152 2122 386 2161 ὑποκαθημένων
405 2123 467 2155 ἐκεὶ
478 2122 605 2162 :teia-trouv
616 2124 849 2166 ὠνομασθήσαν,

151 2172 171 2210 ἢ
187 2173 246 2204 ἀπὸ
267 2172 398 2212 Κάμπου
412 2173 544 2205 πόλεως.
587 2175 628 2206 Id
645 2180 709 2214 est,
728 2180 735 2192 ‘
752 2176 849 2206 Cam-

152 2224 246 2264 pani,
279 2234 418 2265 quorum
454 2225 582 2265 pingue
616 2226 722 2256 solum
750 2235 849 2266 prop-

151 2280 205 2305 ter
217 2274 428 2307 fertilitatem
446 2276 544 2314 dicit,
559 2286 577 2307 a
593 2277 848 2318 subjacentibus

152 2325 278 2365 campis
290 2327 470 2360 vocati‚vel
482 2337 500 2356 a
510 2326 638 2367 Campo
651 2328 756 2359 urbe.’
773 2329 848 2359 Ma-

150 2374 278 2407 nifesto
289 2375 439 2415 Capuam
450 2377 565 2408 urbem
577 2377 747 2419 intelligit,
758 2379 847 2420 quod

151 2436 217 2458 non
233 2426 315 2457 satis
332 2435 534 2467 perpensum
556 2427 595 2457 iis
620 2428 678 2469 qui
698 2430 849 2470 Campum

151 2477 266 2509 nescio
292 2486 392 2518 quam
424 2487 442 2507 a
469 2477 575 2518 Capua
598 2477 762 2510 diversam
787 2479 846 2511 fin-

152 2531 247 2568 gunt.
271 2528 355 2559 Dae.

193 2582 207 2598 Ε
224 2577 390 2619 capulum]
406 2578 503 2609 Ensis
511 2577 735 2615 manubrium,
749 2580 848 2621 Virg-

152 2628 161 2644 ‘
180 2629 225 2660 Et
241 2629 338 2660 lateri
363 2629 488 2669 capulo
512 2633 610 2660 tenus
636 2628 765 2661 abdidit
789 2640 847 2662 en·

154 2678 247 2711 sem!
262 2679 331 2710 Pro
345 2688 422 2711 arca
432 2677 579 2720 funebri,
594 2679 700 2713 Lucil.
715 2681 725 2698 ⁴
737 2680 846 2713 Quem

903 1124 978 1147 cum
997 1114 1160 1146 vidissent
1189 1112 1392 1145 Hortensiu'
1410 1113 1603 1144 Postliumi-

905 1177 1022 1209 usque,
1046 1166 1162 1198 Ceteri
1193 1166 1274 1197 item
1306 1165 1338 1195 in
1369 1164 1493 1204 capulo
1514 1164 1603 1194 hunc

904 1228 969 1249 non
986 1227 1073 1256 esse,
1095 1217 1264 1257 aliumque
1281 1214 1430 1246 cubare.'
1465 1213 1519 1244 Ab
1540 1213 1603 1244 hac

903 1268 1017 1309 capuli
1042 1266 1291 1307 significatione
1318 1266 1428 1297 dictus
1451 1264 1605 1305 capularis

904 1319 1005 1350 morti
1031 1317 1222 1357 contiguus.
1268 1317 1384 1348 Plaut.
1412 1317 1421 1333 ‘
1440 1315 1529 1349 Quid
1558 1316 1606 1345 ais

905 1371 964 1402 tu?
990 1375 1058 1400 tam
1074 1369 1133 1399 tibi
1151 1378 1214 1408 ego
1229 1367 1344 1399 videor
1354 1366 1482 1408 oppido
1497 1365 1604 1397 Ache—

904 1420 1080 1452 runticus?
1103 1420 1185 1450 Tam
1200 1417 1391 1459 capularis?
1415 1422 1529 1448 tamne
1543 1416 1605 1447 tibi

905 1471 963 1503 diu
980 1471 1098 1502 videor
1111 1471 1214 1502 vitam
1232 1470 1346 1500 vivere
1358 1470 1369 1500 ?
1381 1469 1388 1481 ¹
1412 1469 1509 1500 Idem.

948 1520 960 1542 s
981 1522 1098 1562 Caput]
1117 1521 1237 1552 Potius
1251 1529 1270 1550 a
1285 1517 1422 1559 κεφαλὴ,
1437 1524 1461 1558 φ
1474 1522 1605 1549 mutato

904 1573 938 1604 in
954 1584 989 1603 π.
1012 1572 1112 1602 Idem.

947 1628 963 1650 g
999 1619 1199 1659 Carinantes]
1237 1618 1469 1651 Glossarium:
1515 1623 1523 1636 ⁴
1542 1617 1606 1648 Ca-

905 1667 1304 1710 πὶῐωῐί,χαριεντίζεσθαι.’
1327 1667 1497 1699 Isidorus:
1523 1667 1607 1697 ‘Ca-

905 1721 1067 1760 rinantes,
1083 1717 1288 1750 illudentes?
1322 1718 1464 1754 Ennius,
1490 1717 1499 1734 ‘
1517 1717 1606 1749 Con-

906 1776 960 1803 tra
977 1771 1168 1802 carinantes
1185 1769 1299 1808 verba,
1320 1773 1422 1809 atque
1444 1766 1607 1798 obscoena

905 1820 1084 1863 profatus!
1120 1820 1165 1851 Et
1193 1824 1307 1850 tamen
1334 1817 1477 1858 corripit
1500 1817 1533 1847 in
1554 1826 1605 1847 se-

905 1872 1021 1914 quenti
1044 1870 1189 1902 mediam
1216 1870 1225 1886 ‘
1242 1869 1261 1887 ³*
1279 1879 1388 1910 neque
1417 1878 1470 1899 me
1504 1868 1606 1898 decet

904 1923 989 1955 hanc
1003 1921 1236 1954 carinantibus
1248 1920 1351 1952 edere
1362 1919 1511 1952 chartis?
1537 1918 1605 1952 Qui

905 1974 1188 2014 versus‚nondum
1203 1972 1329 2011 excusi,
1344 1972 1493 2002 citantur
1505 1971 1606 2001 aSer-

904 2025 1011 2056 vianis
1024 2024 1155 2055 schedis
1168 2022 1356 2054 doctissimi
1369 2022 1519 2053 Danielis
1532 2030 1606 2051 nos-

907 2075 963 2108 tri.
1010 2075 1066 2107 Ita
1082 2074 1209 2106 factum
1230 2074 1366 2105 ιάνὶηιινὶ
1382 2083 1400 2104 a
1417 2073 1543 2103 carina:
1567 2075 1605 2102 ut

907 2126 998 2167 apud
1033 2126 1177 2158 Graecos
1212 2123 1387 2166 Ὑεφυρῖζειν
1419 2134 1437 2154 a
1471 2122 1603 2163 γέφυρα.

907 2178 1071 2219 Idemque
1108 2177 1211 2216 valet,
1248 2186 1287 2207 ac
1328 2174 1482 2206 carinari.
1532 2173 1603 2203 Jos.

905 2229 990 2261 Scal-

951 2277 1154 2317 Carinanles]
1179 2277 1290 2308 Gloss.
1310 2274 1453 2306 Isidori:
1484 2274 1493 2291 ‘
1511 2272 1604 2304 Cari-

905 2335 1040 2368 nantes,
1058 2326 1265 2358 illudentes?
1290 2324 1440 2356 Carinari
1453 2334 1472 2354 a
1485 2323 1604 2362 carina,

904 2379 1018 2411 infima
1049 2378 1142 2408 navis
1159 2380 1270 2417 parte,
1286 2380 1324 2406 ut
1347 2375 1418 2405 vult
1433 2374 1524 2406 Fest.
1539 2374 1606 2412 vel,

904 2434 942 2461 ut
955 2430 1056 2460 Voss.
1072 2437 1112 2458 eo
1130 2426 1219 2467 quod
1233 2425 1290 2466 qui
1307 2425 1340 2456 in
1359 2424 1473 2456 carina
1490 2428 1606 2455 essent

902 2480 982 2511 alios
1021 2477 1272 2509 contumeliosis
1306 2475 1417 2507 verbis
1453 2475 1604 2507 solerent

903 2531 1086 2567 lacessere,
1102 2528 1269 2569 quomodo
1291 2526 1407 2558 Graeci
1425 2536 1444 2557 a
1463 2525 1600 2567 γεφύρᾳ,

902 2585 1019 2622 ponte,
1036 2577 1151 2609 fecere
1162 2576 1350 2618 γεφυρίζων,
1360 2578 1454 2619 quasi
1468 2577 1510 2608 de
1523 2587 1603 2617 pon-

901 2636 935 2662 te
944 2628 1231 2669 conviciajacere.
1243 2628 1330 2659 lude
1341 2628 1443 2659 etiam
1453 2627 1522 2658 ludi
1534 2627 1604 2657 tlic-

904 2682 929 2713 ti
945 2677 1129 2720 γεφυρισμοὶ
1142 2678 1174 2710 in
1188 2678 1309 2720 quibus
1327 2677 1603 2718 conviciajaeta-
