1835 2906
184 94 269 135 622

644 102 791 133 SEX'H
828 102 1030 132 POMPEII
1065 101 1199 133 FESTt

187 199 479 241 Praecidanea
496 204 512 220 ⁷-
543 210 655 251 agna
676 200 965 247 vocabatur,¹⁷
987 210 1086 252 quae
1110 202 1211 238 ante
1232 196 1342 238 alias
1363 197 1635 240 caedebatur:

243 269 348 309 item
369 278 520 321 porca,
542 279 642 319 quae
664 266 817 308 Cereri
838 266 1114 307 mactabatur
1144 265 1200 306 ab
1236 271 1327 315 eo,y
1359 266 1436 319 qui
1465 271 1635 307 mortuo

236 335 357 389 justa
376 347 462 375 non
483 334 679 384 fecisset,
709 334 755 374 id
776 339 855 384 est,
877 332 1049 385 glebam
1079 345 1169 373 non
1190 331 1431 386 objecisset
1446 337 1484 374 :z
1514 333 1636 386 quod

241 415 339 443 mos
361 408 455 443 erat
475 402 540 443 eis
559 402 703 444 facere
725 401 859 454 prius,
884 412 1015 453 quam
1035 412 1176 441 novas
1197 399 1343 452 fruges
1365 403 1608 452 gustarent.

185 470 517 512 Praecidaneam
539 474 746 524 porcam³
777 468 997 517 dicebant,
1029 481 1161 522 quam
1182 467 1408 508 immolare
1454 466 1584 520 [PAU
1594 478 1636 507 L.

243 542 363 580 erant
384 538 505 580 soliti
528 542 643 589 ante,
677 549 809 591 quarn
831 549 991 578 novam
1012 535 1177 590 frugem
1198 534 1501 590 praeciderent.

786 667 921 680 eeeeeee

233 759 271 802 17
295 756 374 788 Vet.
393 755 446 787 lib.
462 754 630 787 dicebatur.

925 667 1024 680 eeeee

846 867 985 900 NOTAE

184 959 257 999 cire,
273 958 431 990 clamare.
456 957 553 988 Idem.

227 1014 241 1029 Χ
264 1008 484 1048 Proecidanea]
507 1006 679 1038 Barbarus
708 1006 882 1038 mutilator

183 1065 282 1100 putat
300 1070 318 1091 a
332 1058 713 1101 pracidemtz'sfrugihus:
737 1067 802 1088 non
825 1057 880 1088 ad-

183 1111 288 1142 vertit
304 1111 383 1152 quid
400 1111 444 1141 sit
464 1110 670 1151 proecidanea,
696 1109 775 1150 quid
800 1109 881 1140 item

184 1162 361 1194 succidanea
373 1173 382 1191 .·
406 1160 625 1202 praecidanea
646 1160 754 1191 hostia
771 1159 880 1191 imita-

184 1213 283 1244 batur
294 1213 496 1245 Graecorum
509 1210 703 1252 προτέλειαν.
717 1221 789 1252 quae
804 1215 882 1242 sunt

183 1262 303 1294 Atteio
320 1262 480 1302 Capitoni
503 1266 512 1280 ¹
524 1261 616 1293 feriae
634 1262 882 1302 praecidanem,’

183 1313 314 1345 Graecis
343 1323 392 1343 0ae
419 1312 599 1352 προτέλειος
620 1311 728 1352 ἡμέρα,
751 1312 881 1342 ‘Succi-

183 1362 313 1398 danea,’
335 1363 375 1394 τὰ
395 1362 523 1403 δεύτερα
547 1362 669 1401 ἀμείνω.
714 1362 759 1393 Et
779 1372 845 1393 non
863 1373 882 1393 a

183 1414 341 1452 caedendo,
358 1413 417 1444 sed
440 1423 459 1444 a
474 1414 616 1452 cedendo,
632 1423 693 1453 per
708 1422 734 1444 e.
781 1412 881 1444 Unde

182 1465 399 1496 succedaneum
421 1463 522 1495 etiarn
549 1464 638 1504 apud
655 1463 882 1496 „Iurisconsul-

182 1519 243 1546 ωε.
287 1514 420 1546 Gellius
436 1514 544 1546 aliter.
565 1515 633 1545 Jos.
651 1514 733 1544 Scnl.

225 1565 428 1596 Proecidanea
460 1564 557 1605 agna]
598 1565 810 1595 Proecidaneae
846 1569 881 1597 et

179 1616 367 1646 succidanea·
382 1615 503 1646 hostiae
521 1624 587 1645 non
597 1624 615 1645 a
628 1615 832 1654 proecidemlo,
844 1620 881 1646 et

179 1666 361 1696 succidendo
385 1665 485 1696 ‹lictae
507 1669 596 1703 sunt,
616 1670 653 1695 ut
673 1664 760 1695 infra
784 1670 881 1706 putat

181 1716 320 1754 Festus,
339 1716 399 1746 sed
416 1725 434 1746 a
453 1715 654 1755 praecedendo
671 1720 705 1745 et
722 1718 881 1746 succeden-

180 1768 230 1798 do.
276 1766 375 1798 Unde
412 1771 447 1797 et
484 1765 723 1806 ‘praecidaneae
751 1765 845 1797 feriae
860 1766 881 1798 :'

179 1818 189 1834 ‘
205 1817 454 1857 praecidancnm
486 1816 643 1856 sacrnm‚’
672 1819 736 1848 &c.
784 1817 880 1848 I'rae-

180 1867 321 1898 cidanea
336 1867 445 1897 hostia
468 1867 665 1898 imitabatur
681 1867 878 1898 Graecorum

180 1917 376 1957 προτέλειαν,
402 1922 436 1948 et
459 1927 533 1958 qua»,
550 1922 627 1948 sunt
644 1916 761 1949 Atteio
778 1918 877 1959 Capi-

181 1968 252 1999 toni
277 1969 286 1985 ‘
301 1968 525 2009 praecidaneae
542 1967 660 2008 feriae‚'
678 1969 810 2000 Graecis
827 1979 876 2001 eae

180 2017 356 2059 προσ-ἕλειος
390 2017 496 2058 ἡμέρα.
541 2019 767 2059 succidanea,
804 2030 878 2060 quae

181 2068 396 2103 succedebat,
424 2078 499 2099 cum
523 2069 627 2108 priori
652 2069 761 2099 hostia
791 2069 880 2100 litari

180 2128 247 2149 non
259 2123 408 2160 poterat,
422 2118 655 2149 adhibebatur.
679 2119 769 2150 Vide
785 2121 879 2150 ‘suc-

179 2169 344 2201 cidanea.’
362 2169 429 2200 Pro
443 2169 635 2209 proecidaneo
650 2168 807 2200 dicebant
819 2170 881 2200 eti-

180 2231 233 2252 am
255 2221 488 2261 praecidarimm
516 2225 554 2250 ut
584 2219 819 2261 ‘pedaneum,'
845 2224 880 2251 et

178 2273 187 2289 ‘
202 2271 403 2312 pedariuin,'
418 2276 453 2301 et
470 2270 601 2301 similia.
630 2270 700 2301 Dae

222 2327 235 2349 Υ
260 2323 341 2354 Item
361 2332 463 2362 porca,
476 2332 543 2361 quae
562 2321 668 2352 Cereri
688 2320 880 2352 mactabatur

180 2373 217 2404 ab
242 2373 292 2413 eo]
315 2373 445 2404 Marius
465 2372 629 2403 Victorin.
657 2371 714 2402 lib.
740 2381 764 2402 ι.
784 2371 878 2402 Artis

181 2424 368 2455 Grammat.
389 2424 398 2440 ‘
416 2422 480 2455 Qui
504 2422 599 2462 justa
624 2420 786 2452 defuncto
812 2431 878 2452 nou

180 2473 349 2511 fecerunt,
365 2478 424 2503 aut
441 2473 474 2503 in
492 2471 650 2503 faciendo
678 2477 879 2511 peccarunt,

180 2524 229 2554 ms
245 2531 348 2563 porca
366 2522 591 2560 contrabitur,
608 2531 706 2562 quam
724 2521 877 2552 omnibus

181 2574 276 2606 annis
309 2572 472 2603 immolari
510 2577 657 2613 oportet,
695 2576 876 2612 antequam

180 2633 299 2655 novam
317 2622 411 2661 quasi
428 2622 547 2661 dapem
564 2626 692 2653 mereat
708 2621 749 2652 de
766 2630 802 2652 se
820 2631 876 2653 ca-

182 2673 284 2716 pere.¹
327 2672 460 2704 Gellius
490 2672 588 2712 paulo
617 2673 719 2703 latius
742 2671 799 2703 lib.
825 2681 874 2703 iv.

938 964 1013 996 cap.
1051 957 1082 986 6.
1126 953 1136 971 ‘
1151 954 1263 985 Porca
1294 952 1396 985 etiam
1423 950 1637 993 praecidanea

937 1005 1124 1046 appellata,
1151 1014 1249 1046 quam
1275 1003 1396 1045 piaculi
1423 1003 1534 1044 gratia
1558 1007 1638 1034 ante

936 1054 1054 1096 fruges
1084 1065 1188 1086 novas
1215 1054 1287 1086 fieri
1314 1058 1445 1094 coeptas
1472 1052 1638 1084 immolari

937 1107 1055 1138 Cereri
1069 1116 1137 1138 mos
1154 1105 1266 1146 fuit,si
1284 1105 1339 1147 qui
1352 1104 1511 1136 familiam
1524 1103 1638 1135 funes-

938 1162 1007 1189 tam
1031 1162 1088 1189 aut
1110 1167 1176 1189 non
1199 1159 1442 1198 purgaverant,
1459 1158 1516 1186 aut
1540 1154 1639 1185 aliter

937 1218 1010 1239 eam
1033 1218 1104 1239 rem
1130 1217 1230 1249 quam
1252 1209 1452 1248 oportuerat
1478 1213 1638 1246 procura-

937 1257 1080 1290 verant!
1105 1259 1205 1290 Idem.

979 1315 992 1330 ²
1003 1310 1043 1340 Id
1056 1313 1113 1350 est,
1127 1309 1249 1348 glebam
1262 1318 1325 1339 non
1335 1306 1510 1347 obiecisset]
1525 1305 1638 1338 Gleba

937 1358 993 1389 illa
1005 1360 1037 1389 in
1055 1369 1091 1390 os
1107 1358 1238 1389 solebat
1252 1358 1360 1398 injici.
1405 1357 1527 1388 Cicero
1538 1365 1579 1387 η.
1593 1355 1636 1387 de

934 1408 1087 1447 legibus:
1119 1409 1128 1426 ‘
1146 1407 1351 1448 Priusquam
1377 1407 1413 1438 in
1442 1416 1479 1438 os
1508 1405 1638 1446 injecta

936 1459 1034 1499 gleba
1049 1463 1115 1498 est,
1129 1458 1223 1490 locus
1239 1458 1296 1490 ille
1312 1457 1369 1489 ubi
1382 1460 1567 1489 crematum
1585 1460 1639 1487 est

936 1518 1060 1550 corpus
1090 1509 1171 1540 nibil
1198 1508 1299 1540 babet
1325 1505 1518 1548 religionis)
1561 1506 1638 1537 Val.

935 1560 1031 1592 Max.
1063 1559 1123 1591 lib.
1148 1569 1183 1591 v.
1207 1568 1283 1600 cap.
1305 1561 1335 1590 3.
1379 1558 1388 1576 ‘
1405 1558 1491 1589 Post
1507 1556 1637 1588 obitum

936 1610 1058 1641 nullam
1077 1609 1204 1641 Atticae
1225 1608 1383 1649 regionis,
1409 1617 1485 1648 quae
1505 1607 1637 1638 ossibus

937 1660 1007 1700 ejus
1024 1659 1236 1700 injiceretur,
1252 1658 1391 1699 glebam
1405 1656 1557 1689 invenit?
1580 1657 1637 1688 In-

936 1710 979 1741 de
996 1710 1120 1741 Horat.
1136 1709 1270 1742 Od.28.
1288 1709 1346 1740 lib.
1360 1718 1384 1740 r.
1405 1709 1414 1726 ‘
1427 1707 1475 1739 At
1489 1712 1536 1743 tu,
1555 1717 1636 1739 nau-

936 1764 984 1800 ta,
997 1769 1089 1801 vagae
1102 1769 1144 1791 ne
1157 1769 1258 1800 parce
1272 1759 1438 1800 malignus
1449 1757 1636 1790 arenaeOs-

935 1811 1028 1842 sibus
1051 1816 1087 1842 et
1109 1811 1215 1851 capiti
1232 1810 1406 1841 inhumato
1423 1808 1636 1840 Particulam

935 1860 1041 1893 dare!
1094 1862 1140 1893 Et
1168 1861 1257 1892 hunc
1287 1868 1412 1891 morem
1444 1859 1480 1905 ἰηι
1505 1857 1637 1890 Graecis

932 1912 1040 1944 fuisse
1058 1916 1206 1944 testatur
1221 1911 1341 1942 AElian.
1358 1910 1394 1942 in
1417 1909 1510 1941 varia
1532 1909 1636 1940 histo·

932 1973 969 1994 ra
996 1973 1071 2004 cap·
1101 1966 1132 1995 4.
1160 1961 1261 2001 Νόμος
1287 1960 1336 1992 καὶ
1358 1959 1397 1999 ἣν
1418 1959 1636 2005 Ἀττικὺῆἰῃ-

934 2014 1020 2055 quit,
1033 2013 1066 2046 ὃς
1081 2014 1119 2045 ἂν
1138 2012 1249 2053 ἆτάφῳ
1269 2011 1420 2053 περιτύχῃ
1444 2010 1562 2049 σώματι
1582 2010 1635 2041 ἄν·

937 2065 1066 2106 θρώπου,
1083 2064 1206 2096 πάντως
1217 2062 1402 2099 ἐπιβάλλειν
1415 2062 1487 2100 γῆν.
1504 2061 1526 2091 i.
1540 2062 1549 2078 ‘
1563 2061 1635 2091 Lex

936 2116 1038 2147 etiam
1055 2116 1145 2156 apud
1160 2114 1295 2146 ‘Atticos
1309 2112 1388 2151 fuit,
1419 2111 1633 2151 Quicumque

935 2167 968 2197 in
984 2167 1192 2206 insepultum
1213 2164 1359 2196 cadaver
1384 2161 1526 2193 hominis
1551 2160 1633 2191 inci—

936 2217 1008 2257 dat,
1032 2218 1151 2248 saltem
1182 2216 1212 2247 ei
1244 2220 1368 2247 terram
1393 2211 1544 2254 injiciat.'
1588 2211 1634 2242 Et

934 2267 1008 2298 haec
1021 2265 1086 2298 fuit
1102 2270 1254 2298 veterum
1272 2264 1503 2296 Romanorum
1515 2271 1634 2303 super-

933 2317 1041 2356 stitio,
1058 2321 1107 2353 ut,
1124 2317 1151 2347 si
1164 2317 1217 2348 vel
1233 2315 1405 2347 minimum
1423 2323 1461 2345 os
1475 2317 1568 2344 terra
1584 2317 1634 2343 te—

934 2372 1066 2407 gerent,
1083 2366 1229 2398 cadaver
1241 2366 1407 2404 integrum
1426 2372 1486 2403 pro
1499 2361 1632 2402 sepulto

932 2418 1128 2449 haberetur.
1174 2417 1287 2449 Quare
1319 2415 1371 2455 iis,
1403 2413 1458 2454 qui
1489 2421 1631 2453 peregre

932 2471 1055 2502 mortui
1071 2473 1181 2508 erant,
1196 2468 1249 2500 vel
1266 2477 1314 2504 os,
1330 2466 1383 2497 vel
1400 2465 1555 2505 digitum,
1578 2464 1631 2494 vel

933 2522 1034 2552 etiam
1051 2520 1181 2551 crinem
1197 2517 1392 2557 servabant,
1406 2516 1459 2546 cui
1476 2523 1538 2556 pro
1558 2518 1630 2544 toto

932 2579 1075 2611 corpore
1094 2570 1188 2610 justa
1212 2568 1346 2599 fierent.
1391 2565 1479 2597 Vide
1502 2564 1628 2596 ‘mem-

931 2622 1028 2653 brum
1045 2617 1222 2651 abscindi!
1246 2618 1343 2650 Idem.

976 2676 988 2692 Β
1010 2669 1242 2702 Ρνιτοίιίαηεαηι
1267 2666 1407 2708 porcam]
1438 2664 1514 2697 Hoc
1536 2664 1625 2706 prin-
