1835 2906
222 87 278 129 22

638 94 788 126 SEXTI
824 93 1025 125 POMPElI
1060 93 1198 125 FESTI

199 191 385 235 oculitus
413 190 565 232 dicitur
595 196 641 231 ut
653 188 902 246 funditus‚¹
935 188 1225 245 significatque
1255 196 1340 231 tam
1370 204 1434 231 ca·
1478 189 1643 245 [FEST.

248 276 339 302 rum
361 274 453 311 esse,
472 273 595 314 qnam
616 259 793 308 oculum,
823 258 893 298 vel
915 257 1058 298 instar
1075 257 1181 297 oculi
1199 272 1290 298 esse.

194 328 431 369 Odefacit³
451 327 671 378 dicebant,
694 339 773 381 pro
798 325 974 377 olfacit3
994 337 1093 378 quae
1113 338 1204 366 vox
1223 339 1251 367 a
1271 325 1434 368 Graeco
1464 326 1644 380 [PAUL.

250 397 344 456 ὀσμὴ
368 398 506 436 tracta
526 399 604 437 est.

198 462 391 520 Odefacit
412 461 601 503 dicebant
623 462 793 515 antiqui
813 462 869 502 ab
891 461 1026 502 odore
1051 475 1132 515 pro
1159 459 1336 517 oltfizcit,
1355 475 1420 502 ve·
1477 461 1535 515 [F
1540 472 1645 503 EST.

249 538 333 572 tere
365 530 542 587 quadam
579 529 887 573 consuetudine
923 527 1174 570 immutandi
1199 528 1335 569 literas
1356 543 1443 583 quae
1461 535 1565 578 sunt,
1597 534 1648 571 ut

248 612 369 653 saepe
390 600 518 650 alias,
539 603 630 640 tum
651 599 694 639 in
712 598 797 638 hoc
821 610 999 651 quoque
1020 597 1133 638 libro
1153 601 1398 638 contentae:
1422 609 1521 650 quae
1536 609 1644 647 vox,

248 672 298 708 ut
319 667 588 722 quibusdam
606 666 793 715 videtur,
823 678 880 706 ex
903 665 1065 708 Graeca
1086 666 1181 719 ὀσμὴ
1203 668 1340 707 tracta
1360 668 1439 706 est.

193 733 500 788 OEnigenas‚b²
532 734 633 775 vino
655 733 842 787 genitos.

192 801 427 853 OEstrum,‘⁵
455 802 570 843 furor
593 802 754 843 Graeco
776 800 1010 843 vocabulo.

193 870 455 920 Offectores,
476 870 674 911 colorum
697 869 949 911 infectores.

191 937 437 992 offendices
451 938 467 961 d
503 938 713 979 dicebant
732 938 932 991 ligaturae
954 937 1110 987 nodos,
1133 937 1291 992 quibus
1313 949 1434 991 apex
1466 935 1643 990 [PAUL.

246 1006 514 1047 retinebatur
532 1019 542 1045 τ
573 1005 619 1046 id
650 1019 749 1047 cum
782 1006 1062 1060 pervenisset
1101 1006 1157 1046 ad
1195 1008 1399 1055 mentum,
1440 1004 1646 1045 dicebant

249 1072 620 1115 offendimentum.

789 1173 927 1185 eeeeee

932 1173 1030 1186 ’,ΙΝ

234 1254 249 1282 1
279 1249 364 1282 Ead.
383 1250 438 1282 ed.
453 1249 462 1267 ‘
482 1249 627 1281 Oculitus
640 1250 756 1281 dicitur
770 1253 804 1281 ut
819 1248 1222 1291 funditus,penitus.'-2
1247 1250 1321 1282 Lib.
1349 1254 1416 1282 vet.
1447 1248 1644 1288 Unigenitos.

847 1356 989 1389 NOTAE

188 1433 312 1466 bomo.'
357 1433 425 1465 Ubi
447 1433 620 1465 oculissime
640 1434 763 1465 Festus
787 1433 890 1464 inter-

190 1489 356 1525 pretatur,
381 1485 462 1525 ‘qui
492 1485 583 1515 clare
616 1484 762 1525 aspicit)
809 1484 891 1514 Pes-

189 1536 291 1574 sime3
308 1545 386 1565 nam
404 1535 455 1566 hic
473 1535 573 1566 etiam
595 1535 766 1566 oculissime
781 1540 833 1566 est
843 1545 891 1566 ca-

186 1585 319 1616 rissime.
361 1585 460 1617 Quod
475 1590 509 1616 et
524 1586 681 1616 Muretus
699 1586 794 1616 vidit.
810 1586 893 1616 Duc.

231 1643 244 1657 2
270 1636 428 1677 Ocnlieus]
450 1636 534 1667 Ideo
549 1637 722 1668 oculorum
736 1636 768 1666 in
782 1637 894 1676 expri-

187 1688 312 1719 menda
344 1688 374 1718 vi
398 1688 521 1718 amoris
543 1687 664 1718 crebra
691 1687 730 1718 fit
756 1687 895 1721 mentio.

188 1738 277 1779 quod
293 1739 463 1769 oculorum
482 1747 598 1768 sensus
624 1738 720 1768 nobis
745 1737 892 1768 omnium

188 1789 394 1820 carissimus.
439 1788 496 1819 Sic
521 1788 633 1819 Catul.
657 1788 666 1805 ⁴
685 1789 729 1819 Ni
760 1794 793 1819 te
818 1788 894 1828 plus

187 1840 293 1870 oculis
322 1840 403 1870 meis
431 1838 603 1869 amarem!
648 1838 764 1869 Item:
790 1837 893 1868 ‘Am-

188 1889 297 1919 bobus
330 1888 410 1919 milli
440 1898 515 1930 quae
541 1888 653 1920 carior
683 1893 737 1920 est
765 1887 894 1919 oculis.’

187 1940 287 1970 Idem.

234 1994 248 2010 ³
268 1989 431 2030 Odefizcz't]
448 1989 582 2021 Falsum
600 1993 654 2020 est
669 1989 803 2027 odefacit
819 1999 892 2020 esse

189 2051 251 2082 pro
267 2041 403 2079 olefacit.
444 2041 527 2072 Cum
546 2046 666 2071 contra
683 2041 746 2071 lioc
761 2050 821 2080 pro
836 2040 893 2071 illo

187 2091 331 2125 dicatur,
348 2100 470 2131 nempe
487 2101 505 2121 a
523 2091 651 2122 Dorice
669 2089 760 2130 ὅσδω,
784 2090 896 2130 abjec-

187 2146 224 2173 to
251 2152 272 2171 σ
296 2141 366 2180 ὄδω,
383 2141 483 2179 odeo,
500 2140 595 2179 odor,
618 2139 779 2176 odefacit,
801 2141 830 2171 D
857 2140 890 2171 iu

188 2193 216 2223 L
234 2198 366 2223 mutato
382 2191 537 2231 olefacit,
553 2191 680 2222 olfacit.
706 2192 805 2222 Idem.

229 2242 243 2262 b
264 2242 455 2282 OEnigenas]
469 2243 506 2272 L.
523 2252 568 2272 m.
590 2242 795 2281 Unigenitos:
812 2250 890 2272 nam

192 2304 218 2323 oe
251 2302 311 2332 pro
350 2303 371 2323 u
402 2293 534 2333 antiqui
573 2293 768 2324 utebantur.
819 2293 890 2324 Ful.

191 2342 298 2373 Ursin.

236 2393 427 2433 OEnigenas]
460 2393 552 2426 Quid
578 2393 698 2425 Festus
725 2393 893 2434 intelligat

187 2451 249 2483 per
276 2444 346 2473 vino
371 2444 494 2482 genitos
517 2445 672 2484 ignorare
698 2454 750 2476 me
767 2444 890 2476 fateor.

188 2494 281 2524 Puto
319 2494 498 2533 legendum
531 2496 720 2534 unigenitos.
765 2496 821 2527 Ita
855 2502 892 2527 ut

190 2544 331 2582 oenz'gena
354 2545 399 2574 sit
417 2555 475 2584 pro
492 2547 638 2586 unigena,
652 2557 727 2577 nam
745 2558 771 2577 oe
787 2547 891 2578 Vete-

188 2603 242 2625 res
258 2594 430 2634 ponebant
441 2604 502 2634 pro
517 2606 559 2626 u.-
578 2597 672 2628 etita
685 2596 773 2628 forte
785 2598 889 2637 scrip-

188 2648 279 2675 serat
307 2643 417 2676 Catnl.
435 2643 476 2675 de
509 2646 614 2678 Coma
638 2647 761 2679 Beren.
787 2652 794 2666 ‘
813 2658 888 2679 cum

946 1443 983 1464 se
1000 1433 1190 1464 Memnonis
1208 1432 1387 1474 AEthiopis,
1405 1431 1574 1473 OEnigena
1587 1431 1647 1463 iin-

947 1484 1078 1524 pcllens
1106 1484 1303 1514 nutantibus
1320 1483 1399 1514 aera
1415 1482 1556 1522 pennis!
1604 1484 1648 1514 Et

947 1535 1033 1566 hanc
1049 1545 1157 1566 meam
1174 1534 1446 1565 emendationem
1465 1534 1543 1564 milii
1557 1539 1649 1573 post-

948 1595 988 1616 ea
1005 1585 1221 1616 confirmavit
1236 1584 1456 1623 liber-Ursini,
1473 1583 1529 1615 ubi
1543 1584 1649 1624 unige-

947 1637 1038 1667 nitos.
1066 1637 1149 1666 Dae.

990 1691 1003 1706 ⁰
1029 1685 1190 1725 OEstrum]
1214 1683 1347 1725 Οἶστρον
1368 1688 1404 1715 et
1430 1682 1551 1723 οἶστρος
1571 1691 1647 1723 pro-

945 1736 1017 1776 prie
1036 1745 1212 1776 vesparum
1228 1745 1347 1775 genus,
1360 1735 1407 1765 ita
1423 1733 1582 1765 armentis
1600 1733 1649 1763 in-

944 1786 1081 1823 festum,
1099 1793 1135 1818 ut
1152 1787 1276 1818 aculeis
1289 1786 1356 1817 suis
1372 1795 1412 1816 ea
1429 1785 1469 1816 ad
1485 1784 1647 1815 insaniam

947 1838 1076 1878 adigat,
1092 1838 1181 1868 unde
1197 1842 1334 1868 ‹esti-um
1358 1846 1418 1877 pro
1439 1834 1565 1866 furore.
1603 1835 1648 1866 Et

945 1894 1048 1919 oestro
1061 1887 1439 1929 μενείῑὶ,οἶστροπλῆ·γοι,
1449 1886 1563 1917 furore
1574 1895 1648 1917 cor-

948 1939 1049 1979 repti,
1074 1939 1249 1969 concitati.
1295 1939 1355 1968 Est
1379 1943 1492 1968 autem
1508 1941 1647 1967 oestrum

948 2000 1014 2021 vox
1029 1989 1230 2030 AEgyptiaca
1242 1994 1331 2020 teste
1340 1987 1497 2028 AEscliylo
1513 1988 1544 2018 in
1561 1987 1646 2026 Sup-

951 2039 1100 2081 plicibus
1116 2050 1124 2070 2
1165 2038 1299 2080 Οῖστρον
1322 2040 1470 2069 καλοῦσιν
1500 2037 1594 2068 αὑτὸν
1622 2037 1651 2068 οἱ

950 2089 1066 2122 Νείλου
1082 2090 1190 2132 πέλας.
1228 2093 1236 2107 ‘
1253 2091 1404 2121 OEstrum
1426 2093 1547 2120 vocant
1569 2097 1647 2119 eum

946 2142 1016 2173 Nili
1033 2140 1186 2172 accolae)
1210 2141 1290 2171 Dae.

988 2190 1002 2210 d
1018 2190 1212 2231 Offendices]
1228 2189 1328 2220 Addo
1342 2199 1383 2221 ex
1402 2189 1533 2220 Latinis
1547 2188 1648 2220 Glos-

946 2242 1013 2273 sis:
1046 2243 1054 2258 ‘
1071 2240 1266 2276 offendices,
1297 2240 1388 2281 nodi,
1416 2240 1539 2281 quibus
1569 2239 1647 2270 libri

946 2290 1146 2332 signantur.'
1168 2292 1237 2323 Jos.
1252 2292 1336 2322 Scul.

991 2341 1186 2383 offendices]
1212 2342 1358 2373 Ameuta
1388 2340 1474 2372 infra
1495 2346 1645 2373 mentum

948 2393 1166 2434 pertinentia,
1180 2393 1300 2434 quibus
1313 2402 1414 2432 apex,
1429 2392 1646 2423 sacerdotum

949 2445 1073 2485 pileus,
1093 2443 1314 2474 retinebatur.
1331 2442 1496 2474 Itenialia
1508 2442 1647 2482 quaevis.

948 2494 1194 2526 Gloss.1sidor.
1215 2494 1223 2509 ‘
1242 2492 1454 2531 Offendices,
1471 2492 1550 2522 nodi
1572 2492 1645 2532 qui-

949 2546 1008 2577 bus
1023 2546 1098 2576 libri
1116 2543 1317 2585 signantur!
1366 2544 1451 2582 Lege
1469 2541 1568 2581 infra,
1589 2542 1646 2573 Ve-

944 2596 1052 2628 ranius
1074 2596 1196 2626 Coriola
1216 2595 1389 2629 existimat,
1411 2596 1464 2632 ὅγε.
1511 2594 1646 2633 Coriola,

944 2645 1178 2678 diminutivum
1196 2655 1214 2676 a
1229 2645 1353 2675 corium.
1374 2644 1457 2676 Dac.
