1835 2906
383 178 446 207 DE
481 176 752 206 VERBORUM

789 171 1194 204 SIGNlFICATlONE
1234 172 1329 202 Llss.
1367 172 1430 200 lv.

1545 159 1626 200 221

189 275 285 315 D1A
296 278 527 321 BATHRA‚⁸
550 284 684 324 genus
706 270 921 311 solearum
943 266 1317 307 Graecanicarum.

187 337 458 388 DianiuS‚20f
482 339 604 380 locus·
627 339 784 380 Dianae
805 338 1016 376 sacratus.

188 407 419 456 Dicassiffl
443 406 614 447 dixerit.

186 475 301 515 Dice
319 474 334 495 ¹¹
368 486 449 527 pro
472 473 543 514 dic
561 478 572 496 ¹
604 470 774 524 antiqui
796 482 996 522 posuere.

186 539 503 582 Dicearchia.zi
536 538 791 585 vocabatur,
815 549 916 588 quae
932 548 1044 576 nunc
1067 533 1248 575 Puteoli
1268 546 1278 585 ;
1311 532 1431 586 quod
1454 544 1507 573 ea
1523 531 1631 573 civi-

238 614 308 650 tas
330 607 549 661 quondam
565 604 811 659 justissime
831 604 1072 656 regebatur.

184 672 314 718 Dieik
337 687 431 715 mos
465 676 556 714 erat
583 671 797 713 Romanis
832 670 878 710 iu
909 669 1109 710 omnibus
1131 666 1377 717 sacrificiis,
1398 665 1627 720 precibus-

788 787 909 800 eeeee

911 787 1030 799 eeeeee

225 873 266 900 ·20
292 868 485 909 Legeudum
515 871 626 898 monet
654 866 743 898 Scal.
775 866 948 897 Dianium.-
971 864 1095 906 probat
1117 864 1265 896 Dac.—l
1293 864 1375 895 Vct.
1392 862 1444 894 ed.
1476 862 1556 893 Dz'ce
1577 872 1631 903 pro

184 912 296 944 dicam.
339 911 428 942 Vide
446 910 569 943 inf.—2
593 909 648 940 Al.
674 909 884 940 Dicaearchia.

835 1015 980 1049 NOTAE

182 1095 335 1134 sinistris,
352 1093 491 1134 paribus
516 1098 551 1124 et
580 1092 775 1134 imparibus,
791 1092 875 1123 mul-

181 1145 207 1176 ti
224 1145 328 1175 multa
341 1143 528 1175 tradidere:
554 1143 613 1174 sed
630 1143 716 1174 adeo
732 1143 877 1182 diversa,

180 1199 219 1226 ut
235 1204 286 1226 res
303 1194 409 1235 magis
422 1193 554 1224 incerta
569 1193 623 1225 sit.
647 1193 735 1224 Vide
747 1194 876 1225 Donat.

180 1245 250 1277 Jul.
276 1245 441 1284 Scaliger.
459 1243 516 1275 lib.
548 1253 573 1276 1.
598 1243 700 1274 Poe't.
725 1253 801 1284 cap.
826 1245 878 1274 20.

180 1295 324 1327 Casaub.
341 1295 373 1326 in
390 1295 504 1326 libello
524 1294 566 1325 de
590 1295 713 1326 Satura
729 1298 764 1325 et
781 1294 879 1334 Saty-

179 1345 261 1377 rica.
277 1346 411 1376 Manut.
427 1344 486 1376 lib.
503 1353 559 1376 ιιι.
576 1344 618 1375 de
634 1354 737 1386 quaes.
751 1354 812 1384 per
825 1353 879 1384 ep.

179 1404 256 1435 cap.
283 1397 315 1426 4.
342 1399 378 1426 et
401 1394 600 1426 Salmasium
624 1395 665 1425 ad
691 1395 878 1435 Vopiscum

178 1447 212 1477 in
238 1447 374 1485 Carino,
401 1447 458 1488 qui
485 1455 555 1477 rem
580 1455 713 1477 omnem
733 1446 879 1477 omnium

178 1497 304 1537 optime
322 1501 533 1537 prosecutus.
557 1496 657 1528 Idem.

222 1551 234 1566 Ε
260 1545 455 1585 Diabathra]
480 1546 510 1577 A
527 1545 683 1584 διαβαίνω,
696 1555 748 1584 eo,
764 1544 880 1576 ambu-

178 1596 223 1626 lo.
262 1595 349 1627 Inde
371 1595 603 1634 diabatbrarii‚
621 1597 678 1637 qui
701 1595 881 1627 diabathra

178 1645 320 1677 faciunt.
344 1646 459 1677 Plaut.
474 1646 589 1677 Aulul.
602 1656 658 1678 ιιι.
675 1650 707 1676 5.
729 1646 739 1663 ⁴
751 1645 879 1677 Seden-

179 1697 257 1727 tarii
273 1701 418 1731 sutores,
431 1696 675 1727 diabathrarii.'
694 1696 793 1726 Idem.

222 1745 233 1766 f
252 1746 408 1786 Dianius]
438 1747 528 1785 Lege
554 1745 719 1783 Dianium,
745 1748 782 1774 ut
812 1743 878 1774 Mi-

178 1796 343 1835 nervium,
377 1801 413 1827 et
442 1795 599 1827 Vitruvio
636 1793 879 1835 AEsculapium.

176 1846 246 1877 Jos.
262 1845 344 1876 Scal.

223 1895 375 1935 Dianius]
399 1894 538 1936 Optime
552 1894 733 1935 legendum
746 1893 878 1925 monuit

177 1945 333 1983 Scaliger
349 1944 513 1975 Dianium.
545 1944 600 1975 Sic
626 1949 634 1962 ‘
654 1944 874 1975 Minervium'

179 1995 237 2026 et‘
253 1993 475 2025 Vulcanium’
495 1994 621 2026 dicitur
635 1995 727 2025 locus
750 1993 879 2024 Miner-

180 2054 231 2075 vae
245 2044 299 2075 vel
313 2043 467 2075 Vulcano
480 2048 710 2075 consecratus,
733 2044 778 2075 Et
789 2043 878 2084 apud

179 2093 311 2125 Livium
329 2098 447 2134 aperte
463 2093 617 2125 Dianium
633 2093 758 2134 legitur
779 2093 837 2126 lib.
853 2103 879 2125 1.

180 2149 263 2176 sect.
287 2146 341 2175 48.
390 2147 398 2160 ‘
418 2144 501 2174 Cum
524 2153 560 2174 se
588 2143 723 2174 domum
749 2143 878 2184 recipe-

179 2198 244 2235 ret,
260 2193 542 2235 pervenissetque
567 2194 607 2224 ad
629 2203 791 2225 summum
813 2194 878 2234 Cy-

181 2245 292 2284 prium
305 2245 416 2276 vicum
430 2244 485 2275 ubi
496 2243 655 2275 Dianium
671 2253 779 2285 nuper
790 2242 881 2274 fuit.’

182 2295 264 2326 Dae.

224 2349 239 2371 g
263 2343 423 2383 Dicassit]
449 2343 638 2379 Dicaverit,
653 2344 686 2375 id
703 2348 769 2383 est,
783 2342 879 2375 dixe-

181 2394 238 2425 rit.
273 2393 390 2424 Dicare
403 2393 491 2424 enim
514 2399 549 2425 et
564 2395 665 2426 dicere
681 2403 741 2434 pro
759 2393 879 2425 eodem

182 2445 328 2475 Veteres
363 2442 579 2483 usurpabant.
621 2443 722 2475 Unde
760 2443 769 2460 ‘
787 2443 880 2474 dedi·

184 2493 279 2526 care'
308 2502 409 2534 supra
434 2493 467 2523 in
494 2497 501 2510 ¹
519 2493 685 2525 delicata’
721 2493 880 2533 exposuit

184 2542 352 2574 ‘dicendo
381 2540 539 2581 defen-ef
569 2546 605 2573 et
643 2546 717 2582 post
744 2540 753 2557 ‘
771 2541 878 2582 profa-

185 2593 289 2631 num‚’
311 2592 320 2608 ‘
341 2592 417 2623 Deo
441 2591 556 2631 dicta,’
577 2590 611 2622 id
629 2595 693 2630 est,
710 2591 719 2607 ‘
736 2591 814 2622 Deo
832 2591 880 2621 di-

185 2644 283 2674 cata!
317 2643 361 2674 Et
377 2643 410 2673 in
426 2643 484 2673 illo
500 2642 634 2682 Virgilii
652 2651 732 2673 vul.
748 2641 879 2673 AEneid.

185 2694 194 2709 ί
217 2693 383 2734 Lupercal
409 2693 590 2725 Parrhasio
617 2692 744 2726 dictum
767 2692 880 2724 Panos

931 1092 974 1122 de
1004 1100 1098 1122 more
1136 1090 1275 1131 Lycaei.²
1309 1086 1502 1126 ‘Dictum‚²
1525 1087 1635 1128 inquit

932 1140 1079 1175 Servius,
1091 1138 1269 1174 ‘dicatum,
1283 1135 1538 1169 consecratum!
1554 1136 1634 1167 Dac-

975 1189 989 1210 ¹¹
1012 1190 1108 1230 Dice]
1146 1189 1188 1220 In
1220 1188 1329 1220 veteri
1361 1186 1525 1226 editione,
1554 1186 1634 1216 Dice

930 1251 986 1281 pro
1011 1241 1123 1271 dicam.
1157 1240 1279 1270 Recte.
1318 1236 1513 1278 Legendum
1545 1236 1635 1267 enim

933 1291 1044 1322 Dicem
1057 1300 1114 1331 pro
1137 1289 1260 1320 dicam:
1294 1288 1341 1319 sic
1367 1295 1469 1326 supra
1493 1289 1501 1303 ‘
1517 1285 1633 1316 Attin-

934 1350 1010 1381 gem
1028 1349 1090 1380 pro
1106 1337 1307 1379 Attingam!
1343 1336 1413 1368 Ubi
1438 1335 1554 1367 similis
1583 1343 1635 1365 er-

934 1400 1000 1425 ror,
1025 1390 1035 1406 ‘
1052 1388 1196 1428 Attinge
1209 1397 1271 1429 pro
1286 1384 1503 1427 Attingemz'
1528 1388 1566 1415 nt
1579 1383 1634 1415 hic

934 1430 1013 1471 Dire
1027 1448 1084 1479 pro
1100 1438 1225 1469 Dicam.
1261 1437 1373 1468 Dicem
1388 1445 1469 1476 ergo
1486 1433 1635 1466 secunda

934 1489 1184 1530 conjugatione,
1212 1492 1247 1519 et
1273 1486 1377 1518 diceba
1408 1486 1497 1526 apud
1527 1485 1634 1516 Vete-

935 1551 1000 1573 res.
1025 1541 1178 1574 Nonius:
1203 1540 1388 1579 ‘Primum‚
1405 1538 1492 1580 quod
1510 1536 1634 1568 dicebo

935 1596 1042 1632 recte,
1072 1590 1268 1629 secundum,
1300 1588 1390 1630 quod
1420 1586 1555 1625 dicebo,
1593 1595 1633 1616 eo

934 1641 1077 1671 melius.’
1098 1641 1167 1671 Jos.
1186 1640 1269 1670 Scal.

977 1691 1073 1731 Dice]
1098 1691 1108 1707 ‘
1125 1689 1195 1720 Pro
1212 1688 1292 1720 dic.'
1316 1688 1430 1719 Plaut.
1446 1688 1591 1718 Mercat.
1610 1696 1633 1717 r.

933 1743 966 1771 2.
1000 1740 1009 1756 ‘
1027 1739 1118 1771 Quid
1150 1743 1202 1770 est
1229 1738 1334 1779 igitur
1351 1737 1439 1779 quod
1466 1737 1538 1767 vis?
1575 1735 1634 1767 Di-

934 1798 1019 1828 cam,
1037 1787 1133 1819 dice?
1160 1788 1248 1819 Vide
1265 1788 1375 1818 locum
1395 1786 1508 1817 Naevii
1525 1785 1557 1816 in
1576 1794 1632 1815 vo-

932 1849 972 1871 ce
997 1837 1222 1869 ‘summussi.’
1260 1837 1328 1869 Sed
1355 1838 1388 1868 in
1414 1836 1521 1868 veteri
1552 1836 1634 1866 edit.

931 1889 1058 1928 legitur
1080 1889 1147 1919 dice
1161 1898 1217 1928 pro
1236 1888 1348 1918 dicam.
1386 1888 1511 1926 Recte,
1532 1886 1632 1918 modo

932 1940 1026 1980 legas
1040 1939 1138 1970 dicem
1147 1948 1204 1979 pro
1217 1938 1330 1969 dicam.
1353 1937 1440 1968 Vide
1457 1936 1466 1954 ‘
1478 1937 1634 1977 attinge.’

933 1990 1014 2021 Dac.

971 2038 1199 2079 iDicearchz'a]
1215 2038 1356 2077 Melius,
1367 2040 1405 2069 ut
1421 2036 1455 2068 in
1468 2036 1631 2077 margine,

934 2090 1153 2121 Dicaearchia:
1186 2099 1263 2120 nam
1291 2088 1414 2120 Graece
1444 2086 1630 2125 δικαιαρχία.

934 2141 1127 2183 Campaniae
1139 2140 1247 2172 felicis
1259 2140 1348 2174 urbs,
1361 2137 1511 2169 Puteoli.
1534 2137 1632 2167 Idem

934 2192 1089 2223 scribunt
1111 2190 1247 2230 Strabo,
1271 2189 1470 2227 Pausanias,
1493 2191 1528 2219 et
1556 2187 1631 2218 Ste-

931 2242 1072 2283 phanus,
1089 2242 1146 2282 qui
1169 2241 1271 2272 etiam
1296 2240 1305 2257 ‘
1324 2238 1495 2270 Dicaeam'
1519 2241 1630 2269 vocat.

931 2293 941 2311 ‘
960 2293 1074 2324 Minor
1102 2291 1224 2322 Delos'
1254 2290 1355 2322 etiam
1385 2289 1489 2320 dicta.
1541 2288 1630 2319 Vide

933 2341 943 2359 ‘
960 2342 1122 2373 minorem
1139 2339 1287 2373 Delum!
1310 2340 1408 2370 Idem.

974 2390 989 2412 ’ί
1012 2392 1105 2432 Dici]
1131 2391 1217 2422 Haec
1233 2394 1332 2421 erant
1348 2387 1525 2421 scribenda
1541 2386 1630 2419 infra

933 2443 1035 2474 litera
1068 2442 1100 2473 Q
1123 2453 1129 2470 :
1168 2444 1220 2471 est
1258 2439 1344 2470 enim
1390 2438 1629 2478 interpretatio

932 2492 1023 2523 illius
1062 2489 1156 2521 verbi
1183 2489 1430 2528 Quiritibusque.
1465 2487 1533 2519 Sed
1569 2496 1629 2518 uos

934 2541 1029 2572 Festi
1052 2544 1087 2570 et
1111 2539 1211 2570 Pauli
1234 2548 1364 2570 errores
1388 2539 1451 2569 bac
1473 2538 1507 2569 in
1526 2547 1561 2568 re
1578 2547 1629 2569 se-

934 2592 1003 2622 cuti
1019 2599 1147 2628 sumus,
1168 2588 1278 2620 indice
1299 2594 1409 2619 tamen
1425 2587 1558 2628 adjecto
1575 2595 1630 2616 eo-

935 2651 1006 2672 rum
1026 2640 1214 2678 verborum,
1238 2650 1312 2683 quoe
1328 2639 1441 2671 obiter
1457 2638 1629 2680 explican-

936 2696 1001 2723 tur.
1026 2691 1103 2725 ΛΜ.
1120 2690 1204 2730 Aug.
