1835 2906
211 119 293 162 138

654 132 801 163 SEXTI
835 134 1036 164 POMPEII
1073 135 1209 165 FESTI

211 226 458 280 Capronae²
507 239 717 280 equorum
756 228 881 282 jubae
935 230 979 271 in
1034 229 1219 271 frontem
1273 230 1474 281 devexae,
1519 232 1652 274 dictae

266 294 397 347 quasi
417 306 443 334 a
461 295 608 348 capite
631 309 791 349 pronae.

210 360 570 414 Caprunculum³
590 376 672 404 vas
700 362 848 403 fictile.

209 427 405 483 Capsaeb
441 443 467 471 a
507 430 670 472 Graeco
711 431 1004 484 appellantur,

267 502 388 537 cunt.

210 563 400 617 Capsit,c
432 564 728 618 prehenderit.

1084 431 1186 472 Has
1225 431 1293 472 illi
1334 431 1561 484 uo'qmt‘ragm
1591 432 1657 473 di-

209 631 379 685 Captus
414 632 543 673 locus
583 632 742 674 dicitur
781 632 837 675 ad
879 633 1218 675 sacrificandum
1257 634 1446 687 legitime
1486 633 1654 674 consti-

263 702 400 739 tutus.

208 764 407 818 Capuam
428 763 445 787 ‘¹
474 765 519 806 in
543 766 791 821 Campania
811 767 990 821 quidam
1011 781 1037 809 a
1059 768 1183 823 Capy
1206 768 1479 823 appellatam
1499 767 1652 816 ferunt,

811 885 926 897 eeeeee

930 885 1045 898 eeeeee

251 962 290 991 10
314 959 382 992 Alii
398 960 532 1002 κάμψας.
578 962 619 994 In
637 963 691 996 ed.
707 963 796 995 Scal.
814 968 867 995 est
886 963 1055 1003 κάμπτρας.

857 1072 1002 1104 NOTAE

247 1136 259 1150 2
284 1130 452 1172 Capronae]
476 1132 565 1165 Vide
582 1134 593 1167 ἒ
612 1133 747 1166 Anuae.’
771 1135 903 1167 Nonius

204 1190 272 1211 non
299 1191 460 1222 equorum
488 1187 619 1216 tantum
642 1185 758 1226 jubas,
786 1186 844 1217 sed
869 1192 904 1218 et

203 1231 372 1262 hominum
386 1242 497 1263 comas
524 1244 597 1274 quae
622 1241 699 1266 snut
718 1241 796 1267 ante
814 1236 903 1267 fron-

204 1287 285 1317 tem,
309 1293 456 1324 capronas
479 1285 571 1321 dicit,
605 1296 646 1317 ex
678 1288 734 1318 illo
761 1289 901 1321 Lucilii:

203 1338 212 1350 ‘
230 1332 354 1374 Aptari
371 1341 486 1375 caput,
501 1342 602 1378 atque
627 1348 749 1376 comas,
767 1338 901 1371 fluitare

202 1394 380 1425 capronas,
396 1385 504 1426 Attas,
531 1387 701 1419 frontibus
725 1389 902 1431 immissas,

203 1439 241 1466 nt
255 1445 326 1467 mos
342 1435 407 1468 fuit
422 1436 511 1468 illis!
545 1439 672 1470 Forsan
690 1444 724 1470 et
742 1440 783 1470 de
794 1451 900 1480 capro-

200 1486 251 1516 nz's
267 1486 340 1518 istis
363 1487 604 1528 intelligendus
629 1489 764 1529 elegans
780 1489 837 1521 ille
853 1491 899 1521 lo-

201 1544 261 1566 cus
289 1537 321 1566 in
339 1537 481 1568 Cantico
508 1539 742 1575 Canticorum,
767 1549 843 1581 cap.
868 1543 900 1572 4.

200 1586 210 1601 ⁴
227 1586 351 1627 Capilli
385 1588 434 1619 tui
460 1588 549 1619 sicut
573 1599 696 1630 greges
723 1600 899 1630 caprarum

201 1646 277 1676 quae
296 1638 523 1670 ascenderunt
549 1639 592 1670 de
614 1644 728 1672 monte
745 1641 902 1673 Galaad:

202 1687 301 1718 Idem.

243 1741 258 1757 a
283 1738 526 1779 Caprunculum]
563 1740 632 1771 Vas
667 1741 785 1777 fictile,
814 1741 901 1773 forte

201 1788 249 1818 sic
265 1788 395 1819 dietum
419 1790 506 1829 quod
525 1792 617 1830 capri
632 1791 776 1831 figuram
800 1793 901 1824 habe-

201 1843 265 1874 ret,
283 1844 319 1869 ut
341 1840 414 1870 vult
437 1840 588 1880 Vossius,
615 1842 669 1881 qui
687 1841 822 1873 dubitat
839 1843 901 1874 eti-

201 1899 254 1920 am
292 1899 370 1920 num
406 1890 583 1929 legendum
616 1891 660 1922 sit
688 1894 899 1932 capunculum,

200 1939 288 1981 quod
305 1940 369 1971 erit
382 1940 618 1971 diminutivum
636 1951 655 1971 a
670 1943 767 1982 capis.
791 1943 901 1974 Idem.

243 1989 257 2010 b
283 1989 407 2030 Capsoe]
430 1990 570 2022 Cistulae
589 2002 606 2022 a
623 1992 749 2023 Graeco
772 1992 900 2032 κάμψαι.

200 2039 289 2070 Nam
305 2040 353 2070 sic
379 2040 571 2078 legendum.
597 2041 749 2082 Hesych.
773 2043 899 2083 Κάμψη,

199 2088 288 2127 Θήκη.
327 2090 416 2121 Item
448 2090 589 2131 Καμψία,
622 2093 709 2128 κανᾶ,
742 2093 896 2125 κανίσκια.

200 2140 297 2172 Idem.

242 2196 255 2211 ⁰
269 2190 643 2230 Capsit]Prel1enderit.
662 2193 774 2225 Plaut.
791 2193 897 2225 Pseu·

199 2240 266 2272 dol.
298 2250 349 2272 tv.
371 2244 403 2272 8.
440 2242 502 2273 ‘Si
535 2244 745 2275 occasionem
773 2245 896 2286 capsst,

198 2290 256 2332 qui
272 2289 331 2321 fiet
350 2291 477 2322 malns.’
503 2292 600 2323 Idem.

240 2339 255 2360 d
282 2341 434 2381 Capuam]
469 2342 560 2373 Sane
592 2343 704 2384 Capys
736 2343 895 2376 Graecum

199 2390 252 2420 vel
279 2391 499 2422 Tarentinum
528 2392 661 2424 videtur
689 2395 808 2425 Latine
840 2405 897 2426 ex—

198 2449 353 2481 pressum
370 2451 431 2481 per
454 2442 646 2474 Falconem.
682 2445 770 2475 Nam
787 2444 897 2485 κάπυς,

197 2490 279 2530 παρὰ
303 2490 341 2521 τὸ
368 2491 552 2532 κάπτεσθαι,
570 2495 666 2533 ἤγουν
690 2495 896 2534 κάμπτεσθαι.

199 2541 289 2582 quod
313 2542 468 2574 incurvos
493 2544 619 2577 lrabeat
647 2547 775 2586 pedes:
807 2547 897 2578 unde

198 2596 236 2623 et
258 2592 374 2633 ,Capns
398 2593 508 2625 dictus
534 2595 603 2625 κατ’
625 2596 745 2635 ἐξοχήν.
768 2603 803 2628 ut
819 2597 896 2637 ὅρνις

198 2641 332 2673 Gallina
346 2643 412 2673 κατ’
427 2643 548 2683 ἐξοχήν.
562 2650 597 2676 et
609 2647 715 2678 multa
729 2647 793 2678 alia
807 2649 895 2688 ejus-

199 2691 300 2739 modi.
341 2693 390 2725 Ut
405 2698 439 2725 et
455 2704 539 2726 unus
563 2699 692 2727 tantum
710 2706 751 2727 cx
769 2707 894 2737 genere

959 1136 1158 1177 accipitrum
1183 1140 1322 1166 vocatus
1348 1135 1470 1173 Falco;
1495 1144 1559 1165 non
1587 1144 1654 1165 om-

957 1196 1016 1217 nes
1043 1187 1238 1228 accipitres,
1264 1186 1417 1227 quamvis
1446 1195 1562 1216 omnes
1588 1186 1656 1216 sint

956 1239 1236 1279 καμψώνυχοι.1100
1250 1239 1340 1269 enim
1354 1237 1525 1278 significat
1538 1238 1651 1269 Falco.

955 1291 1022 1321 Jos.
1039 1290 1124 1321 Scal.

1002 1341 1156 1381 Capuam]
1190 1339 1310 1379 Vin-gil.
1338 1347 1374 1369 x.
1408 1336 1540 1369 AEneid.
1579 1338 1589 1355 ‘
1610 1337 1653 1368 Et

957 1391 1092 1432 Capys3
1117 1391 1194 1421 hinc
1219 1399 1339 1420 nomen
1363 1388 1545 1428 Campanae
1562 1386 1654 1418 duci-

957 1446 1012 1472 tur
1028 1441 1126 1473 urbi.'
1159 1441 1226 1472 Ubi
1241 1439 1396 1471 Servius:
1424 1439 1432 1454 ‘
1448 1438 1583 1472 Caelins,
1596 1436 1653 1477 qui

956 1492 1138 1532 Trojannm
1157 1492 1276 1531 Capyn
1292 1488 1484 1520 condidisse
1502 1488 1651 1527 Capuam

956 1542 1111 1581 tradidit,
1128 1550 1269 1582 eumque
1286 1541 1399 1572 AEneae
1424 1537 1525 1569 fuisse
1548 1537 1654 1568 sobri·

955 1602 1045 1623 num.
1079 1592 1143 1623 Alii
1163 1592 1250 1622 huuc
1267 1592 1386 1630 Capyn
1408 1589 1513 1620 filium
1531 1588 1654 1629 Capeti

957 1644 1072 1674 volunt
1096 1652 1181 1677 esse,
1198 1641 1350 1673 Tiberini
1381 1650 1490 1679 avum,
1517 1648 1559 1670 ex
1587 1649 1654 1679 quo

955 1691 1075 1723 fluvius
1088 1692 1228 1733 Tyberis
1252 1691 1442 1731 appellatus
1465 1694 1535 1720 est:
1561 1698 1652 1720 eum-

957 1752 1022 1782 que
1039 1744 1165 1783 Capuae
1182 1741 1392 1773 conditorem
1406 1739 1570 1780 produnt:
1597 1739 1653 1769 alii

956 1794 1076 1834 Capyn
1093 1793 1277 1824 Samnitem
1291 1790 1484 1822 condidisse
1501 1790 1651 1829 Capuam

955 1843 1168 1874 confirmant.
1197 1841 1265 1872 Sed
1283 1842 1433 1882 Capuam
1452 1840 1523 1870 vult
1541 1839 1653 1870 Livius

953 1903 971 1923 a
989 1894 1068 1924 locis
1093 1893 1341 1933 campestribus
1369 1891 1494 1921 dictam
1520 1890 1553 1920 in
1582 1888 1652 1930 qni-

952 1942 1015 1973 bus
1043 1944 1108 1974 sita
1135 1948 1205 1973 est:
1230 1946 1367 1973 constat
1393 1947 1508 1972 tamen
1536 1949 1609 1970 eam
1634 1949 1653 1969 a

953 1993 1070 2024 Tuscis
1095 1993 1265 2023 conditam
1291 1992 1333 2022 de
1354 1992 1423 2021 viso
1438 1990 1579 2020 falconis
1595 1997 1653 2018 an-

953 2043 1060 2082 gurio,
1079 2043 1134 2083 qui
1148 2044 1256 2074 Tusca
1272 2043 1384 2081 lingua
1402 2049 1506 2079 capys
1518 2038 1652 2073 dicitur,

953 2094 1041 2124 unde
1072 2099 1124 2124 est
1157 2094 1274 2133 Capua
1304 2092 1484 2122 nominata.
1520 2090 1650 2120 'I'tiscos

954 2149 1067 2175 autem
1093 2154 1226 2175 omnem
1253 2153 1350 2184 paene
1375 2142 1509 2173 Italiam
1538 2141 1651 2181 snbju-

953 2203 1050 2234 gasse
1067 2193 1283 2225 manifestum
1304 2198 1365 2224 est.
1410 2192 1476 2223 Alii
1495 2202 1513 2222 a
1530 2191 1650 2222 Tuscis

953 2244 1090 2285 quidem
1111 2249 1281 2275 retentam
1297 2248 1332 2274 et
1349 2243 1441 2283 prius
1458 2242 1649 2273 Aliternum

952 2301 1127 2327 vocatam:
1151 2297 1278 2327 Tuscos
1296 2305 1314 2325 a
1330 2293 1536 2325 Samnitibus
1552 2302 1651 2324 exac-

952 2352 1004 2379 tos
1026 2348 1178 2388 Capuam
1205 2356 1364 2377 vocasse:
1397 2345 1439 2376 ob
1470 2345 1532 2375 hoc
1559 2343 1649 2385 qnod

950 2398 1036 2429 hanc
1061 2397 1195 2438 quidam
1226 2396 1325 2427 Falco
1352 2393 1574 2432 condidisset,
1595 2393 1649 2424 cui

951 2448 1090 2488 pollices
1109 2447 1231 2488 pedum
1247 2446 1342 2477 curvi
1366 2444 1518 2483 fuerunt,
1534 2454 1649 2484 quem-

950 2498 1131 2529 admodum
1148 2497 1299 2528 falcones
1318 2505 1397 2526 aves
1411 2495 1547 2531 liabent,
1565 2503 1648 2534 qnos

951 2550 1040 2581 viros
1062 2549 1160 2580 Tusci
1178 2549 1312 2588 Capuas
1332 2550 1506 2576 vocat-unt.
1540 2545 1649 2574 Varro

951 2600 1033 2631 dicit
1051 2603 1193 2640 propter
1209 2597 1284 2628 cccli
1308 2594 1506 2634 temperiem
1526 2598 1561 2624 et
1575 2603 1648 2624 ces—

950 2650 1030 2690 pitis
1050 2647 1307 2680 faecunditatem
1330 2653 1485 2684 campum
1503 2643 1646 2674 cundem

950 2701 1182 2741 Campuanum
1199 2697 1269 2728 sive
1282 2695 1492 2735 Campanum
1507 2693 1645 2727 dictum,
