1835 2906
181 107 266 148 424

623 108 772 141 SEXT!
808 107 1007 139 ΡΟΜΡΕΙΙ
1043 106 1179 138 FES'rl

240 213 375 260 facta,
399 212 445 250 ut
463 206 638 263 (Attius
658 206 701 246 in
724 203 997 245 Helenibus:
1031 201 1167 255 Signo
1199 201 1426 255 extemplo
1452 214 1624 252 canere,

241 291 294 320 ac
314 278 400 319 tela
419 276 475 316 ob
505 274 673 315 moenia
693 272 846 314 offerre
866 272 1089 324 imperat.)
1134 270 1358 322 Significat
1379 269 1513 310 etiam
1534 269 1625 310 offi-

241 346 324 387 cia.
375 343 563 384 Plautus
583 340 648 397 (in
670 339 929 382 Nervolaria
943 337 977 393 ε)
994 337 1312 392 prohibentque
1332 338 1496 380 moenia
1515 337 1626 378 alia:

241 411 357 452 unde
379 422 459 463 ego
478 408 677 462 fungar¹9
696 419 811 448 mea.

186 478 341 520 Molaz
360 481 546 519 vocatur
576 476 710 517 etiam
729 474 795 515 far
815 477 994 524 tostum,
1017 476 1059 514 et
1081 473 1172 514 sale
1193 486 1412 527 sparsum,
1435 472 1552 527 quod
1575 485 1628 513 eo

241 545 399 587 molito
420 545 577 586 hostiae
598 546 916 596 aspergantur:

245 612 373 653 dictas
399 618 565 665 putant.

945 540 1073 582 molas
1107 541 1218 581 avias
1233 545 1269 564 ²0
1300 540 1433 594 <inepte
1466 539 1632 594 quidam

188 679 337 721 Moles
353 686 369 702 ³
389 693 470 733 pro
491 676 790 732 magnitudine
810 675 899 717 fere
918 677 1023 729 poni
1040 678 1177 719 solet:
1200 675 1363 726 moliri,
1380 679 1424 716 et
1454 674 1637 727 [PAUL-

244 748 499 789 molitiones
519 759 546 787 a
568 744 789 786 movendo
811 748 976 784 certum
997 749 1067 785 est
1088 744 1207 785 dici.¹

189 813 479 856 Mollestrasb
514 813 720 854 dicebant
745 811 885 865 pelles
915 811 1089 861 oviles,²
1117 811 1279 864 quibus
1317 810 1464 862 galeas
1495 811 1636 850 exter-

245 883 416 936 gebanh

190 949 439 991 Molucrum
452 956 465 972 ⁰
482 962 566 989 non
588 949 729 989 solum
747 960 836 1001 quo
858 947 987 988 molae
1007 949 1254 987 vertuntur³
1272 944 1444 992 dicitur,
1475 941 1639 994 [FEST-

796 1045 933 1056 ‘‘‘‘‘‘

936 1044 1033 1056 ‘coeo

235 1116 275 1144 19
297 1114 376 1145 Vet.
401 1113 457 1144 lib.
478 1113 697 1151 fungum—20
721 1111 985 1143 Rescribendnm
1012 1115 1128 1142 monet
1154 1112 1239 1142 Dac.
1256 1111 1351 1140 molas
1364 1108 1518 1139 alias.—1
1545 1106 1641 1137 Idem

190 1156 275 1195 legit
290 1157 392 1187 moliri
403 1160 433 1187 et
448 1157 622 1187 molitiones
636 1166 654 1186 a
669 1156 840 1185 molendum
850 1158 968 1185 certum
982 1157 1028 1184 est
1043 1154 1117 1185 dici.
1164 1154 1231 1184 Pro
1248 1152 1420 1183 ›nolit-iones
1436 1151 1570 1191 quidam
1585 1149 1644 1180 lib.

189 1199 367 1229 molitores:
398 1205 433 1230 et
458 1209 519 1238 pro
541 1200 686 1229 movendo
714 1198 765 1227 vir
792 1198 882 1228 doct.
913 1197 945 1227 in
968 1206 1074 1236 marg.
1098 1196 1140 1226 ed
1166 1195 1255 1227 Scai.
1285 1195 1425 1234 conjicit
1451 1193 1644 1224 molendo.—

191 1244 211 1272 2
234 1242 313 1274 Vet.
337 1241 418 1273 libb.
434 1241 543 1273 ovillas
561 1242 613 1272 vel
629 1242 810 1272 ovium—3
827 1239 974 1273 Quidam
1000 1239 1081 1271 libb.
1103 1242 1179 1270 τοία»
1200 1242 1377 1269 verruntur.
1422 1236 1508 1267 Vide
1524 1236 1645 1267 Notas.

851 1325 991 1358 NOTAE

190 1401 224 1422 re
239 1402 274 1421 nc
288 1393 349 1422 tela
361 1391 397 1422 ob
409 1391 521 1423 moenia
531 1390 656 1429 adferre
667 1391 812 1432 imperat.
841 1391 889 1422 Ob

192 1443 314 1479 mnia,
332 1441 364 1471 id
383 1446 446 1478 est,
460 1442 499 1472 ad
515 1442 638 1473 moenia.
677 1442 767 1472 Vide
785 1442 795 1458 ‘
809 1441 889 1473 Ob!

192 1491 314 1521 Moenia
331 1500 391 1531 pro
407 1490 520 1522 officia
540 1492 656 1523 Plant.
677 1493 686 1508 ‘
701 1492 892 1523 Prohibent

193 1541 272 1581 quin
289 1542 412 1572 moenia
427 1541 565 1572 aliunde
581 1541 702 1582 fungar
714 1541 813 1572 mea.'
834 1542 891 1572 Ita

193 1591 282 1622 enim
306 1591 469 1632 legendus
485 1592 538 1623 hic
553 1601 668 1623 versus
686 1596 722 1623 ut
735 1597 770 1623 et
790 1592 822 1623 in
835 1592 889 1623 ΑΙ.

193 1641 292 1672 Idem.

236 1698 247 1711 2
270 1692 374 1732 Mola]
398 1692 486 1724 Vide
511 1693 708 1725 ‘immolare
726 1697 733 1709 ’
748 1698 783 1725 et
799 1695 807 1712 ‘
821 1705 892 1726 mu-

193 1742 282 1773 nies!
327 1743 368 1775 In
393 1744 460 1775 fine
478 1745 582 1775 Molas
605 1745 692 1776 avias
706 1746 808 1786 inepte
825 1747 892 1786 qui-

193 1795 264 1824 dam
279 1794 380 1825 dictas
402 1799 536 1835 putant.-
571 1803 666 1827 certe
689 1806 754 1827 non
782 1797 894 1837 capio.

194 1843 288 1874 Puto
316 1845 567 1876 rescribendum
593 1847 689 1877 molas
713 1848 801 1878 alius.
850 1848 896 1879 Ut

195 1893 289 1924 dicat
305 1894 437 1930 Festus,
461 1895 578 1935 inepte
604 1894 718 1927 facere
744 1907 814 1936 eos,
841 1897 897 1938 qni

194 1944 318 1975 molam
351 1945 449 1976 aliam
481 1945 607 1977 dictam
637 1952 773 1987 putant,
799 1958 897 1988 quam

194 1993 246 2025 far
284 2004 361 2026 cnm
397 1996 480 2027 sale.
534 1997 627 2027 Nihil
663 1998 751 2029 aliud
789 1999 897 2030 video.

196 2044 295 2076 Idem.

240 2100 254 2116 ²
277 2095 395 2136 BIoles]
421 2097 524 2138 Lege,
548 2098 651 2130 moliri
666 2103 695 2130 et
725 2101 897 2132 molitiones

197 2156 215 2176 a
244 2147 417 2177 molendum
443 2151 561 2178 certum
589 2152 635 2179 est
665 2149 738 2180 dici.
791 2150 899 2182 Immo

197 2197 312 2236 potius
330 2207 349 2228 a
370 2198 500 2229 molibus
524 2203 576 2229 est
598 2200 714 2239 moliri,
730 2210 749 2231 a
775 2211 840 2241 quo
865 2206 899 2232 et

197 2247 378 2279 molitiones.
407 2248 514 2280 Idem.

242 2299 255 2319 ὓ
279 2300 477 2341 Mollestras]
501 2300 556 2331 Sic
572 2300 898 2332 Latinivocabulum

198 2349 360 2382 Graecum
385 2350 630 2391 depravarunt,
655 2356 691 2382 et
716 2362 735 2383 e
758 2352 901 2391 μηλωτὴ,

200 2400 289 2438 quod
319 2401 440 2440 pellem
470 2402 591 2433 ovilem
617 2402 799 2444 significat,
825 2405 900 2434 mol·

199 2449 324 2480 lestram
354 2451 611 2492 interpolatum.
657 2453 808 2486 Turneb.
843 2454 900 2485 lib.

199 2507 256 2530 ιιι.
281 2510 354 2540 cap.
374 2505 422 2533 ll.
442 2508 476 2533 et
494 2502 551 2534 lib.
571 2512 647 2535 xix.
664 2514 737 2545 cap.
761 2508 814 2536 24.
836 2506 906 2536 Me-

201 2550 265 2579 lotu
276 2560 286 2585 ;
298 2555 414 2589 postea
423 2554 562 2592 melma,
571 2565 586 2584 s
600 2555 741 2594 inserto,
751 2557 907 2594 melostra,

201 2599 358 2640 maleum,
390 2603 569 2639 geminatis
600 2604 707 2636 literis
739 2607 904 2639 nwllesera.

203 2648 311 2681 ldenr

984 1394 998 1410 θ
1022 1389 1213 1430 Molucrum]
1228 1387 1362 1420 Afranii
1386 1387 1489 1419 verba
1501 1390 1578 1418 sunt
1590 1387 1648 1427 qui

945 1441 994 1472 ita
1006 1441 1180 1472 scribant:
1211 1440 1340 1480 Virgini
1370 1443 1434 1469 lam
1454 1438 1564 1469 crescit
1580 1440 1646 1468 ute·

945 1502 1011 1527 rus,
1026 1501 1118 1531 quam
1130 1491 1270 1529 gravidae
1284 1489 1420 1524 mulieri,
1445 1492 1572 1519 vocatur
1586 1498 1647 1518 mo—

947 1541 1077 1579 lucrum,
1093 1540 1208 1571 transit
1223 1541 1317 1571 esiam
1331 1539 1397 1570 sine
1418 1539 1531 1569 dolore.
1577 1538 1647 1569 Ga-

947 1592 1033 1623 briei
1049 1591 1197 1622 Faernus
1215 1592 1281 1621 ita:
1312 1589 1437 1629 Virgini
1452 1589 1527 1619 Tam
1537 1590 1646 1619 crescit

946 1647 1064 1681 uterus,
1090 1652 1182 1683 qnam
1203 1640 1346 1681 gravidoe
1367 1639 1509 1670 mulieri:
1545 1639 1648 1669 Molu-

947 1704 1034 1724 crum
1055 1697 1195 1731 vocatur,
1231 1691 1345 1722 transit
1376 1690 1444 1720 sine
1482 1689 1648 1720 doloribus.

949 1744 1036 1775 Sunt
1053 1748 1166 1773 antem
1184 1741 1307 1772 senarii
1325 1741 1390 1770 duo
1414 1744 1491 1780 post
1511 1739 1648 1770 verbum

947 1795 955 1811 ‘
972 1793 1115 1834 virgini?
1138 1793 1218 1824 Ant.
1234 1792 1318 1831 Aug.

995 1845 1186 1886 Molucrum]
1205 1844 1323 1875 Scribe
1331 1842 1498 1882 μύλακρον.
1522 1843 1650 1874 Versus

953 1895 1085 1927 Afranii
1102 1896 1148 1926 ita
1166 1895 1271 1935 legito
1287 1906 1293 1924 :
1321 1894 1425 1931 ferme
1446 1893 1564 1932 virgini
1584 1894 1652 1924 Ex-

951 1948 1060 1978 crescit
1078 1951 1194 1985 uterus,
1209 1950 1356 1985 tanquam
1366 1945 1508 1984 gravida:
1519 1945 1652 1975 mulieri.

954 1998 1130 2029 Molucrum
1157 2001 1283 2027 vocatur
1296 2008 1305 2026 .-
1329 1997 1443 2027 trzmsit
1459 1996 1525 2026 sine
1541 1996 1653 2026 dolori-

954 2049 1027 2079 bus:
1053 2054 1087 2079 et
1107 2048 1157 2078 ubi
1173 2050 1317 2087 molatur,
1335 2056 1413 2085 non,
1436 2046 1487 2076 ubi
1514 2046 1651 2075 immola-

953 2103 1015 2130 tur.
1040 2099 1113 2130 JOS.
1128 2099 1218 2130 Scal.

996 2148 1186 2188 Molucrum]
1221 2148 1325 2187 Lege,
1372 2147 1445 2177 Non
1476 2147 1573 2178 solum
1597 2156 1653 2186 quo

954 2201 1043 2230 moloe
1084 2201 1262 2238 verruntur,
1291 2199 1344 2237 &a
1386 2205 1523 2236 scopam
1565 2196 1654 2226 enim

954 2249 1114 2280 molarem
1128 2246 1307 2288 significat.
1333 2247 1402 2277 Pro
1416 2245 1564 2287 μύλικρυν
1578 2248 1655 2287 lege

953 2299 1121 2340 μύλακρον,
1146 2298 1323 2338 μυλήκορον
1346 2308 1365 2329 a
1380 2298 1476 2337 μύλη,
1493 2298 1593 2335 mola,
1622 2302 1657 2328 et

956 2351 1068 2390 κορεΐν,
1085 2359 1233 2380 verrere.
1266 2349 1313 2379 At
1330 2350 1529 2387 molucrum,
1545 2353 1656 2379 tumor

957 2401 1085 2432 ventris
1102 2406 1189 2431 esta
1214 2397 1392 2439 μυλόκρεος,
1420 2400 1507 2429 moia
1533 2399 1656 2437 carnis,

959 2463 1031 2494 quae
1050 2452 1186 2493 proprie
1209 2461 1250 2481 ex
1278 2451 1405 2481 semine
1434 2450 1533 2487 virili,
1552 2458 1657 2489 qnare

962 2503 1146 2544 improprie
1173 2502 1214 2531 de
1240 2500 1378 2541 virginis
1407 2505 1537 2530 tumore
1561 2500 1656 2529 molu-

962 2565 1047 2585 crum
1062 2553 1149 2584 dixit
1167 2550 1340 2589 Afranius,
1357 2550 1453 2589 cnjus
1474 2558 1589 2578 versus
1610 2549 1657 2579 sic

961 2606 1044 2645 legit
1056 2604 1228 2643 Scaliger:
1245 2602 1346 2639 ferme
1358 2599 1477 2637 virgini
1493 2600 1657 2630 Excrescit

962 2661 1067 2688 uterus
1083 2659 1227 2695 tanquam
1246 2651 1388 2692 gravidoe
1399 2650 1531 2682 mulieri.
1556 2650 1657 2682 Molu-
