1835 2906
397 148 454 177 DE
490 146 762 176 VERBORUM
797 144 1201 174 SIGNIFICATIONE
1239 145 1332 174 [ΑΒ.
1368 147 1395 175 1.

1554 135 1609 175 31

160 244 339 285 Abiisse
362 255 440 295 pro
462 242 626 283 adiisse
642 240 678 264 2¹
711 241 932 282 dicebant.

162 311 412 351 Abitionem
428 315 454 330 ¹¹¹
488 310 659 363 antiqui
681 309 889 350 dicebant
909 311 1107 348 mortem.

160 377 424 426 Abnutare,¹¹
446 390 568 430 saepe
589 379 790 418 abnuere.

159 444 232 484 Ab
255 445 377 484 oloes
393 449 408 465 ⁰
430 444 654 494 dicebant,
676 458 755 498 pro
777 445 832 485 ab
852 443 965 483 illis:
1000 441 1172 495 antiqui
1194 442 1308 482 enim
1330 441 1497 482 literam
1521 455 1606 482 non

216 512 505 563 geminabant.

765 625 1005 638 aeeeaeeeeeeeee

154 701 255 734 bante
274 704 498 736 Daceri0.-—2
521 704 591 736 Alii
606 704 726 736 obiisse.

810 816 950 849 NOTAE

150 881 313 913 indicavit
328 881 359 912 in
377 883 444 913 Ms.
462 884 530 923 legi
543 884 695 914 abietaria
708 883 848 922 negotia·

149 932 202 962 tio.
248 931 342 962 Infra
366 942 427 973 pro
446 935 608 965 materiam
621 934 785 973 .Scaliger
801 934 848 964 le-

148 981 197 1021 git
212 983 457 1014 maleriationem
473 995 484 1015 .-
509 986 647 1015 Frustra
663 996 670 1014 ε
690 995 764 1015 nam
781 994 845 1015 ma-

146 1032 228 1062 teria
248 1038 300 1063 est
319 1033 435 1073 ξυλεία,
460 1038 468 1051 ‘
487 1035 654 1074 lignatio,'
679 1035 844 1074 lignorum

145 1081 301 1120 συλλογή.
360 1083 525 1114 Abietaria
551 1086 731 1123 negotiatio,
755 1085 845 1115 Gall.

144 1131 234 1171 trofic
256 1133 293 1162 de
315 1132 391 1164 bois.
437 1133 467 1164 A
484 1135 615 1165 materia
631 1140 684 1165 est
699 1136 844 1164 materia-

142 1181 219 1217 rius,
242 1183 438 1221 quisournz't
459 1184 486 1214 le
505 1183 581 1214 bois.
628 1185 743 1215 Plaut.
768 1185 843 1215 Mil.

143 1230 239 1262 Glor.
258 1241 314 1263 111.
340 1236 371 1264 3.
396 1234 542 1265 ‘Assunt
567 1233 654 1265 fabri
678 1235 842 1265 architec-

141 1281 249 1321 tique,
265 1292 339 1314 eam
357 1284 492 1324 quidem
510 1285 553 1316 ad
574 1295 642 1316 rem
668 1286 757 1317 haud
783 1286 842 1316 im-

140 1332 261 1370 periti:
286 1333 320 1363 Si
340 1343 404 1364 non
422 1344 481 1365 nos
499 1336 712 1366 materiarius
731 1345 839 1366 remo-

139 1387 246 1419 ratur,
261 1384 349 1423 quod
367 1394 450 1423 opus
468 1389 522 1415 est
538 1385 594 1426 qui
612 1386 694 1416 det.'
718 1387 797 1418 Dae.

181 1430 189 1451 ¹
203 1432 328 1463 Abt't'sse
341 1445 400 1474 pro
412 1435 542 1474 adiisse]
562 1436 762 1467 Restituunt
777 1437 837 1467 viri

138 1481 230 1512 docti
258 1483 370 1514 abiisse
396 1494 453 1525 pro
484 1485 608 1517 obiisse.
669 1487 718 1517 Ut
748 1486 837 1518 infra

139 1533 147 1548 ‘
174 1533 355 1565 abitionem
388 1537 518 1577 antiqui
551 1537 711 1569 dicebant
748 1548 837 1569 mor·

135 1584 229 1614 tem.'
277 1585 443 1616 Putabam
460 1587 539 1618 olim
553 1587 717 1628 scriptum
735 1587 837 1620 fuisse

134 1633 246 1665 obiisse
257 1645 316 1675 pro
335 1636 458 1668 adiisse.
491 1637 578 1668 Nam
594 1637 681 1668 infra
693 1638 742 1668 ait
755 1639 833 1669 ‘ob-

135 1683 184 1713 itu
200 1684 360 1715 dicebant
386 1696 447 1726 pro
470 1686 588 1717 aditu!
634 1688 758 1728 Neque
776 1689 833 1719 ob-

136 1738 207 1764 stat
224 1735 326 1765 series
343 1736 530 1775 literarum,
550 1746 625 1767 cum
648 1738 754 1767 multa
769 1738 835 1769 alia

134 1784 199 1814 sint
217 1794 291 1825 quae
307 1795 401 1816 suum
416 1786 567 1816 ordinem
594 1796 659 1817 non
685 1792 833 1820 servant.

131 1833 231 1864 Idem.

174 1889 196 1904 ¹¹¹
208 1885 403 1925 Abilionem]
429 1886 630 1917 Notavimus
644 1886 676 1916 in
691 1886 832 1927 Conjec-

132 1935 250 1970 taneis,
266 1940 427 1976 quantum
443 1936 586 1967 Veteres
597 1935 772 1974 δυσφημίαν
785 1938 830 1967 vi-

131 1986 281 2016 taverint
298 1987 331 2017 in
356 1987 472 2017 mortis
500 1988 672 2018 mentione
692 1999 699 2018 :
726 1993 764 2019 ut
787 1988 829 2019 de

128 2041 260 2068 mortuo
271 2037 446 2077 dicebant,
462 2046 585 2069 lelT:
604 2042 639 2068 et
652 2039 684 2068 in
701 2039 828 2070 veteri-

128 2086 190 2117 bus
216 2087 436 2118 marmoribus
465 2087 554 2118 idem
579 2088 714 2128 visitur,
742 2098 827 2128 prae-

127 2137 243 2168 sertim
258 2139 291 2168 in
310 2138 386 2177 illis,
402 2148 475 2178 quae
490 2143 610 2168 extant
628 2138 799 2169 Narbonae
816 2149 824 2169 1

127 2192 176 2223 nt,
190 2196 307 2218 vrxrr.
319 2197 350 2219 c.
363 2197 668 2219 FLAV1VS.FELIX:
688 2193 735 2227 et,
747 2198 826 2220 le-

126 2245 173 2267 ιτ.
201 2245 391 2269 VALEtuvs.
421 2246 605 2269 EMELLVS:
636 2243 683 2272 et,
708 2247 824 2270 Vixrr.

126 2295 312 2319 nomrrms.
326 2296 474 2319 patmus.
519 2288 641 2328 Itaque
657 2296 760 2318 imm*
774 2288 821 2319 di-

126 2336 263 2375 cebant,
287 2347 347 2376 pro
386 2337 498 2377 periit.
534 2338 676 2368 Tertull.
721 2339 756 2368 Si
780 2339 823 2369 de

127 2385 240 2425 aliquo
252 2387 457 2426 jampridem
475 2386 637 2418 defuncto
662 2392 821 2429 tanquam

125 2436 202 2466 vivo
219 2437 291 2477 quis
307 2437 470 2478 requirat,
487 2447 557 2478 prae
581 2448 682 2469 manu
704 2449 821 2470 occur—

125 2485 169 2514 rit
192 2485 323 2517 dicere:
348 2495 448 2519 Asstt'r
477 2496 564 2525 sam,
588 2492 635 2526 et,
659 2497 821 2521 Ravan'm

126 2542 263 2566 DEBET:
283 2536 330 2566 sic
343 2545 402 2576 pro
416 2535 532 2566 eodem
545 2536 716 2573 dicebant,
729 2547 822 2570 Furr-

125 2590 162 2615 ut
175 2591 328 2616 notamus
347 2585 436 2618 alibi.
451 2587 521 2617 Jos.
539 2586 620 2617 Scal.

167 2633 343 2666 Abitz'onem
356 2636 504 2676 Antiqui]
519 2636 662 2666 Veteres
679 2641 716 2667 ut
733 2637 819 2669 male

124 2684 281 2718 ominatis
297 2686 406 2717 verbis
424 2691 602 2727 parcerent
616 2692 650 2719 et
666 2696 685 2718 a
702 2689 818 2719 mortis

901 881 1071 912 mentione
1088 880 1307 921 abstinerent,
1325 880 1350 911 si
1368 890 1465 922 quem
1490 891 1508 911 e
1533 881 1602 912 vita

900 930 1087 961 decessisse
1105 932 1306 966 indicarent,
1323 930 1496 969 dicebant,
1510 932 1600 969 Fuit,

900 981 998 1016 vixit,
1015 981 1110 1011 abiit.
1136 981 1314 1014 Quomodo
1329 986 1363 1012 et
1376 982 1599 1013 Graecisuum

900 1032 1040 1070 οἴχεσθαι
1053 1037 1086 1062 et
1102 1031 1285 1070 ἀποίχεαι-θαι
1298 1032 1518 1072 usurpabant.
1543 1033 1600 1063 Sic

898 1084 1002 1121 plures
1027 1083 1127 1113 etiam
1155 1092 1215 1122 pro
1236 1083 1392 1119 mortuis,
1420 1087 1457 1113 ut
1482 1082 1598 1114 Graeci

900 1132 1056 1164 πλείονας.
1100 1133 1158 1164 Sic
1187 1138 1221 1163 et
1236 1133 1358 1171 felic-eS,
1382 1142 1465 1173 quos
1487 1133 1598 1163 Graeci

898 1183 1076 1222 μακαρίτας.
1113 1183 1237 1214 Horat.
1252 1184 1261 1200 ‘
1277 1182 1405 1213 Omnes
1422 1182 1597 1221 composui

898 1231 1042 1263 fellees.’
1089 1233 1133 1262 Et
1162 1232 1195 1262 id
1220 1242 1278 1263 nos
1306 1233 1404 1272 vulgo
1425 1231 1597 1272 hodieque

899 1284 1051 1314 dicimus.
1079 1284 1159 1315 Dae.

937 1338 950 1353 ¹²
978 1333 1155 1372 Abnutare]
1181 1331 1433 1363 ‘Abnutivum'
1457 1332 1490 1363 in
1504 1333 1595 1363 Pan-

894 1383 1023 1413 dectis:
1042 1383 1131 1424 quod
1145 1384 1176 1413 in
1188 1383 1486 1414 constitutionibus
1499 1383 1595 1413 Grae-

893 1433 939 1463 cis
952 1442 1018 1463 non
1031 1442 1103 1463 raro
1113 1432 1238 1463 dicitur
1249 1432 1421 1463 ἀνανεῦσαι.
1438 1432 1491 1463 Sic
1502 1433 1595 1462 Mar-

892 1483 1004 1513 tianus
1020 1483 1221 1513 ‘orationem
1237 1482 1459 1520 abnutivam,'
1470 1487 1504 1513 et
1517 1485 1524 1499 ‘
1536 1484 1591 1513 ad-

891 1533 1066 1573 nutivam,'
1084 1533 1158 1570 ιτὴν
1167 1533 1372 1573 ἀποφατικὴν,
1389 1533 1438 1563 καὶ
1450 1538 1592 1571 καταφα-

891 1583 998 1620 τικήν;
1033 1589 1067 1614 et
1084 1584 1316 1615 Glossarium:
1347 1584 1593 1622 ‘Abnutivum,

892 1634 1085 1673 ἀπωμοτικόν
1100 1634 1122 1665 :’
1144 1637 1152 1652 ‘
1168 1635 1391 1672 Adnutivum,
1419 1646 1588 1672 κατωμοτι-

889 1686 966 1716 κόν.’
1010 1686 1205 1717 Abnntz'vum
1224 1691 1259 1717 et
1278 1686 1474 1717 Adnnlz'vum
1498 1686 1587 1726 quod

887 1742 989 1768 vocat
1004 1737 1197 1767 Martianus
1215 1737 1371 1776 Capella,
1396 1741 1448 1766 est
1474 1737 1589 1776 Nega-

889 1786 1011 1818 ton-ium
1035 1791 1070 1817 et
1092 1786 1357 1817 confessori-xm.
1385 1786 1554 1816 Jos.Scal.

930 1836 1106 1875 Abnutare]
1136 1836 1438 1877 Frequentativum
1463 1845 1482 1866 a
1509 1845 1587 1871 nuo,

887 1885 1013 1926 quoda
1029 1888 1112 1917 νεὺω.
1148 1887 1238 1921 Νιιο,
1262 1892 1355 1921 nuto,
1381 1886 1502 1921 abnuo,
1528 1886 1587 1917 ab·

886 1941 982 1976 nuto,
1015 1935 1162 1968 ἀνανεύω.
1206 1936 1331 1968 Abnuto
1360 1943 1422 1975 est,
1452 1937 1584 1977 abjuro,

884 1995 996 2026 neg03
1042 1987 1131 2018 unde
1183 1987 1294 2018 Gloss.
1345 1992 1353 2005 ‘
1373 1987 1585 2019 Abnutivum

883 2037 1085 2076 ἀπωμοτικὸν,
1124 2037 1381 2078 abjuratorinm,
1413 2039 1585 2078 negatori-

885 2087 959 2118 um.’
1016 2087 1079 2117 Cui
1118 2086 1324 2118 contrarium
1356 2090 1364 2104 ‘
1383 2087 1582 2117 adnutivum

883 2136 1104 2174 κατωμοτικὸν,
1141 2137 1381 2176 dejerativum,
1411 2135 1583 2167 confesso-

882 2186 993 2217 rium.'
1022 2188 1102 2217 Dac-

921 2242 935 2256 ⁰
951 2237 1000 2267 Ab
1015 2237 1109 2277 oloes]
1135 2237 1174 2268 In
1188 2238 1260 2277 lege
1279 2236 1402 2276 Regia:
1428 2245 1494 2268 stix.
1516 2245 1578 2267 ΡΑ·

880 2295 1028 2317 RENTES.
1047 2296 1154 2319 PUER.
1172 2296 1370 2319 VERBERH'-
1389 2296 1465 2318 As'r.
1482 2296 1576 2318 OLOE

879 2345 1109 2368 PLORASSINT.
1125 2346 1231 2368 PUER.
1257 2345 1413 2368 Dfflvms.
1438 2345 1577 2367 PAREN-

875 2396 965 2418 TUM.
981 2396 1101 2418 SACER.
1116 2395 1211 2418 ESTo.
1239 2387 1280 2417 In
1297 2388 1356 2418 hac
1371 2388 1458 2428 lege,
1472 2396 1575 2424 onor-3,

877 2442 941 2476 est,
958 2437 1026 2475 olli,
1045 2437 1097 2467 vel
1114 2437 1173 2467 illi.
1222 2438 1310 2468 Nam
1324 2438 1352 2468 E
1370 2442 1446 2478 post
1470 2438 1502 2468 iu
1527 2439 1573 2477 O,

877 2493 914 2518 ut
930 2488 1038 2527 Apella
1053 2491 1088 2518 et
1103 2487 1225 2527 Apollo.
1270 2488 1407 2519 Deinde
1431 2498 1497 2518 non
1517 2498 1573 2528 ge-

876 2537 1048 2568 minabant
1071 2537 1207 2567 literas:
1243 2542 1427 2578 postremo,
1456 2538 1573 2569 Nomi-

875 2587 982 2619 nativi
1003 2587 1178 2618 masculini
1205 2587 1365 2627 plurales,
1379 2587 1434 2628 qui
1454 2592 1573 2628 postea

874 2638 907 2669 in
929 2637 959 2676 Ι,
980 2641 1084 2668 antea
1106 2637 1139 2667 in
1159 2646 1205 2668 οΕ
1222 2637 1441 2669 desinebant:
1468 2639 1514 2669 sie
1537 2639 1571 2668 in

874 2687 1021 2721 carmine
1042 2688 1175 2728 Saliari,
1206 2697 1395 2722 ΡιιυΜΝοΕ
1418 2697 1570 2731 poema,
