1835 2906
230 136 315 178 332

673 143 826 174 SEXTI
861 141 1067 173 POMPEII
1102 140 1239 171 FESTI

234 243 393 284 InlexX
422 239 641 294 producta
671 238 873 292 sequenti
904 237 1076 290 syllaba
1108 235 1338 287 significat,
1370 236 1448 290 qui
1477 236 1563 288 legi
1595 250 1680 277 non

290 314 431 363 paret.

493 307 617 348 Inlex
640 309 837 359 correpta
859 304 1069 358 sequenti,
1087 303 1260 357 syllaba
1292 304 1510 356 significat
1530 303 1680 344 induc-

285 382 424 418 torem
445 377 500 417 ab
523 374 771 416 inliciendo.
812 374 1001 414 Plautus
1019 385 1028 413 ε
1053 371 1172 413 Esca
1193 378 1261 414 est
1279 373 1499 422 meretriX,
1517 372 1682 412 lectus‘)

290 446 426 486 inlex.

234 513 392 555 Inlices
411 513 606 563 canales,
627 513 670 553 in
691 525 804 566 quos
826 523 943 565 aqua
969 509 1148 552 confiuit
1175 509 1218 549 in
1239 508 1324 550 viis
1343 508 1491 562 lapide
1513 508 1679 556 strat-is,

291 582 348 622 ab
369 581 586 623 eliciendo
607 580 731 621 dicti.

234 649 506 691 Inlicitatory
527 653 710 703 emptor.

234 717 465 758 Inliciumz
485 717 657 766 dicitur,
689 730 789 758 cum
816 716 1006 770 populus
1028 715 1084 756 ad
1105 714 1363 755 concionem
1380 715 1415 735 ¹0
1436 711 1620 760 elicitur,
1638 710 1681 750 id

290 790 373 834 est,
391 785 596 827 vocatur:
619 785 732 826 unde
750 785 940 826 colliciae
956 790 972 806 ³
991 783 1165 836 tegulae,
1182 795 1261 836 per
1276 793 1390 834 quas
1408 792 1526 834 aqua
1542 779 1585 818 in
1602 790 1682 819 vas

290 852 480 894 defluere
501 856 661 906 potest.

234 920 437 962 Inlicium
460 934 614 962 vocare
636 921 801 974 antiqui
823 920 1031 960 dicebant
1050 917 1105 957 ad
1128 916 1386 958 concionem
1407 927 1580 956 vocare.

235 988 480 1030 Inlitterata
500 1002 604 1043 pars
627 993 709 1038 est,
735 1002 835 1043 quae
859 987 1018 1028 litteris
1038 984 1354 1038 comprehensa
1375 995 1461 1023 non
1484 986 1566 1023 est.

236 1057 291 1097 In
325 1056 512 1098 mundob
542 1057 745 1099 dicebant
776 1056 956 1110 antiqui,
981 1068 1082 1096 cum
1103 1053 1269 1108 aliquid
1292 1052 1336 1092 in
1359 1055 1564 1105 promptu
1582 1063 1680 1091 esse

292 1126 494 1166 volebant
512 1126 709 1177 intelligi.

236 1192 356 1234 Inori
368 1199 382 1216 ⁰
404 1194 637 1234 minores.¹¹

824 1290 884 1302 ‘e‘
888 1290 1002 1302 ‘0000‘
1007 1289 1023 1301 e
1028 1289 1043 1300 o
1048 1288 1067 1299 e

275 1383 295 1410 9
318 1379 387 1410 Pro
404 1380 499 1411 lectus
520 1379 576 1410 alii
592 1379 718 1409 liabent
741 1381 942 1418 pectus.—-10
966 1378 1038 1409 Viri
1058 1376 1147 1407 docti
1179 1375 1330 1406 scribunt
1353 1373 1526 1411 concilium,
1549 1377 1583 1403 et
1608 1381 1685 1402 mox

233 1423 399 1453 excolicioe.
446 1423 515 1453 Pro
532 1423 564 1452 in
582 1433 633 1453 vas
650 1423 828 1457 legendum
849 1426 962 1452 monet
979 1421 1066 1451 Dae.
1083 1420 1114 1449 in
1131 1420 1290 1449 ¹rius—ll
1320 1416 1539 1448 Scribendum
1568 1419 1684 1446 monet

234 1466 323 1496 Scal.
339 1466 440 1506 Inori,
454 1466 568 1497 inores.
614 1465 680 1496 Sed
696 1467 783 1496 Dnc.
802 1470 837 1495 ut
853 1464 885 1495 in
903 1469 987 1495 vett.
1004 1463 1088 1494 libb.
1104 1462 1203 1500 lnori,
1219 1461 1285 1491 sine
1301 1470 1362 1490 ore.

888 1572 1029 1603 NOTAE

275 1655 289 1670 Χ
325 1647 432 1688 Inlex]
465 1647 580 1679 Plaut.
614 1647 647 1678 in
680 1646 814 1677 Asinar.
853 1648 930 1678 Ant.

232 1701 319 1739 Aug.

277 1750 383 1791 Inleae]
410 1751 511 1786 Inlex,
534 1749 659 1788 inlegis,
682 1749 832 1781 secunda
856 1758 931 1789 pro-

234 1802 351 1841 ducta,
368 1802 423 1842 qui
441 1807 493 1832 est
512 1801 582 1831 sine
600 1801 693 1840 lege:
718 1800 835 1831 Plaut.
861 1800 869 1815 ⁴
885 1800 933 1830 in-

235 1854 303 1892 lex,
328 1853 424 1883 labes
451 1851 566 1892 popli.’
613 1852 715 1890 bilex,
740 1852 855 1891 inticis,
882 1860 932 1881 se—

234 1904 347 1935 cunda
378 1908 550 1943 correpta,
581 1901 624 1932 ab
655 1901 847 1941 inliciendo,
877 1900 933 1941 qui

234 1955 345 1985 illicit.
386 1954 499 1984 Plant.
526 1953 619 1983 Asin.
642 1962 665 1983 Ι.
682 1955 714 1983 3.
743 1951 752 1967 ‘
769 1952 854 1982 Esca
882 1955 933 1981 est

233 2005 408 2043 meretrix,
436 2006 543 2035 lectus
569 2004 647 2034 illex
672 2008 736 2042 est,
763 2008 932 2034 amatores

234 2055 338 2087 aves!
362 2057 442 2086 Dae.

278 2112 290 2133 5
315 2105 510 2145 Inliciealor]
538 2104 646 2135 Liceri
671 2108 703 2134 et
727 2104 864 2143 licitari,
882 2107 935 2134 est

235 2160 361 2190 licente
393 2158 507 2198 aliquo
537 2165 639 2195 supra
661 2155 820 2195 adjicere.
871 2155 934 2185 En-

234 2210 357 2246 ιἸιει-’ἱνς
375 2209 462 2240 unde
474 2208 659 2245 inlicitator,
672 2211 793 2237 emtor.
812 2207 912 2237 Idem.

277 2267 289 2281 Ζ
314 2258 476 2298 Ιηίἱεὶιιιη]
502 2261 587 2290 Cato
611 2258 654 2288 (le
682 2257 730 2287 Re
756 2256 858 2287 Rust.
875 2258 936 2287 col-

235 2312 358 2343 liciarcs
385 2310 488 2341 habet
519 2319 580 2350 pro
608 2308 748 2340 colticioe.
785 2308 937 2339 Ful.Ur-

236 2364 296 2393 sin.

280 2413 441 2453 Inlicz'um]
469 2410 522 2442 Ab
538 2410 716 2448 inliciendo,
737 2419 810 2440 cnm
830 2419 935 2450 popu-

237 2463 289 2493 lus
306 2462 457 2493 inlicitur
473 2461 514 2491 ad
532 2461 749 2501 magistratus
773 2469 933 2500 conspec-

237 2518 320 2544 tum.
365 2513 464 2543 Varr.
486 2521 521 2543 v.
546 2511 589 2542 de
606 2512 643 2543 L.
663 2512 699 2542 L.
730 2515 738 2528 ‘
755 2511 822 2544 Qui
839 2520 935 2542 exer-

237 2564 342 2596 citum
360 2564 588 2603 imperaturus
599 2564 664 2594 erit
678 2562 834 2593 Accenso
850 2563 936 2594 (licit

238 2615 322 2646 hoc:
348 2619 356 2631 ‘
374 2614 537 2653 Calpurni
554 2624 634 2644 voca
657 2614 803 2644 inliciunt
821 2624 936 2645 omnes

239 2666 390 2699 Quirites
406 2665 471 2695 linc
495 2664 536 2694 ad
554 2664 628 2694 me.'
666 2664 838 2695 fit-census
855 2664 937 2696 dicit

242 2716 310 2748 sic:
334 2717 341 2732 ‘
358 2715 485 2746 Omnes
503 2713 655 2747 Quirites
671 2714 821 2746 mucium
839 2715 937 2746 visite

986 1646 1050 1676 huc
1068 1644 1110 1676 ad
1129 1642 1306 1684 judices.”
1333 1643 1415 1674 Duc.

1027 1700 1041 1715 ³
1068 1695 1222 1735 Collz'ciae]
1248 1693 1278 1725 A
1295 1691 1509 1724 colliciendo.
1554 1690 1685 1721 Plinius

986 1746 1121 1778 collicias
1152 1750 1250 1776 vocat
1279 1744 1389 1775 sulcos
1420 1742 1492 1782 agri
1520 1741 1688 1782 aquarios,

987 1807 1070 1839 quos
1090 1797 1194 1827 Elices
1217 1795 1296 1826 alibi
1318 1799 1417 1825 vocat
1436 1793 1564 1823 Festus.
1590 1792 1687 1822 Idem.

1030 1848 1044 1869 b
1082 1848 1120 1878 In
1150 1845 1277 1884 mundo]
1315 1846 1428 1876 Plaut.
1460 1843 1556 1874 Asin.
1587 1851 1626 1873 ιι.
1657 1844 1687 1872 1.

989 1905 997 1918 ¹
1016 1899 1086 1931 Aut
1113 1899 1191 1930 milii
1216 1899 1247 1929 in
1276 1897 1398 1928 mundo
1415 1902 1491 1927 sunt
1509 1896 1611 1935 virgae
1629 1898 1689 1925 aut

989 1951 1128 1983 atriensi
1144 1948 1306 1981 Saureae.’
1341 1948 1436 1979 Ideni
1452 1946 1577 1978 Pseud.
1593 1947 1602 1962 ‘
1617 1946 1691 1976 Pis-

989 2003 1112 2033 trinum
1152 2002 1183 2032 in
1227 2000 1352 2031 mundo
1391 1999 1551 2033 sciebam,
1596 1997 1623 2027 si
1655 1996 1688 2027 id

988 2054 1113 2093 faxem,
1144 2051 1246 2083 mihis
1307 2051 1363 2082 Sic
1398 2050 1497 2089 vulgo
1526 2047 1686 2078 dicimus:

991 2105 1019 2135 Il
1045 2115 1064 2144 y
1088 2114 1107 2133 α
1129 2114 1169 2133 (ιιι
1192 2102 1299 2132 monde
1324 2111 1364 2130 un
1389 2100 1504 2130 moulin
1524 2108 1613 2138 pour,
1635 2100 1689 2138 ᾃό.

991 2155 1101 2186 Idem.

1032 2211 1046 2226 ε
1063 2204 1164 2244 [nori]
1181 2203 1311 2239 Scribo,
1331 2202 1431 2241 Inori,
1448 2202 1561 2232 inm-es.
1600 2200 1690 2233 Quia

991 2257 1135 2295 scilicet,
1158 2256 1260 2285 inm-es
1283 2253 1440 2284 usitatius
1466 2256 1566 2287 esset,
1591 2260 1689 2292 qnam

990 2308 1084 2339 inari.
1121 2306 1292 2346 Turpilius
1310 2304 1510 2335 Demetrio:
1533 2303 1541 2319 ‘
1557 2303 1596 2333 ln
1612 2307 1691 2333 acta

991 2363 1154 2398 cooperta
1184 2367 1244 2396 age
1284 2356 1395 2386 inor-as
1432 2353 1585 2385 ostreas.’
1620 2355 1691 2386 Jos.

991 2409 1074 2439 Scnl.

1035 2458 1121 2489 Inar-i
1138 2455 1283 2495 minores]
1307 2455 1438 2494 Scribo,
1462 2454 1563 2492 [nm-2⁴,
1578 2454 1692 2493 mores,

990 2511 1070 2552 qnia
1094 2510 1227 2541 scilicet
1265 2509 1366 2538 inor-es
1404 2506 1558 2536 usitatius
1597 2510 1690 2536 esset

990 2572 1089 2604 quarn
1117 2561 1212 2592 inor-i.
1235 2559 1362 2597 Scalig.
1413 2557 1479 2587 Sed
1509 2556 1688 2595 legendum

993 2620 1028 2645 ut
1045 2613 1126 2644 libb.
1146 2616 1229 2642 vett.
1256 2609 1356 2646 Iam-i,
1372 2608 1438 2639 siue
1453 2617 1515 2638 ore.
1561 2607 1689 2637 Inurum

993 2670 1054 2699 est,
1072 2663 1160 2704 qnod
1183 2671 1240 2692 ore
1260 2663 1363 2690 caret.
1412 2658 1562 2688 Gellius:
1588 2659 1597 2674 ⁴
1617 2658 1686 2688 ani-

992 2715 1128 2747 malium
1147 2713 1239 2744 inora
1254 2708 1466 2742 inam·itavc.'
1511 2708 1686 2749 Turpilius
