1835 2906
383 168 444 197 DE
479 164 750 196 VERBORUM
785 162 1190 194 SlGNlFicA'rloNE
1226 163 1320 193 [ΑΒ.
1354 165 1396 194 V.

1530 153 1616 195 247

169 263 312 306 Exfit¹
334 268 673 317 purgamentum,
695 260 811 302 unde
834 259 977 301 adhuc
999 261 1143 300 manet
1165 258 1344 300 suffitio.

170 331 367 381 Exfuti,¹¹¹
388 330 559 381 exsusi;
581 334 629 372 ut
648 331 806 371 mertat
825 340 905 382 pro
927 331 1105 368 mersat.

169 398 434 452 Exgregiae‚¹¹
459 399 660 451 egregiae,
681 396 725 438 id
744 400 826 445 est,
850 408 874 436 e
895 407 1023 448 grege
1043 394 1181 435 lectae.

170 465 480 515 Exhaustant‚⁰
500 464 696 506 efferunt.

169 532 323 574 Exiles
337 539 353 563 Ρ
374 537 418 574 et
445 532 532 574 Ilia.
552 546 580 574 a
600 532 806 574 tenuitate
825 531 1048 579 viarum,¹²
1080 542 1192 583 quas
1219 528 1369 571 Graeci
1389 528 1432 568 in
1454 527 1616 569 chartis

226 601 289 641 ita
310 600 555 655 appellant,
578 599 776 640 videntur
797 597 896 639 esse
917 598 1050 639 dicta.

771 719 905 730 eeeeeee

908 718 1005 730 eeeee

214 799 252 827 12
276 796 343 827 Pro
357 795 474 826 viarum
490 794 668 835 legendum
684 800 822 825 monent
837 794 951 825 Ursin.
968 794 1056 825 Scal.
1072 798 1107 824 et
1124 793 1206 824 Dae.
1219 793 1350 824 inarum.

825 917 965 951 NOTAE

167 996 272 1028 sacris
287 995 320 1026 id
338 995 567 1033 observatum,
591 993 651 1025 sed
666 994 698 1024 in
713 994 778 1024 illis
791 998 864 1024 tan-

167 1054 250 1086 tum,
268 1055 343 1087 quae
358 1044 576 1076 Resolutoria
590 1043 807 1082 dicebantur,
823 1043 863 1074 ad

167 1108 241 1139 quae
267 1097 330 1128 nisi
353 1096 469 1127 solutis
485 1095 581 1126 nodis
597 1094 713 1125 accedi
730 1093 780 1124 fas
798 1103 864 1124 non

166 1153 252 1180 erat.
283 1147 457 1178 Servianae
474 1145 605 1176 sehedae
624 1144 775 1175 Danielis
789 1153 864 1175 nos-

167 1201 211 1230 tri
226 1200 259 1230 in
274 1197 376 1229 illud:
392 1202 400 1215 ‘
416 1196 527 1228 Unum
542 1199 643 1227 exuta
660 1195 781 1236 pedem
795 1195 863 1225 vin-

165 1251 236 1286 clis,
247 1251 279 1281 in
295 1255 388 1280 veste
401 1248 554 1280 recincta
564 1247 586 1278 ι’
601 1241 740 1278 ‘Solent
751 1245 863 1280 enim,'

167 1299 290 1340 inquit,
318 1301 376 1330 ‘et
403 1298 603 1329 resolutoria
627 1296 796 1328 sacrificia
821 1295 862 1327 ab

166 1350 361 1392 auspicibus
388 1349 485 1388 fieri;
510 1354 546 1380 et
572 1348 613 1379 ad
635 1347 776 1380 Junonis
799 1348 863 1378 Lu-

165 1402 251 1432 cinae
276 1410 373 1432 sacra
398 1410 463 1431 non
488 1400 570 1430 licet
595 1398 774 1437 accedere,
800 1398 864 1429 nisi

164 1451 282 1483 solutis
300 1450 418 1482 nodis!
438 1451 508 1481 Jos.
525 1449 608 1481 Scal-

210 1501 345 1541 Exesto]
362 1500 463 1534 Quod
481 1500 529 1530 ait
546 1500 578 1530 in
596 1498 797 1540 quibusdam
813 1507 864 1528 sa·

164 1553 241 1587 cris,
266 1558 360 1583 recte
385 1551 487 1582 docet
507 1559 573 1581 non
591 1550 624 1580 in
640 1548 795 1580 omnibus
812 1558 864 1579 sa-

165 1603 246 1642 cris,
271 1603 305 1633 id
325 1603 555 1640 observatum,
571 1599 630 1631 sed
654 1599 686 1629 in
710 1598 774 1629 illis
792 1604 863 1630 tan-

165 1658 236 1683 tum
253 1662 330 1693 quae
355 1651 556 1683 resolutoria
583 1648 798 1687 dicebantur,
821 1648 864 1678 ad

166 1713 241 1744 quae
258 1703 321 1733 nisi
348 1702 467 1734 solutis
483 1700 581 1732 nodis
597 1698 715 1729 accedi
731 1697 781 1728 fas
798 1707 864 1728 non

166 1758 251 1784 erat.
296 1753 433 1784 Servius
459 1750 614 1783 Danielis
638 1750 671 1780 in
690 1749 771 1780 illud
787 1749 865 1780 Vir-

166 1804 239 1844 gilii
255 1812 305 1835 Χι.
320 1802 451 1834 AEneid.
468 1807 475 1820 ‘
490 1802 602 1833 Unum
620 1804 726 1832 exuta
742 1799 865 1839 pedem

166 1854 298 1892 vinclis,
321 1853 355 1884 in
381 1858 478 1885 veste
500 1850 674 1884 recincta.’
720 1855 728 1868 ¹
746 1850 866 1882 Solent

166 1903 279 1943 enim‚'
302 1904 423 1945 inquit,
447 1905 510 1934 ‘et
537 1901 736 1933 resolutoria
761 1901 864 1932 sacri-

165 1954 241 1986 ficia
259 1954 301 1985 ab
319 1953 513 1995 auspicibus
529 1952 624 1984 fieri:
648 1956 684 1983 et
701 1951 744 1983 ad
759 1951 865 1983 Juno-

166 2006 217 2036 nis
237 2005 374 2036 Lucinae
391 2013 489 2035 sacra
505 2012 572 2034 non
589 2003 671 2034 licet
688 2001 866 2041 accedere,

165 2056 229 2087 nisi
244 2056 365 2087 solutis
389 2054 507 2086 nodis!
532 2054 654 2093 Scalig.
702 2053 793 2084 Hinc
810 2062 866 2084 ca-

165 2106 311 2148 piendus
325 2107 380 2137 hic
397 2106 491 2136 locus
505 2105 623 2137 Ovidii
639 2113 706 2135 vn.
725 2104 865 2134 Metam.

166 2157 377 2197 ‘Egreditur
401 2156 503 2187 tectis
532 2160 644 2186 vestes
671 2153 789 2185 induta
814 2162 866 2183 re-

166 2208 308 2248 cinctas,
323 2207 426 2239 Nuda
442 2206 579 2247 pedem,
594 2204 701 2236 nudos
717 2203 865 2234 humeris

166 2257 279 2289 infusa
294 2257 459 2298 capillos!
505 2257 550 2287 Et
567 2256 654 2287 alter
664 2253 789 2285 Tibulli
806 2253 865 2284 lib.

166 2318 190 2339 1.
213 2309 222 2325 ‘
237 2308 316 2348 Ipse
333 2317 396 2347 ego
421 2307 554 2338 velatus
580 2305 651 2343 filo,
673 2305 866 2345 tunicisque

167 2357 310 2389 solutis.’
355 2358 410 2388 De
426 2357 591 2393 hostibus,
607 2357 670 2387 hoc
687 2360 751 2395 est,
769 2365 866 2396 pere-

167 2409 286 2450 grinis,
317 2417 400 2449 quos
435 2408 538 2439 sacris
572 2408 735 2438 interesse
763 2405 870 2445 nefas,

165 2461 304 2492 Servius
321 2469 403 2491 viu.
427 2458 562 2490 AEneid.
583 2459 592 2475 ‘
611 2459 800 2489 Extraneos
825 2457 868 2489 ad

167 2521 265 2543 sacra
280 2520 346 2542 non
364 2509 488 2541 licebat
503 2508 687 2540 adhibere.¹
711 2509 791 2540 Dae.

207 2562 215 2583 ¹
243 2561 348 2602 Exfit]
372 2560 460 2591 Vide
482 2569 558 2600 quae
579 2559 657 2590 olim
675 2559 706 2589 in
725 2559 869 2599 ConJec-

169 2613 278 2643 taneis
296 2621 397 2652 super
410 2611 475 2641 boc
493 2610 648 2640 diximus.
672 2609 740 2639 dos,
755 2608 837 2639 διαί.

217 2663 321 2703 Exfit]
344 2662 374 2692 A
400 2660 473 2700 θύω,
500 2659 632 2699 adoleo,
659 2658 829 2697 sacrifico,
853 2661 869 2688 θ

170 2718 299 2744 mutato
316 2712 348 2743 iu
363 2713 396 2752 f,
410 2712 469 2753 fio,
488 2722 505 2742 a
520 2721 584 2752 quo
602 2709 688 2742 exfio
706 2717 741 2741 et
759 2708 869 2749 suffio,

921 993 997 1024 inde
1014 991 1157 1032 suffitus,
1174 991 1411 1024 suffimentum,
1424 988 1518 1020 exfit.
1556 987 1618 1018 Fa=

919 1043 994 1074 bins
1013 1043 1130 1074 Pictor
1147 1042 1236 1083 apud
1255 1041 1403 1073 Nonium
1420 1041 1453 1070 in
1470 1048 1550 1069 voce
1562 1038 1620 1069 Sal

920 1099 1038 1134 aperte
1056 1103 1115 1124 nos
1131 1092 1232 1123 docet
1249 1090 1330 1131 quid
1347 1090 1390 1120 sit
1404 1088 1494 1130 exfit.
1532 1091 1541 1105 ‘
1553 1088 1621 1118 Ex·

919 1144 980 1184 fit,’
1003 1144 1122 1185 inquit,
1141 1144 1150 1160 ‘
1165 1149 1218 1174 est
1238 1143 1307 1172 sale
1325 1138 1512 1176 sordidum,
1529 1136 1617 1178 quod

920 1199 1030 1226 ustum
1047 1199 1110 1234 est,
1127 1198 1162 1224 et
1180 1194 1212 1223 in
1229 1192 1329 1223 ollam
1345 1189 1462 1221 rudem
1478 1187 1619 1218 fritilem

919 1245 1091 1285 objectum
1109 1248 1172 1282 cst,
1197 1248 1313 1283 postea
1338 1240 1373 1272 id
1396 1240 1445 1270 sal
1461 1238 1619 1279 Virgines

919 1294 1078 1325 Vestales
1102 1302 1196 1324 serra
1222 1291 1334 1322 ferrea
1359 1287 1501 1321 secam.'
1543 1286 1619 1318 Hoc

919 1345 967 1375 sal
988 1353 1082 1375 serra
1102 1347 1255 1375 secatum
1272 1342 1305 1372 in
1322 1340 1443 1371 seriam
1460 1337 1624 1378 conjicie-

919 1395 1014 1432 bant,
1030 1399 1064 1426 et
1080 1393 1191 1425 infusa
1206 1402 1294 1434 aqua
1316 1391 1392 1432 jugi
1414 1388 1553 1421 muriem
1570 1386 1621 1418 ef-

918 1446 1092 1478 ficiebant.
1136 1444 1226 1476 Vide
1243 1445 1252 1461 ‘
1267 1441 1421 1481 Muries.'
1444 1440 1527 1471 Dae.

961 1502 984 1516 ¹¹²
1009 1495 1143 1535 Exsuti]
1176 1495 1263 1526 Nam
1279 1504 1294 1524 s
1310 1501 1401 1533 sa²pe
1418 1494 1569 1522 mutatur
1587 1489 1619 1519 in

919 1551 955 1578 t:
978 1546 1137 1585 exempla
1155 1545 1287 1585 passim.
1304 1543 1404 1573 Idem.

972 1604 987 1618 ¹¹
1022 1595 1210 1637 Exgregiae]
1248 1594 1338 1626 Vide
1368 1594 1377 1610 ‘
1397 1587 1620 1632 Abgregare.'

919 1651 997 1681 Ant.
1014 1648 1101 1688 Aug.

964 1697 1154 1738 Est-gregim]
1179 1696 1269 1727 Vide
1282 1692 1505 1735 ‘abgrcgare'
1523 1696 1558 1723 et
1572 1691 1621 1722 in-

920 1748 972 1780 fra
988 1748 997 1764 ‘
1011 1746 1196 1779 cximium.¹
1219 1747 1300 1778 Duc.

963 1806 977 1819 ⁰
994 1799 1210 1839 Exhaustant]
1238 1796 1330 1829 Nihil
1358 1800 1450 1827 muto
1469 1805 1476 1824 :
1508 1792 1552 1824 ab
1566 1803 1621 1824 ex·

920 1849 1042 1889 haurio,
1064 1846 1250 1885 ‘exhausi,'
1275 1843 1523 1883 ‘exlianstum‚’
1545 1843 1623 1873 ‘ex-

919 1898 1105 1938 haustare,'
1121 1896 1258 1938 efferre,
1274 1896 1435 1928 educere.
1459 1894 1557 1925 Idem.

963 1955 978 1976 Ρ
1002 1949 1128 1989 Exices]
1167 1946 1363 1988 Legendum
1391 1944 1529 1976 videtur
1554 1943 1623 1973 ina-

919 2011 1001 2041 rum,
1017 2009 1079 2041 pro
1093 2000 1227 2033 viarum,
1244 2002 1280 2029 ut
1295 1998 1399 2028 habet
1415 1996 1436 2025 l.
1452 2004 1497 2026 m.
1533 1993 1622 2024 Vide

920 2053 952 2083 in
970 2054 979 2070 ‘
995 2051 1081 2083 llia.'
1106 2050 1180 2081 Ful.
1201 2048 1311 2080 Ursin.

963 2101 1090 2141 Exiles]
1127 2101 1230 2140 Lege,
1258 2108 1278 2128 a
1307 2095 1457 2128 tenuitate
1486 2093 1622 2124 inarum.

922 2152 1010 2183 Vide
1035 2153 1044 2169 ‘
1059 2149 1147 2182 lna:
1193 2147 1286 2181 Quid
1303 2147 1347 2177 sit
1364 2145 1426 2176 lna
1442 2144 1474 2174 in
1491 2143 1622 2181 charta,

921 2203 1066 2234 diximus
1079 2201 1113 2232 in
1126 2199 1231 2231 libros
1243 2195 1405 2228 Varronis
1418 2194 1460 2225 de
1476 2193 1527 2224 Re
1538 2193 1624 2224 Rus-

921 2254 1003 2285 tica.
1051 2251 1182 2283 Plinius
1208 2249 1251 2279 de
1280 2247 1468 2278 chartarum
1493 2244 1623 2284 generi-

921 2305 1003 2336 bus:
1029 2304 1038 2321 ‘
1053 2299 1332 2342 Deprehenditur
1345 2301 1381 2327 et
1396 2295 1526 2336 lentigo
1542 2304 1623 2325 ocu-

922 2355 983 2385 lis:
1008 2353 1067 2384 sed
1089 2353 1216 2383 inserta
1230 2347 1350 2379 mediis
1369 2344 1623 2386 glutinamentis

922 2404 1012 2436 tenia
1039 2402 1144 2442 fungo
1184 2398 1304 2440 papyri
1334 2396 1447 2426 bibula
1475 2396 1531 2425 vix
1560 2395 1623 2425 inis

920 2456 1029 2486 literae
1047 2450 1203 2483 fundenti
1220 2458 1256 2479 se
1273 2452 1403 2478 tantum
1421 2451 1474 2476 est
1490 2444 1626 2476 fraudi.'

923 2506 991 2539 Qui
1009 2505 1102 2535 locus
1119 2506 1154 2532 et
1170 2507 1349 2541 perperam
1371 2496 1468 2527 bodie
1483 2496 1623 2536 legitur,

922 2562 958 2587 et
981 2554 1068 2585 male
1094 2555 1279 2590 conceptus
1307 2553 1362 2579 est
1388 2557 1407 2578 a
1432 2546 1623 2578 Melchiore

923 2603 1133 2642 Guillandio,
1150 2602 1208 2643 qui
1226 2601 1257 2631 in
1274 2609 1316 2631 ea
1331 2598 1446 2639 capita
1461 2596 1563 2627 Plinii
1580 2596 1622 2626 de

924 2665 1053 2696 papyro
1068 2652 1215 2693 scripsit.
1248 2649 1295 2680 At
1309 2659 1367 2680 nos
1384 2649 1482 2689 plura
1499 2647 1531 2677 in
1547 2656 1622 2677 eum

924 2708 1089 2743 dicemus,
1112 2709 1146 2735 et
1170 2707 1284 2734 errata
1300 2700 1442 2731 hominis
1459 2698 1492 2729 in
1509 2707 1623 2729 omnes
