1835 2906
389 143 449 172 DE
482 140 748 172 VERBORUM
786 140 1191 171 SlGNlFlCA'FIONE
1228 142 1319 172 [ΑΒ.
1352 143 1436 174 VH.

1552 133 1636 174 289

196 236 417 286 Grerusia,z
448 237 570 277 curia
590 236 645 278 ab
665 237 810 278 aetatis
827 237 1045 277 vocabulo
1067 235 1201 277 dicta.

195 303 374 353 Gemit?
402 305 477 357 qui
521 306 667 347 subita
702 305 910 345 felicitate
950 303 1232 354 exhilaratus,
1266 306 1402 346 nimio
1435 307 1636 360 corporis

250 376 371 413 motu
393 376 547 425 praeter
563 372 925 414 consuetudinem
941 372 1125 413 exultat.

195 438 397 489 GestuS,b
427 453 514 493 quo
549 441 778 490 indicatur,
813 440 915 494 quid
943 445 1128 493 geratur,
1156 444 1314 494 praetcr
1342 442 1635 496 participium,

250 506 371 559 quod
392 520 420 548 a
439 507 625 559 gerendo
648 507 896 549 deducitur.

194 572 394 625 Gesum,c
421 587 551 626 grave
562 574 769 628 jactuum

194 640 451 691 G1GE1³1A‚‘¹
483 655 540 682 ex
563 642 713 683 multis
734 642 933 684 obsoniis
956 643 1177 697 decerpta.

194 707 485 761 Gingeriator,
502 715 536 733 ¹0
553 715 566 731 Ε
589 709 765 750 tibicen.

801 818 918 829 eeeeee

923 818 1041 829 eeeeee

234 894 255 922 9
278 891 366 923 Vide
384 893 590 924 Notas.—-10
616 893 670 925 Al.
697 894 882 933 Girenator,
900 893 1123 935 Giugrinator,
1139 894 1340 936 Gingrialor,
1355 897 1533 936 (hugritor.

849 1002 988 1034 NOTAE

234 1079 246 1093 Ζ
273 1074 424 1115 Gerusia]
462 1075 617 1115 Γερουσῖα,
639 1076 797 1108 Senatus.
815 1077 894 1107 Plu-

193 1125 300 1156 tarch.
327 1124 377 1155 An
407 1126 478 1156 seni
509 1126 697 1157 administr.
722 1128 824 1168 Resp.
856 1127 891 1157 ‘H

191 1172 223 1204 δὲ
236 1173 386 1211 Ῥωμαίων
396 1172 576 1214 σύγκλητος
588 1174 661 1216 ἄχρι
675 1177 735 1216 νῦνι
747 1176 895 1217 ’γερουσία

191 1225 341 1254 καλεῖται.
388 1224 428 1255 Id
447 1231 512 1265 est,
537 1226 545 1242 ‘
560 1225 789 1257 Romanorum
814 1237 894 1257 vero

190 1273 333 1304 Senatus
374 1274 542 1316 hodieque
581 1276 712 1315 gei-usia
745 1276 895 1308 dicitnr!

191 1323 344 1365 Hesycli.
368 1324 524 1365 Γερουσία,
547 1326 780 1367 πρεσβυτέριον,
810 1329 892 1365 πλῆ-

191 1377 241 1405 θος
255 1374 421 1416 γερόντων.
452 1376 548 1407 Idem.

232 1429 247 1446 ²²
272 1424 393 1465 Gestit]
431 1425 462 1457 A
494 1431 604 1467 gestu,
634 1426 772 1468 gestire,
801 1429 889 1469 quod

191 1475 349 1508 Donatus
376 1478 530 1509 Eunuch.
556 1483 689 1509 achin.
711 1488 759 1510 sc.
786 1483 818 1509 5.
843 1479 889 1510 iu·

190 1531 419 1567 terpretatur:
457 1528 579 1559 ‘Motu
617 1529 769 1569 corporis
797 1538 890 1560 mon-

190 1581 299 1608 strare
313 1578 393 1618 quid
410 1579 545 1609 sentias.
572 1579 716 1610 Constat
741 1584 853 1610 autem
871 1590 889 1610 a

190 1627 377 1667 pecudibus
408 1628 450 1659 ad
477 1629 628 1659 homines
649 1638 724 1660 esse
748 1630 891 1660 transla-

191 1677 286 1708 tum!
332 1679 444 1709 Item:
472 1679 635 1710 ‘Gestire
667 1680 807 1719 proprie
840 1685 893 1710 est

192 1738 326 1759 sensum
338 1730 491 1770 corporis
504 1735 600 1770 gestu
616 1730 784 1762 indicare:
803 1731 892 1772 quod

191 1778 298 1818 magis
318 1779 491 1810 brutorum
509 1784 558 1810 est
577 1780 783 1812 animalium.
817 1782 894 1813 Vir-

192 1830 310 1870 gilius:
348 1831 356 1846 ‘
372 1831 416 1861 Et
441 1831 556 1861 studio
581 1832 749 1862 incassum
776 1832 892 1863 videas

192 1881 318 1919 gestire
335 1881 493 1911 lavandi.’
506 1881 514 1893 '
530 1890 555 1911 1.
573 1881 697 1921 Georg.
731 1882 797 1913 Ubi
816 1883 893 1914 Ser-

193 1930 287 1961 vius:
303 1931 312 1947 ·’
328 1931 490 1970 Gestire‚'
505 1931 612 1972 inquit
633 1931 708 1963 ‘est
738 1932 893 1963 laetitiam

192 1989 283 2011 suam
327 1982 480 2022 corporis
526 1982 641 2013 habitu
686 1982 887 2023 significare.

192 2029 293 2069 Nam,
323 2035 359 2062 ut
395 2031 546 2062 homines
586 2032 699 2063 verbis
736 2033 889 2064 laetitiam

191 2089 282 2111 suam
301 2081 509 2121 exprimunt,
540 2083 589 2113 ita
623 2092 702 2114 aves
740 2085 890 2125 corporis

194 2131 478 2170 gesticulatione?
502 2133 599 2163 Idem.

234 2181 248 2201 b
275 2182 405 2222 Gestus]
438 2182 616 2214 Substant.
642 2185 762 2224 σχῆμα,
799 2183 891 2224 εἰδέα,

193 2231 377 2270 χειροθεσία.
402 2233 515 2265 Gloss.
541 2234 636 2265 Idem.

235 2288 248 2302 ⁰
275 2283 401 2323 Cesum]
439 2284 533 2325 Lege
567 2286 696 2325 Cesum,
720 2296 820 2326 grave
842 2287 890 2325 ja·

193 2332 304 2361 culum.
334 2333 444 2363 Varro
461 2333 503 2364 de
521 2334 590 2365 vita
608 2336 669 2367 Po.
682 2337 744 2367 Ro.
760 2337 819 2368 lib.
838 2347 892 2368 111.

194 2382 203 2396 ‘
218 2381 273 2420 qui
290 2381 407 2419 gladiis
423 2382 527 2413 cincti
549 2384 620 2414 sine
638 2391 734 2416 scuto
751 2396 826 2417 cuin
843 2387 893 2417 bi-

194 2431 245 2461 nis
264 2431 351 2470 gesis
369 2432 505 2462 essent!
533 2433 702 2465 Isidorus:
728 2437 736 2453 ‘
752 2437 893 2475 Gesnm,

194 2480 479 2520 hasta‚jaculum‚
495 2481 605 2517 βολίς.’
628 2485 697 2514 Jos.
713 2484 796 2515 Scul-

240 2530 370 2570 Gesum]
394 2532 519 2563 Melius
547 2533 682 2573 quidam
708 2535 764 2566 lib.
791 2536 895 2568 Grave

187 2581 337 2620 jaculum.
372 2581 501 2622 Gesam,
528 2593 667 2623 gessum,
696 2589 731 2615 et
765 2595 896 2623 goesum.

197 2631 341 2664 Quidam
358 2633 489 2663 hastam
509 2633 792 2673 interpretantur.
819 2635 897 2666 Ser-

197 2683 270 2713 vius
289 2692 353 2714 vn.
378 2684 509 2714 lEneid.
532 2684 540 2700 ⁶
555 2685 666 2715 Pilum
690 2686 828 2727 proprie
846 2691 898 2717 est

286 2735 399 2774 Delpli.
416 2740 445 2767 et
466 2737 540 2768 Var.
559 2738 643 2768 Clas.

946 1077 1044 1107 hasta
1072 1077 1235 1117 Romana,
1260 1083 1297 1108 ut
1324 1078 1433 1109 Gessa
1454 1077 1646 1117 Gallorum,

942 1126 1081 1156 Sarissae
1101 1126 1327 1158 Macedonum
1344 1126 1364 1157 :¹
1379 1125 1521 1157 Suidas:
1547 1127 1645 1156 Γαῖσα

946 1177 995 1208 καὶ
1010 1177 1135 1218 Ὑαισὸς,
1155 1177 1276 1216 κοντὸς,
1291 1176 1368 1209 εἶδος
1384 1175 1569 1216 ἄμυντηρίου
1582 1175 1645 1207 οἷον

942 1227 1078 1268 δόρατος.
1101 1229 1110 1244 ‘
1126 1228 1228 1260 Gaesa
1243 1234 1278 1259 et
1295 1238 1421 1268 gaesus,
1437 1232 1570 1266 conum,
1588 1237 1644 1266 ge-

943 1288 1005 1308 nus
1021 1279 1093 1314 teli,
1117 1283 1153 1309 ut
1169 1278 1299 1309 hastae.’
1344 1279 1409 1309 Sed
1426 1278 1542 1309 melius
1567 1278 1645 1308 Fes-

944 1334 1011 1368 tus,
1043 1329 1097 1370 qui
1117 1329 1270 1370 jaculum
1298 1330 1382 1361 dicit
1409 1339 1524 1369 grave,
1555 1329 1645 1370 quod

945 1384 1052 1410 totum
1070 1384 1160 1410 esset
1171 1378 1336 1411 ferreum:
1364 1379 1514 1421 Hesych.
1525 1379 1645 1419 Γαισὸς,

946 1429 1095 1468 ἐμβόλων
1111 1429 1302 1470 ὁλοσίδηρον.
1336 1430 1513 1463 ‘Jaculum
1538 1435 1645 1461 totum

945 1479 1117 1511 ferreum.’
1164 1481 1208 1511 Et
1227 1481 1341 1521 jacula
1358 1479 1476 1519 fuisse,
1502 1480 1555 1511 vel
1570 1480 1647 1511 hinc

946 1536 1093 1569 constat,
1107 1531 1197 1572 quod
1215 1531 1294 1562 bina
1319 1530 1483 1571 gerebant
1499 1530 1623 1570 singuli
1640 1540 1647 1558 ε

944 1582 1074 1612 Varro:
1114 1583 1207 1612 ‘cum
1247 1581 1334 1612 binis
1369 1581 1475 1621 gessis
1513 1579 1649 1610 essent.’

943 1632 1063 1671 Virgil.
1097 1641 1161 1663 νη.
1186 1632 1260 1663 IEn.
1298 1632 1399 1662 ‘Duo
1421 1631 1564 1671 quisque
1591 1628 1647 1659 Al-

944 1682 1025 1721 pina
1051 1687 1210 1713 coruscat
1251 1682 1343 1713 Gesa
1376 1680 1498 1712 mann?
1546 1677 1648 1712 Quod

942 1730 1032 1762 idem
1058 1732 1135 1763 alibi
1158 1732 1200 1762 de
1225 1730 1381 1763 ‘hastiiiss
1417 1730 1528 1760 ‘Bina
1548 1737 1649 1759 manu

943 1782 1013 1813 lato
1033 1784 1188 1823 crispans
1212 1783 1347 1814 hastilia
1365 1780 1477 1812 fen-03
1509 1779 1648 1810 Gaesum

945 1839 1059 1864 autem
1091 1833 1256 1865 Gallicam
1286 1841 1404 1862 vocem
1432 1834 1568 1871 putant,
1596 1829 1649 1858 vel

944 1884 1047 1914 etiam
1066 1883 1288 1923 Hispanicam
1304 1893 1313 1920 ;
1330 1882 1371 1913 ab
1387 1881 1549 1921 Hispanis
1560 1879 1649 1909 euim

946 1943 1038 1973 gaesa
1054 1934 1227 1974 accepisse
1238 1934 1409 1964 Romanos
1425 1932 1527 1963 docet
1544 1930 1651 1962 Athe-

945 1994 1050 2015 naens.
1096 1984 1350 2015 Illustrissimus
1373 1982 1563 2013 Bocliartus
1580 1980 1649 2011 Ge-

945 2043 1015 2064 sum
1045 2038 1144 2074 putat
1168 2033 1256 2074 quod
1285 2033 1454 2065 Chaldaeis
1483 2032 1566 2070 gisa,
1597 2030 1650 2060 vel

947 2084 1106 2115 Hebraeis
1120 2084 1216 2118 cltets,
1230 2082 1530 2123 sagitta‚jaculum.
1564 2080 1649 2112 Nam

946 2135 1014 2166 chet
1030 2139 1178 2165 mutatur
1193 2135 1226 2165 in
1247 2134 1291 2166 G.
1308 2134 1390 2164 Dac.

988 2184 1002 2205 ‘¹
1029 2185 1176 2225 Gigeria]
1202 2185 1336 2215 Falsum
1352 2188 1404 2214 est
1429 2181 1562 2221 Gigerz‘a
1579 2190 1651 2211 esse

947 2235 1060 2266 cibum
1079 2234 1273 2266 confectum
1292 2244 1332 2264 ex
1350 2234 1463 2264 multis
1481 2232 1650 2262 obsoniis:

947 2285 1004 2316 sed
1025 2286 1193 2324 Gigeriwn
1221 2290 1272 2316 est
1290 2283 1497 2314 ventriculus
1515 2282 1652 2322 gallina·

948 2346 1042 2367 rum:
1079 2336 1169 2377 quod
1199 2334 1336 2365 verbnm
1365 2333 1462 2364 hodie
1488 2332 1520 2363 in
1538 2332 1651 2363 Gallia

949 2388 1145 2418 retinemus,
1165 2387 1274 2417 Gisier
1287 2387 1377 2416 enim
1396 2394 1564 2415 vocamus.
1584 2385 1651 2415 Lu-

948 2438 1067 2468 cilius:
1097 2439 1105 2453 ‘
1120 2437 1272 2476 Gigeriae
1288 2441 1364 2466 sunt
1380 2436 1458 2466 Sive
1486 2435 1573 2465 adeo'
1593 2434 1651 2465 he-

950 2487 1068 2527 patia.'
1094 2488 1193 2517 Idem.

992 2542 1005 2557 θ
1024 2536 1243 2576 Gingerialor]
1260 2535 1416 2567 Tibicen.
1442 2536 1531 2567 Vide
1546 2535 1651 2567 Athe-

951 2597 1074 2618 naeuin.
1115 2587 1244 2618 Glossoe
1282 2588 1465 2627 Hesychii:
1500 2588 1653 2627 γιγγρίαι,

953 2638 1041 2668 αὐλοὶ
1068 2638 1167 2677 μικροὶ
1192 2638 1224 2668 ἐν
1244 2637 1288 2669 οἷς
1307 2640 1428 2679 πρῶτον
1453 2637 1650 2676 μανθάνουσι.

954 2688 1030 2727 ὅπερ
1047 2687 1120 2719 ἔνιοι
1136 2688 1277 2728 γίγγρον.
1292 2690 1503 2720 Glossarium
1519 2699 1525 2718 :
1545 2690 1553 2705 ‘
1570 2689 1652 2719 Gin-

806 2739 919 2780 Pomp.
939 2741 1024 2773 Fest.
1536 2742 1567 2771 T
