1835 2906
242 316 503 394 SEX.
559 312 1120 392 POMPEII
1191 311 1529 388 FESTI

860 516 922 545 DE

167 648 728 708 VERBORUM
798 622 1612 707 SIGNIFICATIONE
1663 652 1665 654 ·

715 816 933 864 LIBER
985 815 1058 863 ΙΙ.

171 1136 391 1192 BACAR³
418 1164 498 1192 vas
520 1151 739 1192 vinarium
765 1149 909 1189 simile
932 1149 1154 1190 bacrioni.¹

171 1218 463 1261 Bacchanalia
479 1219 494 1242 ¹³
516 1219 771 1260 dicebantur
792 1216 960 1258 Bacchi
981 1216 1114 1257 festa.

170 1286 685 1329 Bacrionemedicebant
714 1298 849 1339 genus
869 1285 992 1326 vasis
1023 1284 1235 1338 longioris
1264 1282 1501 1324 manubrii:
1535 1281 1617 1322 hoc

227 1355 302 1395 alii
324 1357 497 1397 trullam
526 1355 765 1410 appellant.

172 1421 357 1476 Bajulos
371 1422 389 1445 ‘¹
412 1424 622 1465 dicebant
643 1422 846 1477 Antiqui,
870 1433 987 1475 quos
1018 1433 1134 1462 nunc
1162 1419 1348 1461 dicimus
1368 1418 1588 1472 operarios
1607 1430 1616 1457 ς

228 1491 343 1531 unde
367 1492 510 1533 adhuc
531 1491 718 1545 bajulari
740 1491 916 1531 dicitur.

173 1558 368 1601 Balaenae
384 1565 397 1582 e
418 1572 574 1601 nomen
594 1572 621 1601 a
639 1558 800 1600 Graeco
821 1556 1070 1599 descendit:
1112 1557 1224 1597 hanc
1246 1555 1313 1596 illi
1342 1551 1525 1606 φάλαιναν
1554 1551 1620 1592 (Ιί-Ἴ

776 1664 998 1678 “boceto-eoo
1005 1664 1023 1676 o

217 1734 352 1806 ῗὲεῖζ.
369 1734 454 1765 libb.
471 1735 623 1765 Baccz'om'
639 1734 691 1765 vel
708 1733 932 1764 Batrioni.—2
958 1732 1027 1763 Hic
1051 1739 1186 1772 quoque
1209 1733 1294 1760 vett.
1321 1727 1404 1759 libb.
1437 1728 1621 1759 Baccionem

174 1784 213 1806 ve
277 1781 436 1807 atrzonem.

825 1829 965 1861 NOTAE

215 1898 229 1913 ²²
252 1892 371 1933 Bucar]
387 1893 612 1932 Glossarium,
628 1893 637 1910 ‘
650 1893 776 1930 Bavar,
788 1891 866 1924 εἶδος
924 1891 1121 1923 mulieribus
1138 1890 1254 1921 itidem
1275 1888 1387 1929 nudis,
1402 1895 1517 1918 omnes
1534 1886 1623 1926 pari=

172 1943 323 1982 ἀγγείου]
334 1943 710 1984 Lege‚Baccar.lsidori
721 1943 867 1982 Glossae,
926 1948 978 1974 ter
994 1943 1105 1974 omnia
1128 1941 1281 1972 membra
1296 1938 1463 1980 pampinis
1480 1942 1515 1968 et
1531 1945 1624 1967 race-

171 1996 180 2010 ‘
197 1994 416 2033 Bacearium,
438 2004 496 2025 vas
525 1993 722 2035 aquarium?
768 1994 868 2026 Quod
926 1993 986 2023 mis
1002 1991 1167 2033 impediti,
1181 1991 1246 2021 huc
1263 1996 1297 2020 et
1311 1989 1390 2020 illuc
1409 1987 1501 2018 varia
1517 1987 1624 2027 gesti-

172 2044 227 2075 hie
249 2045 372 2076 dicitur
390 2044 540 2075 bacrioni
558 2054 617 2075 vas
633 2045 753 2084 simile,
771 2045 869 2075 immo
923 2043 1091 2074 culatione
1130 2041 1362 2072 discurrentes
1411 2036 1623 2069 inconditum

171 2094 261 2126 idem
275 2099 326 2126 est
339 2097 347 2112 ‘
361 2094 486 2135 bacar‚’
503 2096 512 2111 ‘
529 2094 724 2134 bacarium‚'
737 2099 772 2125 et
788 2095 797 2111 ‘
811 2094 869 2126 ba·

173 2144 289 2183 cari0,'
300 2154 360 2175 seu
375 2144 384 2160 ‘
400 2143 539 2176 bacrio:
584 2143 707 2175 Isidori
725 2144 869 2184 Glossae‚

174 2195 182 2211 ‘
203 2195 351 2231 bacario‚
391 2195 517 2227 orceoli
558 2195 687 2236 genus-¹
733 2195 870 2227 Glossa—

174 2246 271 2285 rium,
284 2250 292 2263 ‘
307 2245 477 2286 baccario,
487 2244 715 2286 πορνοδιάκονος
726 2244 746 2277 :³
761 2255 870 2276 mere-

175 2296 317 2326 tricibus
348 2306 469 2337 aquam
500 2296 696 2327 infundens.
742 2295 868 2326 Recte:

173 2355 248 2376 nam
266 2355 285 2376 a
300 2355 393 2381 vase,
409 2346 554 2376 ministri
568 2346 670 2377 etiam
684 2344 769 2376 dicti
793 2344 871 2376 bac·

175 2395 342 2434 cai-iones,
373 2395 520 2435 aquarii;
546 2405 623 2426 nam
654 2396 783 2437 aquarii
813 2405 872 2426 seu

176 2445 340 2487 aquarioli
355 2444 579 2485 πορνοδιάκονοι
599 2456 618 2476 a
632 2447 812 2477 Veteribus
825 2447 874 2476 di-

176 2497 354 2537 cebantur,
377 2502 414 2527 ut
430 2497 582 2537 superius
602 2498 778 2528 annotavit
796 2498 876 2528 Fes-

176 2553 230 2578 tus
250 2548 335 2588 ipse,
359 2548 466 2579 utitur
482 2552 518 2579 et
532 2547 775 2588 Tertullianus,
792 2547 873 2578 item

178 2597 357 2638 Apuleius,
374 2604 409 2630 et
424 2599 490 2629 alii.
513 2599 580 2629 Jos.
597 2598 680 2629 Scal.

221 2648 235 2669 ὓ
257 2649 484 2689 Bacchanalia]
512 2648 579 2679 Per
597 2653 816 2679 auctumnum
831 2648 874 2679 dc

179 2704 279 2729 noete
296 2698 478 2735 celebrata,
496 2697 615 2739 quibus
629 2697 690 2730 viri
707 2698 786 2729 nudi
801 2708 876 2730 cum

924 2102 1060 2125 carmen
1092 2092 1228 2123 Baccho
1257 2088 1485 2123 cantitabant,
1515 2087 1623 2118 donec

924 2144 1008 2175 ebrii
1024 2153 1139 2175 omnes
1155 2141 1432 2183 procumberent.
1450 2140 1530 2170 Dae.

967 2199 979 2215 ⁰
1003 2191 1204 2231 Bam-ionem]
1228 2190 1352 2221 Bacrio
1368 2193 1481 2219 tamen
1497 2191 1531 2218 et
1544 2186 1625 2217 trul-

924 2246 957 2276 la
979 2254 1019 2275 eo
1044 2242 1221 2280 differunt,
1237 2240 1327 2282 quod
1355 2239 1424 2275 ille,
1442 2247 1498 2268 vas
1521 2246 1624 2278 aqua-

925 2295 1022 2334 rium,
1036 2294 1109 2324 liaec
1124 2302 1201 2322 vero
1215 2290 1391 2321 vinarium.
1415 2288 1540 2319 Horat.
1552 2286 1624 2318 Sat.

926 2345 985 2376 lib.
1003 2353 1042 2376 ιι.
1068 2344 1077 2360 ‘
1093 2342 1161 2375 Qui
1177 2341 1408 2372 Veientanum
1430 2337 1525 2369 festis
1546 2346 1623 2378 por-

927 2400 1000 2426 tare
1028 2393 1145 2424 diebus
1171 2392 1346 2430 Campana
1369 2388 1487 2420 solitus
1510 2388 1626 2422 trulla,

931 2452 1144 2485 vappamque
1163 2439 1345 2482 profestis.’
1371 2439 1469 2471 Idem.

971 2495 986 2516 <¹
1008 2492 1154 2532 Bajulos]
1176 2492 1208 2523 A
1225 2490 1417 2532 bajulando,
1431 2490 1465 2520 id
1488 2493 1552 2529 est,
1574 2488 1624 2520 fe-

928 2544 1052 2576 rendo:
1088 2552 1153 2584 quo
1190 2551 1267 2574 usus
1304 2541 1459 2580 Plautus,
1491 2538 1626 2570 Asinar.

930 2597 1020 2635 ‘Ego
1034 2592 1206 2635 bajulam,
1219 2596 1267 2632 tu,
1277 2596 1314 2623 ut
1327 2591 1427 2623 decet
1439 2589 1624 2629 dominum,

931 2651 1007 2677 ante
1023 2653 1076 2675 me
1093 2644 1140 2675 ito
1155 2642 1288 2674 inanis!
1314 2643 1410 2673 Idem.

974 2701 986 2716 Ε
1010 2693 1166 2734 Baloenoe]
1180 2693 1221 2725 In
1234 2692 1298 2725 fine
1312 2696 1491 2734 corruptus
1510 2692 1622 2723 locus:
