1835 2906
171 47 258 88 536

636 58 787 89 SEX'H
822 59 1027 90 ΡΟΜΡΕΙΙ
1064 59 1200 90 FEs'rl

228 153 559 196 similitudinem
593 168 704 197 vasa
739 155 936 198 ficariam
976 169 1092 199 orcae
1127 157 1343 209 dicuntur,
1378 164 1480 201 sunt
1514 161 1629 202 enim

228 227 400 274 teretes,
422 228 555 277 atque
576 224 780 266 uniformi
800 225 966 280 specie.

175 323 185 333 .
560 305 716 334 nomen
739 293 998 335 ducerent.¹¹
1015 292 1032 315 b
1284 326 1292 335 .
1411 327 1420 337 .
1538 326 1549 337 .

178 357 287 399 Orca
303 373 431 415 genas
451 360 619 402 marina:
641 360 782 403 belluae
801 362 1043 404 maximum
1065 361 1243 403 dicitur.-
1275 363 1331 404 ad
1350 380 1418 406 cu·
1462 365 1630 420 [FEST.

215 426 292 481 jus
311 426 615 470 similitudinem
628 443 735 472 vasa
757 443 930 486 quoque
950 429 1098 472 ficaria
1114 436 1147 456 ¹2
1169 445 1270 474 orcae
1291 433 1508 474 dicuntur:
1539 441 1634 474 sunt

229 500 397 547 tereteS,
420 501 552 553 atque
574 499 646 539 uni
670 497 771 539 ormi
792 499 966 553 specie.¹³

747 568 877 611 malae
898 572 942 610 et
963 574 1078 612 antae

174 632 413 677 Orchestra
434 635 562 677 locus
582 637 628 677 in
649 649 812 679 scaena.

1418 577 1635 627 quantoeff‘*

1451 640 1581 694 [PAU
1590 652 1634 682 L.

178 700 424 743 Orelzestra⁶
453 702 558 744 locus
578 704 621 745 in
641 719 768 748 Seaena
791 719 869 762 quo
891 710 1034 758 antea,
1057 707 1133 762 qui
1160 721 1277 749 nunc
1310 707 1408 762 pla·
1467 708 1635 762 [FES'r.

229 770 391 825 nipedes
412 773 690 827 appellantur,
723 787 811 816 non
839 775 1178 817 admittebantur
1198 774 1424 827 histriones,
1445 775 1523 817 nisi
1543 783 1636 818 tcm-

227 845 313 879 tum
334 839 499 882 interim
521 841 626 883 dum
646 843 808 885 fabulae
843 843 1169 897 explicarentur,
1200 859 1288 901 quce
1325 844 1408 885 sine
1439 844 1534 899 ipsis
1557 859 1636 887 ex-

229 908 387 961 plicari
423 923 506 951 non
538 916 754 964 poterant,
787 911 978 955 7·icim'a¹⁵
1012 919 1148 953 autem
1177 914 1414 967 portabant
1443 926 1532 968 quo
1563 926 1635 955 ue-

231 976 374 1029 quiori
395 977 540 1020 habitu
558 979 790 1034 prodirent,
811 987 949 1037 atque,
971 987 1017 1022 ut
1039 981 1133 1022 iude
1152 997 1294 1023 nomen
1315 980 1521 1023 ducerent.

789 1115 905 1128 “⁴60“
910 1115 1030 1130 ‘vlt-‘0

220 1212 259 1240 10
284 1209 362 1241 Ver.
378 1211 435 1242 lib.
447 1211 584 1253 vinaria,
601 1214 654 1245 vel
668 1215 799 1257 fictilia.
844 1215 933 1247 Scal.
955 1217 1041 1257 legit
1056 1215 1287 1255 soecaria.—ll
1315 1214 1380 1245 Ed.
1396 1214 1485 1246 Scal.
1501 1215 1639 1246 (luceret.

175 1255 260 1283 -12
285 1253 368 1284 Ead.
386 1254 440 1287 ed.
465 1257 498 1287 in
517 1257 734 1298 ficano—13
761 1258 845 1290 Ead.
863 1259 918 1291 ed.
935 1259 1084 1299 informi
1099 1260 1296 1300 specie.—-l4
1321 1258 1362 1290 In
1380 1257 1457 1291 ead.
1486 1258 1540 1290 ed.
1563 1258 1638 1289 haec

174 1305 240 1327 vox
257 1305 320 1328 non
338 1303 581 1339 appa1·et.-l5
607 1301 693 1333 Ead.
710 1302 765 1335 ed.
789 1302 922 1335 cicinioe.

840 1400 988 1433 NOTAE

176 1484 246 1520 tur,
275 1481 353 1513 vide
382 1483 493 1515 locum
524 1485 692 1519 Columel.
722 1487 781 1520 lib.
810 1496 879 1520 ΧΠ.

176 1541 254 1572 cap.
272 1535 323 1563 15.
339 1537 375 1565 et
392 1534 481 1567 Plin.
497 1535 555 1567 lib.
571 1545 718 1579 xv.cap.
738 1542 789 1570 19.
812 1540 821 1555 ‘
835 1539 882 1571 At

176 1582 233 1613 nbi
252 1582 427 1627 (ficorum)
444 1586 544 1628 copia
560 1588 722 1629 abundat,
741 1590 882 1631 implen-

176 1639 232 1665 tur
248 1645 336 1667 orcae
351 1636 383 1667 111
401 1636 495 1679 Asia,
511 1639 588 1670 cadi
603 1644 717 1672 autem
740 1641 772 1673 in
799 1643 882 1674 Rus-

177 1686 259 1726 pina
292 1685 414 1719 Africa
444 1689 551 1721 urbe!
598 1690 697 1723 Unde
727 1698 883 1734 apertum

178 1741 230 1766 est
244 1747 342 1778 quam
361 1737 490 1770 frustra
505 1740 572 1772 sint
585 1745 621 1773 et
634 1743 802 1785 Scaliger,
825 1743 883 1786 qui

178 1788 366 1829 profican'a
382 1789 722 1833 legebatsaecariu,et
739 1795 808 1835 alii,
825 1796 883 1837 qui

177 1839 302 1871 vinaria
319 1840 372 1871 vel
388 1841 508 1881 fictilia
532 1844 754 1884 reponebant.
778 1846 861 1878 Dae.

221 1890 235 1910 b
262 1911 381 1923 ......
396 1902 506 1924 nomen
532 1895 679 1927 (lucerent
693 1919 701 1928 .
715 1896 770 1937 ..]
797 1897 884 1929 Haec

180 1950 247 1972 non
263 1946 343 1973 sunt
359 1942 458 1984 hujus
474 1944 554 1984 loci,
577 1950 613 1977 et
639 1947 727 1978 male
751 1946 816 1978 huc
841 1948 884 1978 11·-

180 1997 360 2033 repserunt
377 2004 453 2035 qnae
472 1995 513 2027 ad
527 2002 632 2038 caput
654 1999 664 2015 ‘
676 1997 883 2031 Orchestra'

180 2044 366 2083 pertinent.
382 2045 482 2078 Idem.

216 2099 230 2114 ⁶
256 2095 443 2139 Orchestra]
470 2098 675 2139 Explicatur
693 2110 712 2131 a
728 2100 887 2134 Vitruvio

180 2146 301 2177 melius
318 2147 376 2179 lib.
390 2157 423 2180 v.
447 2158 525 2190 cap.
542 2153 573 2181 6.
588 2157 623 2182 et
638 2154 669 2183 7.
693 2152 771 2184 Ant.
786 2153 874 2193 Aug.

228 2199 415 2241 Orchestra]
449 2201 643 2242 Scripserat
670 2204 791 2236 Festus
822 2205 887 2236 liis-

182 2249 312 2280 triones
330 2259 401 2290 eos,
425 2251 483 2292 qni
509 2261 570 2283 suo
595 2257 749 2295 tempore
778 2255 887 2296 plani-

184 2299 289 2339 pedes
308 2300 533 2339 vocabantur,
551 2312 617 2334 non
634 2304 743 2336 solere
767 2306 800 2337 in
821 2306 886 2337 Or·

184 2350 354 2382 chestram
385 2352 533 2385 admitti.
584 2355 684 2388 Quod
713 2358 887 2398 cognosci-

185 2408 259 2431 mus
286 2410 328 2432 ex
350 2402 496 2442 Seneca,
522 2409 559 2437 et
583 2406 678 2438 aliis:
706 2413 888 2450 propterea

186 2450 274 2480 enim
314 2452 514 2493 planipedes
551 2456 766 2500 dicebantur,
797 2460 887 2502 quod

187 2501 303 2532 nonin
321 2503 434 2542 podio,
458 2505 518 2536 sed
541 2506 583 2538 de
610 2508 713 2549 plano
736 2516 889 2552 agerent.

187 2548 299 2581 Stulte
316 2552 404 2582 enim
420 2555 559 2594 optimae
574 2564 664 2591 notae
682 2561 889 2594 Grammati-

188 2601 218 2632 ci
237 2601 279 2632 ab
297 2611 349 2641 e0,
367 2603 456 2643 quod
472 2606 582 2645 planis
598 2610 754 2651 pedibus,
777 2612 810 2644 id
826 2618 891 2653 est,

189 2654 386 2687 excalciatis
414 2657 580 2696 agebant:
616 2667 768 2703 quamvis
800 2668 889 2698 enim

937 1497 1055 1519 verum
1071 1492 1125 1519 est
1151 1486 1296 1529 pedibus
1318 1485 1417 1518 nudis
1441 1484 1562 1518 fuisse:
1590 1489 1642 1518 ta-

937 1548 1015 1570 men
1038 1537 1171 1575 falsum,
1198 1539 1321 1580 pedem
1346 1538 1497 1579 planum,
1521 1537 1643 1578 pedem

938 1588 1065 1621 nudum
1103 1599 1190 1621 esse.
1248 1587 1318 1620 Sed
1355 1586 1641 1629 quemadmodum

938 1641 1115 1682 pedaneus
1143 1640 1328 1682 opponitur
1344 1639 1476 1680 Curuli,
1501 1639 1645 1680 ita-pla-

939 1693 1039 1733 nipes
1055 1692 1170 1724 mimo.
1205 1690 1395 1722 Ausonius:
1423 1695 1431 1707 ‘
1446 1699 1509 1721 nec
1525 1689 1568 1721 de
1582 1689 1643 1721 mi-

939 1753 994 1775 mo
1020 1742 1251 1785 planipedem,
1263 1751 1327 1773 nec
1338 1741 1381 1773 de
1393 1741 1564 1773 Comoedis
1578 1740 1645 1771 liis-

940 1795 1110 1827 trionem.'
1153 1794 1201 1825 Ut
1217 1793 1373 1835 planipes
1386 1792 1467 1823 nihil
1481 1790 1571 1823 aliud
1589 1791 1645 1831 sit,

938 1856 1038 1889 quam
1072 1846 1192 1877 mimus
1222 1844 1409 1886 pedaneus.
1454 1842 1645 1874 Prodibant

940 1902 1055 1929 autem
1082 1894 1284 1937 planipedes
1313 1892 1460 1926 riciniati
1483 1893 1525 1924 ad
1543 1902 1645 1935 agen—

940 1949 1032 1980 dum.
1078 1946 1169 1979 Quid
1183 1946 1226 1977 sit
1241 1945 1387 1976 ricinium
1402 1943 1504 1975 nabes
1531 1948 1568 1975 et
1591 1943 1644 1975 1110

942 1998 1032 2040 apud
1046 1998 1196 2033 Festum,
1213 2000 1248 2028 et
1262 1995 1353 2037 apud
1366 1994 1565 2026 Varronem.
1576 1995 1646 2026 Jos.

941 2049 1025 2081 Scal.

987 2098 1173 2139 Orchestra]
1198 2098 1379 2129 Postrema
1406 2096 1478 2133 illa,
1494 2099 1586 2137 alque
1609 2099 1644 2127 ut

941 2152 1013 2183 inde
1028 2160 1135 2182 nomen
1153 2151 1312 2188 ducerent,
1329 2147 1407 2179 111110
1425 2148 1543 2179 avulsa
1566 2153 1647 2188 post

941 2212 1020 2233 orcoe
1035 2200 1267 2238 adhaeserunt,
1284 2204 1321 2230 ut
1337 2198 1383 2230 ibi
1399 2202 1568 2230 notamus.
1610 2197 1647 2228 Si

941 2251 1021 2294 qnid
1053 2256 1168 2282 autem
1198 2250 1342 2290 amplius
1368 2248 1468 2289 desit,
1496 2249 1544 2280 ita
1567 2258 1649 2289 sup-

942 2303 1103 2345 plendum
1121 2305 1197 2343 post
1211 2303 1378 2332 ducerent:
1402 2303 1431 2331 et
1447 2300 1590 2331 riciniati
1601 2300 1648 2330 di-

941 2357 1094 2386 ceremur.
1140 2351 1332 2384 Orchestra
1357 2351 1452 2382 locus
1474 2351 1506 2381 111
1533 2349 1647 2381 medio

943 2406 1087 2440 theatro,
1100 2403 1157 2434 nbi
1170 2402 1291 2433 chorus
1303 2401 1456 2437 saltaret,
1470 2409 1592 2441 nempe
1603 2399 1646 2430 ab

943 2455 1100 2497 ὀρχεῖσθαι
1113 2454 1161 2485 sic
1177 2454 1281 2484 dicta.
1319 2452 1361 2483 In
1377 2462 1450 2482 eam
1465 2451 1645 2482 histriones

943 2505 1144 2549 planipedes
1156 2514 1222 2535 non
1236 2504 1344 2535 solere
1357 2502 1489 2534 admitti
1504 2502 1552 2532 ait
1566 2501 1647 2532 Fes-

944 2565 1011 2596 tus,
1046 2562 1083 2589 et
1110 2554 1346 2596 cognoscimus
1374 2564 1417 2585 ex
1447 2554 1578 2585 Seneca
1611 2557 1648 2584 et

944 2610 1031 2650 aliis,
1045 2614 1082 2641 ut
1097 2608 1226 2649 optime
1239 2605 1414 2645 Scaliger3
1436 2604 1446 2622 ‘
1461 2609 1648 2645 propterea

944 2662 1046 2701 enim,
1062 2662 1124 2691 &c.
1147 2659 1188 2690 ad
1208 2655 1400 2698 agendum,’
1424 2660 1459 2687 et
1475 2655 1517 2687 ab
1534 2664 1574 2687 eo
1590 2655 1650 2687 ha·
