1835 2906
209 129 293 171 348

210 235 461 284 Lamberat,
476 240 491 255 ⁰
513 233 692 284 scindit,
717 247 768 275 ac
791 234 939 274 laniat.

652 138 799 168 SEX'rl
835 136 1035 168 POMPEll
1072 136 1205 166 FES'I'I

209 302 357 343 Lance
372 307 388 331 Ρ
424 303 467 341 et
497 301 603 342 licio
636 301 861 341 dicebatur
882 299 1000 352 apud
1021 299 1252 352 antiquos;
1276 299 1380 353 quia
1400 298 1474 353 qui
1494 297 1653 339 furtum

264 369 357 409 ibat
387 382 578 422 q-uaerere
611 369 653 409 in
686 368 814 409 domo
842 367 1002 417 aliena,
1024 367 1128 407 licio
1149 366 1319 407 cinctus
1339 367 1540 414 intrabat,
1561 365 1660 406 lan-'

265 448 449 489 cemque
471 439 566 477 ante
588 436 743 477 oculos
765 436 937 476 tenebat
952 438 1126 489 propter
1147 439 1332 475 matrum
1360 433 1554 483 familiae,
1578 435 1654 474 aut

264 503 479 556 virginum
506 504 805 557 praesentiam.

208 571 385 612 Lancea
401 575 417 599 ‘³
437 583 463 611 a
485 569 645 611 Graeco
666 569 801 618 dicta,
826 582 955 622 quam
974 569 1037 610 illi
1059 567 1205 622 λόγχην
1226 570 1401 608 vocant.

209 638 369 680 Laneae
390 638 550 691 effigies
564 643 576 659 ¹‘
607 636 919 691 compitalibus
940 641 1076 676 noctu
1106 636 1320 677 dabantur
1340 634 1383 675 in
1397 639 1414 665 9
1436 633 1625 687 compita
1643 645 1653 672 ι

817 744 937 756 eeeeee

249 805 270 831 9
293 801 437 835 Quidam
453 801 532 832 libb.
547 802 586 832 ud
601 812 626 832 c.

940 744 1039 756 “““

863 865 1005 897 NOTAE

248 933 263 946 ⁴³
286 927 467 968 Lamberat]
491 927 648 968 Respicit
665 928 774 959 locum
791 928 903 959 Plaut.

207 977 368 1009 Pseudol.
402 988 439 1009 11.
472 981 503 1009 4.
542 979 550 994 ‘
582 980 688 1019 Euge,
721 979 902 1019 pellepide,

208 1028 366 1064 Charine,
399 1039 451 1059 me
489 1039 563 1060 meo
604 1030 682 1060 ludo
712 1029 903 1061 lamberas.’

208 1079 305 1109 Idem.

249 1134 265 1153 1¹
299 1129 416 1169 Lance]
453 1129 578 1160 Notum
609 1138 652 1160 ex
681 1138 746 1161 xu.
769 1131 903 1161 Tabulis

207 1188 295 1217 esse,
313 1179 455 1221 ideoque
473 1180 697 1220 repetendum
723 1182 764 1212 ab
790 1182 905 1212 ultimo

208 1228 467 1262 Atheniensium
487 1232 586 1271 jure:
612 1241 685 1262 nam
711 1234 766 1273 qui
794 1234 905 1264 conci-

207 1280 347 1321 piebant
363 1281 397 1312 in
415 1282 526 1322 aliqua
554 1282 651 1313 domo
669 1283 809 1322 furtum,
826 1283 905 1314 nudi

208 1331 394 1362 cincticulo
413 1332 543 1371 amicti,
569 1333 658 1374 quod
687 1339 828 1364 vocatur
851 1334 904 1365 hic

206 1380 330 1421 licium,
358 1381 446 1412 aedes
469 1386 645 1422 suspectas
672 1382 905 1423 ingredieban-

207 1435 277 1462 tur.
324 1431 570 1472 Aristophanes
586 1432 742 1472 νεφέλαις·
762 1432 905 1464 Κατάθου

206 1480 371 1519 θοιμάτιον.
396 1481 526 1518 ἠδίκηκα
541 1481 595 1520 τίς
620 1483 694 1513 Οὔκ·
719 1483 806 1514 ἀλλὰ
827 1495 903 1522 ’γυμ-

644 1534 732 1564 Ἀλλ’
756 1534 826 1573 οὐχὶ
841 1540 903 1574 φω-

204 1580 307 1622 ράσων
323 1581 416 1621 ἔγω-γ’
434 1582 625 1623 εἰσέρχομαι.
672 1583 771 1614 Plato
799 1584 903 1614 etiam

206 1633 249 1663 tle
272 1633 404 1672 legibus
427 1634 484 1664 lib.
505 1642 572 1664 ΧΗ.
596 1634 705 1674 φωρᾷν
720 1634 744 1663 δ’
762 1634 797 1664 ἂν
813 1634 903 1675 ἐθέλῃ

205 1681 253 1713 τίς
267 1694 296 1712 τι
321 1683 390 1723 παρ’
406 1684 520 1723 ὁτῳοῦν
534 1683 661 1723 γυμνὸς,
683 1683 702 1720 ἢ
723 1684 906 1722 χιτωνίσκον

206 1532 275 1563 νοὺς
292 1531 415 1563 εἰσιέναι
431 1531 598 1571 νομίζεται.

207 1732 301 1771 ἔχων,
327 1732 464 1772 ἄζωστος
486 1733 659 1773 προομόσας
674 1734 746 1766 τοὺς
762 1734 903 1773 νομίμους

207 1783 303 1823 θεοὺς,
322 1783 341 1820 ἧ
361 1784 420 1822 μὴν
440 1784 574 1823 ἐλπίζων
587 1784 736 1825 εὑρήσειν,
748 1786 827 1816 οὕτω
844 1792 904 1826 φω-

206 1835 278 1874 ρᾷν.
314 1835 462 1874 Propter
476 1841 616 1866 matrem
632 1835 775 1867 familias
790 1842 903 1867 antem

207 1889 243 1914 et
272 1884 419 1924 virgines
447 1885 642 1925 opponebat
670 1886 799 1916 lancem
827 1892 906 1918 ante

207 1935 336 1974 oculos,
351 1934 429 1975 quia
444 1935 546 1966 etiam
565 1935 596 1965 in
612 1935 843 1973 ’γυναικωνίτιδα
859 1938 905 1967 in-

208 1985 340 2017 trabat:
367 1986 456 2027 quod
473 1996 537 2017 non
560 1987 686 2018 licebat
702 1988 791 2028 apud
809 1988 905 2019 (ξι-ιι)-

208 2046 265 2067 cos
295 2036 367 2066 viro
406 2040 563 2076 externo,
595 2047 635 2067 ne
667 2038 904 2078 corrumpendi

207 2086 361 2118 foeminas
392 2087 516 2127 potius,
551 2097 649 2127 quam
681 2087 761 2118 furti
793 2089 904 2119 conci-

209 2137 325 2177 piendi
364 2147 465 2168 cansa
509 2138 677 2177 ingressus
721 2139 903 2171 videretur.

208 2188 359 2229 Ideoque
382 2189 513 2218 lancem
540 2187 584 2218 ob
611 2189 723 2219 oculos
749 2189 909 2228 ponebat,

209 2247 251 2269 ne
284 2238 417 2269 videret
447 2248 515 2270 eas,
574 2238 642 2269 Sed
673 2248 800 2279 quaero,
827 2240 905 2280 quid

211 2298 289 2328 ergo
315 2289 475 2329 proderat
493 2289 637 2319 intrasse
657 2289 907 2329 Gynaeconitin‚

211 2343 246 2369 et
265 2340 345 2370 nihil
364 2339 502 2371 videre?
547 2343 634 2371 Sane
651 2340 707 2381 qui
732 2340 776 2370 ita
794 2341 907 2371 oculos

212 2395 357 2429 tegeret,
374 2390 452 2431 quid
481 2391 596 2421 videre
622 2395 748 2430 posset,
773 2400 907 2430 quomo-

212 2441 297 2471 dove
321 2441 449 2472 furtum
475 2443 668 2483 concipere,
693 2441 817 2473 nescio.
839 2443 906 2472 Jos.

211 2491 294 2521 8σαῖ.

258 2540 356 2570 Lance
381 2544 410 2570 et
437 2541 523 2580 licio]
555 2541 658 2572 Certe
688 2541 742 2572 hic
770 2541 909 2582 erravit,

211 2589 282 2620 sive
301 2590 430 2625 Festus.
454 2590 524 2620 sive
544 2592 668 2621 Paulus
694 2592 749 2631 sit,
776 2592 831 2632 qui
849 2602 906 2622 no—

211 2640 263 2672 bis
287 2640 374 2670 hunc
399 2649 524 2672 morem
550 2643 773 2681 conscripsit3
798 2653 906 2683 neque

213 2689 312 2730 enirn,
328 2690 383 2730 qui
408 2690 485 2721 licio
512 2691 640 2722 cinctus
664 2697 749 2732 crat,
768 2693 853 2725 idem
872 2699 907 2724 et

958 929 1087 958 lancem
1105 926 1251 958 habebat
1269 926 1310 958 ob
1329 928 1442 958 oculos
1457 937 1465 964 ς
1492 926 1546 967 qui
1564 926 1652 958 enim

959 977 1084 1009 furtum
1101 987 1255 1019 quaerere
1273 978 1455 1018 potuisset?
1489 978 1654 1010 Quaerere

958 1027 1084 1059 furtum
1101 1038 1161 1068 per
1176 1029 1306 1058 lancem
1325 1032 1358 1058 et
1384 1027 1495 1058 licium
1517 1027 1653 1058 diceba-

959 1085 1013 1111 tur
1025 1080 1071 1111 rei
1086 1079 1217 1110 furtivae
1232 1080 1398 1117 dominus,
1413 1089 1487 1109 cum
1502 1078 1654 1109 adhibito

960 1140 1058 1162 servo
1086 1130 1234 1171 publico,
1257 1130 1313 1170 qui
1341 1129 1418 1160 licio
1443 1129 1655 1169 cingebatur,

959 1182 1048 1213 aedes
1066 1181 1223 1219 intrabat,
1240 1191 1314 1222 quae
1333 1181 1396 1211 sibi
1420 1179 1502 1211 furti
1518 1190 1656 1221 suspec-

960 1239 1004 1265 tae
1023 1239 1134 1274 erant,
1147 1234 1217 1273 ipse
1234 1234 1362 1263 lancem
1381 1232 1504 1263 habens
1522 1232 1563 1263 ob
1580 1242 1655 1263 ocu-

960 1285 1020 1323 los,
1046 1294 1087 1314 ne
1111 1293 1185 1314 cum
1207 1283 1239 1313 in
1266 1282 1477 1322 Gynaeceum
1497 1283 1655 1320 intraret,

960 1334 1199 1374 corrumpendi
1229 1334 1380 1364 foeminas
1405 1334 1528 1373 potius,
1557 1342 1655 1372 quam

959 1384 1040 1415 furti
1070 1383 1244 1425 quaerendi
1272 1392 1373 1414 causa
1404 1383 1578 1412 videretur
1609 1383 1656 1412 in-

960 1444 1111 1475 gressus:
1137 1435 1199 1464 hoc
1223 1440 1335 1464 aulem
1358 1443 1399 1463 ex
1417 1433 1533 1462 ultimo
1551 1431 1656 1462 Athe-

959 1485 1122 1515 niensium
1142 1485 1219 1525 jure
1245 1484 1276 1513 in
1300 1483 1391 1523 leges
1409 1485 1460 1513 12.
1487 1482 1554 1513 tab.
1573 1482 1655 1512 rela—

960 1540 1030 1564 tum
1059 1534 1163 1564 fuisse
1194 1533 1312 1564 docuit
1348 1532 1510 1570 Scaliger,
1570 1531 1655 1562 Nam

959 1585 1014 1626 qui
1031 1584 1271 1624 concipiebant
1292 1582 1326 1613 in
1346 1583 1458 1623 aliqua
1473 1582 1571 1612 domo
1586 1580 1656 1611 fur-

960 1640 1042 1675 tum,
1070 1635 1150 1665 nudi
1179 1633 1328 1665 cinctnlo
1351 1632 1464 1662 amicti
1482 1631 1572 1661 ardes
1588 1641 1656 1661 sus-

961 1691 1078 1726 pectas
1097 1683 1386 1724 ingrediebantur.
1432 1682 1532 1712 Plato
1549 1681 1591 1712 de
1611 1682 1656 1711 le-

959 1738 1053 1776 gibus
1078 1736 1135 1767 lib.
1152 1745 1219 1766 xu-
1264 1735 1369 1775 Φωρᾷν
1392 1734 1415 1763 δ’
1438 1733 1475 1764 ἂν
1498 1731 1587 1774 ἐθέλῃ
1609 1732 1655 1762 τίς

957 1800 987 1818 τι
1021 1787 1090 1827 πάρ’
1124 1787 1240 1825 ὁτῳοῦν
1272 1784 1398 1824 γυμνὸς,
1425 1784 1444 1821 ὴ
1472 1783 1656 1823 χιτωνίσκον

959 1839 1052 1877 ἔχων,
1077 1837 1225 1876 ἄζωστος,
1240 1835 1415 1876 προομόσας
1430 1834 1501 1865 τοὺς
1518 1834 1658 1873 νομίμους

962 1889 1058 1927 θεοὺς,
1075 1888 1093 1926 ἧ
1109 1889 1168 1927 μὴν
1184 1886 1317 1926 ἐλπίζων
1332 1885 1482 1925 εὑρήσειν,
1504 1885 1583 1915 οὕτω
1596 1879 1668 1924 φω-’

960 1942 1031 1980 ρᾴῖν.
1077 1939 1143 1970 Ubi
1161 1939 1248 1979 quod
1266 1937 1450 1977 χιτωνίσκον
1466 1941 1563 1966 vocat
1578 1936 1656 1966 Pla-

961 1996 1008 2029 to,
1024 1990 1164 2020 Romani
1181 1989 1300 2019 dixere
1317 1987 1431 2018 licium.
1465 1985 1550 2017 Inde
1562 1985 1657 2016 Aris-

962 2041 1126 2080 tophanes
1145 2040 1176 2070 in
1195 2037 1303 2077 νεφέλ.
1333 2035 1475 2067 Κατάθου
1490 2035 1655 2074 θοιμάτιον.

959 2090 1091 2127 ἠδίκηκα
1116 2089 1168 2130 τί;
1193 2089 1268 2119 Οὔκ·
1286 2087 1371 2118 ἀλλὰ
1385 2086 1518 2125 ’γύμνους
1533 2085 1658 2116 εἰσιέναι

1172 2139 1260 2170 Ἀλλ’
1288 2137 1358 2176 οὐχὶ
1389 2135 1539 2176 φωράσων
1563 2135 1656 2174 ἔγωγ’

1195 2192 1203 2206 ‘
1223 2191 1362 2228 Depone
1380 2192 1518 2218 vestem.
1566 2186 1657 2220 Quid

963 2241 1125 2282 peccavi?
1187 2239 1292 2275 Nihil,
1323 2248 1435 2269 verum
1473 2236 1579 2268 nudos
1608 2237 1656 2267 in-

962 2293 1063 2323 troire
1082 2293 1136 2323 lex
1154 2291 1269 2331 jubet.
1314 2289 1419 2330 Atqui
1435 2289 1514 2319 nihil
1532 2288 1657 2319 furatu-

963 2352 1018 2373 rus
1047 2351 1110 2382 ego
1137 2341 1270 2382 quidem
1295 2339 1452 2371 introeo!
1498 2339 1565 2370 Ubi
1584 2339 1658 2370 vide

963 2392 1074 2424 Schol.
1095 2402 1128 2432 p.
1149 2394 1220 2421 155.
1246 2391 1325 2421 Dae.

1007 2448 1021 2468 ‘l
1046 2442 1184 2482 Lancea]
1222 2439 1310 2470 Vide
1343 2439 1376 2470 in
1405 2440 1414 2456 ⁴
1441 2438 1547 2470 Pilae.’
1585 2439 1654 2469 Jos.

965 2493 1047 2524 Scul.

1006 2542 1142 2582 Lancea]
1168 2541 1387 2581 Hispanicum
1417 2539 1555 2569 verbum
1584 2549 1656 2570 esse

962 2594 1009 2624 ait
1026 2593 1132 2623 Varro
1151 2591 1239 2631 apud
1257 2590 1404 2621 Gellium
1428 2588 1484 2619 lib.
1505 2597 1564 2620 xv.
1582 2598 1657 2629 cap.

963 2647 1014 2675 30.
1059 2641 1230 2673 Diodorus
1260 2639 1441 2670 Gallicum.
1498 2639 1656 2670 Addebat

963 2693 1152 2725 Bochartus
1185 2690 1292 2722 forsan
1324 2698 1396 2720 esse
1429 2699 1447 2719 a
1476 2689 1654 2720 Chaldaico

961 2139 1126 2179 νομίζεται.

962 2190 1152 2231 εἰσέρχομαι.
