1835 2906
399 164 460 193 DE
494 161 765 192 VERssoRUM
801 157 1205 189 SlGNlFch'rloNE
1241 157 1332 186 [AB.
1367 156 1429 185 Vl.

256 259 376 299 circa
396 258 572 310 templa.

1551 143 1632 184 261

632 257 743 297 Sunt
775 259 921 295 autem
958 253 1033 306 qui
1064 255 1221 305 putant
1250 250 1439 291 favissas
1468 261 1567 289 esse
1591 249 1635 288 in

257 325 479 379 Capitolio
515 324 638 365 cellis
675 322 961 374 cisternisque
996 319 1177 368 similes,
1213 318 1289 358 ubi
1332 316 1483 370 reponi
1519 319 1639 356 erant

257 393 385 434 solita
406 405 472 439 ea,
494 404 593 445 quae
614 393 658 432 in
681 390 842 444 templo
865 392 1087 430 vetustate
1107 390 1228 427 erant
1257 385 1377 427 facta
1396 383 1582 425 inutilia.

201 460 461 502 Faustulum
474 465 490 482 ⁰
510 459 766 513 porcellum,
788 457 977 497 feturam
993 466 1242 509 porcorum.

202 528 566 569 FEBRUARlusP
600 526 764 566 mensis
798 524 961 574 dictus,
996 522 1116 577 quod
1144 525 1249 567 tum,
1279 518 1324 558 id
1343 521 1422 567 est,
1441 522 1640 558 extremo

258 608 406 636 mense
440 596 539 635 anni
571 592 765 647 populus
798 590 1088 638 februaretur,
1124 588 1170 630 id
1191 591 1273 636 est,
1298 586 1559 634 lustraretur,
1590 597 1643 625 ac

259 667 535 716 purgaretur:
565 661 636 702 vel
659 674 686 701 a
704 659 731 701 J
737 671 879 700 unone
895 658 1110 705 februata,
1133 668 1264 710 quam
1287 653 1362 695 alii
1389 651 1644 700 februalem,

260 729 451 770 Romani
472 728 670 769 februlim
689 730 874 767 vocant:
911 724 1029 779 quod
1051 724 1140 777 ipsi
1168 735 1221 763 eo
1247 733 1397 762 mense
1425 732 1552 761 sacra
1572 718 1648 759 fie-

259 798 380 845 bant,
411 795 596 849 ejusque
627 795 746 835 feriae
783 798 907 834 erant
935 791 1190 846 lupercalia,
1223 802 1312 843 quo
1344 788 1415 828 die
1446 786 1648 827 mulieres

258 863 568 904 februabantur
589 875 614 902 a
634 862 825 915 lupercis
848 861 1036 901 amiculo
1055 859 1083 900 J
1089 858 1257 906 unouis,
1274 856 1316 897 id
1339 860 1420 905 est,
1441 854 1557 907 pelle
1578 866 1650 894 ca-

260 931 413 984 prina:
436 943 565 983 quam
587 930 644 970 ob
675 943 857 971 causam
880 929 919 969 is
941 940 1114 981 quoque
1136 926 1232 966 dies
1253 924 1476 964 februatus
1499 921 1651 975 appel-

260 998 452 1039 labatur.
512 996 818 1050 Quaecumque
840 997 1027 1049 denique
1043 992 1317 1048 purgamenti
1339 1002 1477 1031 causa
1494 989 1538 1029 in
1553 988 1651 1042 qui-

260 1067 431 1119 busque
448 1065 676 1105 sacrificiis
692 1064 964 1113 adhibentur,
978 1063 1129 1103 februa
1143 1059 1429 1114 appellantur.
1462 1056 1516 1097 Id
1533 1068 1653 1105 vero,

262 1132 378 1187 quod
401 1136 625 1186 purgatur,
648 1132 808 1173 dicitur
824 1132 1085 1172 februarum.

860 1235 1000 1267 NOTAE

206 1304 271 1338 set,
301 1300 410 1340 prima
440 1301 473 1331 in
491 1301 613 1339 sarissa
644 1299 904 1340 produceretur,

205 1351 779 1391 quamcorripuitCaesarScaliger:
797 1350 902 1382 ‘Quae

205 1405 346 1440 possunt
362 1401 404 1432 de
420 1401 601 1432 Socraticis
618 1402 730 1432 exisse
746 1400 905 1431 favissis.'

205 1451 328 1492 Neque
345 1452 575 1492 priusfarissoe
592 1453 633 1482 de
653 1451 828 1488 thesauris,
844 1450 902 1481 sed

206 1501 249 1532 de
283 1503 396 1542 puteis
413 1507 448 1533 et
467 1512 562 1543 aquae
589 1502 746 1533 cisternis
773 1500 902 1531 dictum

206 1556 273 1590 est,
290 1553 405 1593 utjam
424 1563 537 1593 supra.
584 1553 639 1583 De
656 1551 791 1582 favissis
806 1551 906 1590 Capi-

207 1602 280 1633 tolii
298 1603 438 1642 insignis
455 1604 547 1633 locus
562 1602 736 1639 Varronis,
752 1602 806 1641 qui
830 1601 908 1631 Ser-

154 1671 158 1674 ·
208 1652 263 1682 vio
290 1653 434 1692 Sulpitio
460 1651 700 1692 roganti‚quid
730 1652 762 1681 in
783 1652 906 1682 Censo-

208 1701 266 1732 riis
292 1702 388 1733 libris
414 1701 646 1742 significarent
664 1701 796 1738 favissae
815 1701 908 1740 Capi-

208 1752 324 1791 tolivzoe,
355 1753 543 1792 rescripsit,
568 1751 623 1782 ‘in
655 1751 817 1781 memoria
848 1751 909 1781 sibi

209 1810 282 1832 esse
311 1802 399 1842 quod
428 1802 576 1834 Quintus
605 1801 746 1832 Catulus
774 1806 911 1831 curator

210 1853 413 1884 restituendi
434 1852 594 1893 Capitolii
619 1853 771 1891 dixisset,
789 1852 909 1881 voluis-

206 1914 242 1934 se
268 1915 302 1935 se
327 1914 439 1935 aream
458 1904 686 1943 Capitolinam
705 1901 910 1942 deprimere,

209 1960 247 1986 ut
272 1954 426 1995 pluribus
455 1954 613 1994 gradibus
640 1954 672 1984 in
697 1953 802 1984 aedem
828 1962 908 1982 con-

206 2007 441 2046 scenderetur,
458 2011 704 2047 suggestusque
730 2015 790 2046 pro
814 2004 909 2036 fasti-

210 2057 257 2099 gii
275 2057 504 2097 magnitudine
530 2058 626 2088 altior
650 2057 761 2094 fieret,
779 2056 835 2087 sed
860 2055 908 2086 fa-

210 2117 287 2139 cere
313 2108 344 2138 id
367 2118 431 2138 non
457 2108 578 2147 quisse,
595 2107 750 2148 quoniam
778 2105 907 2136 favissae

209 2157 456 2198 impedissent)
473 2158 554 2188 Duc.

252 2213 267 2228 ⁰
291 2208 489 2248 Faustulum]
535 2208 757 2238 Faustitatem
802 2208 908 2238 Deam

212 2260 370 2291 colebant
385 2260 528 2290 Veteres
547 2269 608 2299 pro
624 2259 834 2289 incremento
851 2268 908 2298 pe·

213 2310 320 2340 coris:
356 2314 408 2347 ut,
431 2309 440 2325 ‘
458 2310 490 2339 Si
514 2308 636 2339 foetura
665 2319 803 2349 gregem
832 2319 910 2348 sup-

212 2358 387 2399 pleverit:¹
413 2364 594 2399 propterea
616 2360 624 2375 ‘
641 2359 762 2389 almam
779 2359 910 2389 Fausti-

214 2409 338 2440 tatem’
353 2414 450 2439 vocat
467 2409 639 2440 Horatius.
656 2410 725 2439 Jos.
742 2409 825 2440 Scal.

258 2459 459 2498 Faustulum]
482 2459 511 2489 A
529 2458 666 2495 foetura,
682 2468 757 2499 quae
776 2459 912 2498 proprie

212 2509 380 2542 faustitas.
419 2509 518 2541 Unde
535 2514 569 2539 et
581 2508 789 2540 faustitatem
803 2509 910 2540 Deam

212 2561 372 2593 colebant
387 2561 547 2595 Veteres,
572 2559 695 2589 Horat.
711 2558 781 2589 Od.
805 2562 836 2589 5.
854 2559 911 2589 lib.

214 2620 266 2644 lv.
289 2615 297 2628 ¹
318 2611 436 2642 Nutrit
453 2619 529 2640 rura
546 2609 651 2640 Ceres
666 2613 701 2639 et
719 2609 806 2640 alma
823 2607 911 2639 faus·

215 2660 321 2692 titas.²
366 2660 467 2692 Hanc
483 2660 515 2690 in
532 2658 846 2690 saecularicarmine
863 2659 910 2689 sic

213 2710 298 2742 mire
333 2710 488 2752 depinxit
526 2708 707 2740 Horatius:
746 2712 754 2726 ‘
773 2707 909 2740 Fertilis

958 1297 1092 1339 frugum
1118 1297 1317 1338 pecorisque
1335 1294 1433 1324 tellus
1457 1290 1581 1331 Spicea
1598 1287 1657 1319 do-

958 1356 1015 1380 net
1044 1350 1204 1381 Cererem
1235 1354 1378 1381 corona3
1405 1341 1569 1374 Nutriant
1595 1338 1655 1369 fee-

959 1405 1011 1430 tus
1027 1404 1062 1430 et
1078 1408 1173 1439 aquae
1199 1396 1350 1428 salubres
1374 1393 1416 1424 Et
1433 1391 1529 1423 Jovis
1546 1387 1659 1420 aurae.’

959 1450 1040 1480 Duc.

1002 1506 1017 1526 P
1046 1496 1247 1536 Februarius]
1277 1495 1337 1526 Ait
1364 1493 1454 1524 diem
1484 1491 1658 1529 Luperca-

958 1552 1002 1582 lia
1018 1561 1036 1581 a
1050 1549 1237 1580 Veteribus
1263 1546 1454 1578 Februatum
1469 1540 1584 1572 vocari
1608 1548 1659 1569 so-

959 1603 1068 1633 litum.
1126 1600 1258 1629 Varro:
1298 1592 1528 1634 ‘Lupercalia
1555 1589 1660 1625 dicta,

961 1651 1049 1692 quod
1068 1651 1099 1680 in
1118 1647 1298 1688 Lupercali
1326 1644 1470 1685 Luperci
1495 1650 1592 1672 sacra
1609 1637 1659 1669 fa-

962 1703 1064 1733 ciant.
1116 1702 1201 1734 Rex,
1232 1708 1306 1729 cum
1338 1695 1438 1726 ferias
1469 1696 1660 1723 menstruas

966 1752 1073 1783 Nonis
1098 1749 1290 1782 Februariis
1314 1745 1434 1783 edicit,
1457 1743 1547 1773 hunc
1571 1741 1660 1771 diem

963 1803 1169 1833 Febrnatum
1189 1795 1361 1839 appellat!
1377 1796 1446 1825 Jos.
1459 1792 1544 1823 Scal.

1009 1850 1201 1883 Februarius
1216 1845 1346 1885 mensis]
1367 1844 1479 1874 Varro
1496 1841 1554 1871 lib.
1573 1849 1605 1870 v.
1619 1838 1662 1869 de

965 1903 1003 1934 L.
1021 1903 1058 1933 L.
1098 1902 1107 1918 ⁴
1128 1901 1200 1931 Rex
1231 1907 1306 1929 curu
1338 1894 1442 1926 ferias
1472 1896 1663 1922 menstruas

965 1952 1072 1984 Nonis
1100 1948 1291 1981 Februariis
1318 1944 1434 1979 edicit,
1459 1942 1547 1972 hunc
1573 1939 1662 1970 diem

964 2003 1169 2034 Februatum
1202 1997 1363 2038 appellat.
1410 1993 1579 2024 Februum
1607 1991 1664 2021 Sa-

964 2054 1033 2085 bini
1068 2055 1340 2093 purgamentum,
1369 2050 1402 2077 et
1433 2046 1466 2076 in
1497 2045 1528 2074 id
1561 2044 1664 2074 sacris

965 2105 1086 2135 uostris
1110 2101 1264 2139 verbum,
1288 2108 1363 2129 nam
1392 2101 1427 2127 et
1451 2093 1665 2134 Lupercalia,

965 2154 1162 2192 Februatio‚
1186 2156 1224 2182 ut
1249 2151 1282 2180 in
1307 2146 1548 2188 antiquitatum
1571 2143 1665 2174 libris

965 2201 1217 2235 demonstravi!
1242 2202 1284 2231 Et
1299 2199 1397 2240 paulo
1408 2201 1505 2237 post:
1531 2200 1539 2212 ‘
1557 2195 1665 2228 Prior,

965 2266 985 2287 a
1010 2254 1172 2293 Principe
1196 2248 1492 2289 Jano,Januarius
1516 2246 1665 2286 appella-

967 2311 1040 2337 tus:
1067 2302 1248 2344 posterior,
1259 2306 1296 2331 ut
1312 2298 1411 2329 iidem
1426 2297 1545 2327 dicunt
1561 2296 1667 2336 scrip-

967 2361 1074 2393 tores,
1089 2354 1130 2384 ab
1150 2352 1231 2383 Deis
1250 2348 1366 2380 inferis
1388 2347 1592 2378 Februarius
1608 2356 1667 2386 ap-

967 2406 1127 2447 pellatus,
1155 2400 1245 2443 quod
1278 2405 1348 2431 tum
1377 2399 1425 2429 his
1454 2403 1665 2438 parentetur.

968 2458 1040 2495 Ego
1057 2454 1161 2493 magis
1178 2451 1324 2482 arbitror
1341 2449 1563 2481 Februarium
1580 2459 1597 2478 a
1611 2447 1666 2478 die

968 2505 1138 2543 februato‚
1155 2501 1241 2543 quod
1264 2507 1333 2530 tum
1352 2499 1531 2530 febrnatur
1560 2508 1666 2538 popu-

967 2557 1030 2591 lus,
1052 2554 1084 2584 id
1112 2558 1177 2591 est,
1200 2551 1347 2592 lupercis
1374 2550 1474 2580 nudis
1502 2550 1666 2580 lustratur

967 2605 1143 2645 antiquum
1165 2602 1325 2643 oppidum
1356 2600 1538 2640 Palatium,
1558 2599 1667 2638 gregi-

966 2656 1025 2686 bus
1049 2652 1222 2685 cinctnm.’
1257 2654 1311 2683 De
1327 2651 1454 2682 februis
1472 2651 1546 2682 vide
1564 2649 1668 2681 Ovid.

963 2706 1021 2738 lib.
1039 2714 1078 2738 ιι.
1102 2706 1194 2737 Fast„
1210 2703 1319 2735 initio.
1346 2702 1426 2734 Duc.
