1835 2906
203 127 258 167 10
675 138 877 168 DACERu
912 138 1183 169 PRAEFArio.

204 244 297 273 rass
348 232 422 273 Sic
442 231 605 273 alicubi
625 245 694 273 me
724 232 883 285 legisse
916 233 1090 273 memini
1119 232 1298 274 Festum
1319 233 1639 287 interpretatum

203 311 302 340 esse
322 312 479 341 Vocem
495 298 681 350 Abilam,
696 306 866 339 montem
889 299 1031 340 altum.

262 366 365 407 Hoc
407 380 582 420 quoque
622 367 868 408 monendus
920 380 984 416 es,
1031 367 1187 415 lector,
1224 366 1481 408 divisionem
1519 368 1641 408 Festi

205 433 337 474 aliam
355 433 508 475 fuisse.
569 434 666 476 Ista
687 434 816 483 enim,
847 439 898 474 ut
919 434 1101 487 singulae
1121 434 1260 475 literae
1282 433 1418 475 libros
1447 435 1642 487 singulos

206 501 457 542 contineant
487 500 592 542 Aldi
622 507 705 551 est,
739 515 826 542 non
860 502 996 551 Festi,
1031 501 1107 555 qui
1139 505 1239 542 ante
1271 501 1320 542 M
1355 502 1525 543 literam
1550 513 1643 542 xli.

206 568 341 608 libros
363 569 563 609 confecit.
623 569 755 610 Liber
778 580 892 610 xiil.
913 569 1158 622 incipiebat
1176 570 1219 610 in
1242 569 1386 610 medio
1411 568 1552 609 literae
1577 569 1642 618 M,

208 639 309 675 ante
340 648 496 676 vocem
519 634 677 676 Malus.
754 635 863 676 Inde
895 649 1038 689 usque
1076 636 1132 676 ad
1160 636 1327 676 literam
1365 635 1403 675 O
1431 636 1531 676 libri
1556 636 1644 676 duo

206 703 555 745 continebantur.
615 703 749 744 Initio
770 704 908 744 literae
932 703 970 743 O
993 703 1237 756 incipiebat
1272 703 1383 743 liber
1405 713 1511 744 XVI.
1572 702 1643 743 In-

204 771 288 812 itio
309 771 448 812 literae
473 770 514 821 Q
546 771 656 811 liber
678 781 803 811 XV11.
866 771 917 811 In
949 770 1095 811 medio
1127 770 1266 810 literae
1298 770 1342 810 R
1361 771 1470 810 liber
1493 780 1641 809 xvur.

209 841 308 878 ante
342 851 497 879 vocem
526 836 649 877 rideo.
710 837 763 877 In
789 837 935 877 medio
964 838 1102 878 literae
1126 837 1155 877 S
1177 835 1284 877 liber
1306 847 1418 876 xix.
1450 841 1549 877 ante
1569 849 1644 877 vo-

211 918 307 945 cem
331 904 510 958 Scz'rpus.
570 904 700 944 Liber
720 904 905 944 ultimus
928 903 1035 944 duas
1064 903 1241 944 ultimas
1274 904 1426 944 literas
1454 903 1646 956 amplec-

208 972 383 1013 tebatur
403 972 443 1012 T
460 976 504 1012 et
520 971 577 1011 V.

264 1038 302 1078 E
323 1038 457 1079 variis
473 1038 735 1078 lectionibus
757 1050 856 1091 quae
884 1037 1075 1077 omnium
1097 1036 1330 1077 editionum
1351 1037 1563 1089 margines
1584 1037 1647 1076 in-

208 1106 422 1154 sederunt,
458 1105 556 1145 illas
592 1109 757 1146 tantum
793 1105 838 1145 in
870 1108 1000 1145 notas
1033 1104 1164 1157 rejeci
1196 1117 1294 1157 quae
1321 1104 1427 1144 mihi
1460 1103 1648 1157 alicujus

206 1173 419 1213 momenti
439 1172 549 1213 visae
572 1175 683 1212 sunt.
743 1171 950 1225 Reliquis
977 1170 1107 1211 facile
1127 1177 1195 1212 est
1215 1184 1375 1212 carere.
1435 1170 1529 1223 Ego
1547 1183 1649 1210 sane

205 1240 272 1280 ita
292 1252 461 1292 semper
482 1238 734 1279 existimavi
757 1239 974 1279 variarum
987 1239 1224 1279 lectionum
1240 1237 1649 1291 multiplicationem

206 1308 405 1348 locorum
426 1307 715 1359 corruptelam
737 1306 869 1347 citius
894 1319 1067 1358 parere,
1102 1318 1232 1358 quam
1268 1318 1418 1345 eorum
1451 1303 1650 1344 emenda-

209 1375 388 1415 tionem.
448 1373 620 1422 Habes,
641 1374 797 1423 lector,
820 1373 979 1426 quibus
1000 1377 1043 1413 te
1070 1372 1156 1413 fere
1179 1372 1398 1413 volebam.
1460 1371 1649 1423 Reliqua

209 1442 358 1482 omnia
377 1441 474 1494 ipse
493 1441 646 1481 melius
668 1453 917 1493 cognosces.
977 1440 1050 1480 Ita
1083 1444 1224 1480 tamen
1260 1439 1392 1479 velim
1424 1438 1650 1478 existimes

206 1521 276 1549 me
314 1508 393 1549 tibi
430 1509 575 1561 potius
615 1520 831 1556 exorsarn,
871 1519 1004 1560 quam
1046 1506 1270 1547 detextam
1302 1505 1434 1546 telam
1468 1504 1650 1545 tradere.

209 1575 359 1625 Quare
375 1589 474 1616 cum
493 1576 538 1615 in
560 1587 724 1615 errores
746 1587 884 1623 meOS‚
905 1574 1033 1614 nimis
1054 1573 1238 1614 fortasse
1254 1572 1431 1621 multos,
1447 1571 1650 1620 incurres,

207 1643 278 1683 fac
299 1642 545 1683 memineris
566 1655 635 1682 me
659 1654 714 1681 ea
735 1646 867 1682 aetate
890 1641 984 1682 haec
1005 1640 1238 1694 scripsisse
1259 1652 1349 1693 qua
1367 1639 1497 1678 etiam
1519 1640 1650 1679 errari

209 1723 310 1750 cum
346 1710 631 1749 excusatione
668 1709 815 1761 aliqua
851 1712 1011 1761 potest.
1070 1708 1122 1748 In
1155 1707 1339 1760 reliquis
1374 1706 1651 1747 si.nonnulla

210 1779 309 1816 sunt
329 1789 426 1828 quae
457 1776 551 1816 tolli
572 1781 826 1825 mereantur,
848 1788 1039 1828 quaeque
1060 1779 1103 1815 te
1125 1774 1193 1814 vel
1214 1773 1403 1814 utilitate
1427 1774 1497 1813 vel
1518 1786 1653 1814 amoe-

209 1842 347 1882 nitate
369 1854 450 1881 sua
472 1842 693 1882 delectare
716 1842 900 1894 possint,
921 1842 983 1882 nil
1000 1842 1210 1894 deprecor
1225 1841 1331 1893 quin
1347 1840 1428 1880 tibi
1443 1841 1652 1880 continuo

210 1911 256 1950 in
279 1909 471 1949 animum
494 1912 743 1949 succurrat:
777 1907 933 1960 Neque
964 1909 1009 1948 in
1039 1908 1157 1948 bona
1189 1910 1334 1959 segete
1362 1907 1527 1947 nullum
1556 1920 1651 1947 essc

214 1976 383 2030 spicum
400 1988 602 2029 nequam,
622 1988 759 2030 neque
779 1974 823 2015 in
844 1975 960 2015 mala
982 1987 1068 2015 non
1086 1973 1265 2028 aliquod
1287 1974 1464 2013 bonum.
1524 1973 1649 2014 Vale,
