1835 2906
364 169 424 198 DE
460 167 729 198 VERBORUM
764 165 1169 197 SIGNIFICA'PIONE
1211 167 1304 197 [AB.
1342 168 1379 197 v„

164 262 432 312 Elumbem,x
453 262 608 302 evulso
625 260 642 285 ⁶
662 261 825 301 lumbo.

1526 158 1610 198 235

164 331 275 380 En,y
299 342 377 383 pro
401 342 518 378 eum,
540 329 596 370 ab
617 342 685 378 eo,
707 326 826 381 quod
846 327 985 367 estis.

164 396 462 450 EmancipatiZ
493 396 668 436 duobus
689 394 829 435 modis
850 393 1161 446 intelliguntur,
1185 398 1263 434 aut
1284 394 1330 443 ii,
1355 395 1431 446 qui
1453 407 1512 435 ex
1533 408 1610 448 pa-

217 465 292 504 tris
305 464 404 518 jure
424 464 622 504 exierunt
638 477 648 514 ;
670 468 746 504 aut
764 462 810 509 ii,
828 462 903 514 qui
922 461 1105 502 aliorum
1122 460 1232 501 fiunt
1250 459 1432 501 dominii
1450 467 1483 502 :⁷
1502 475 1611 516 quo-

219 544 313 572 rum
336 536 565 584 utrumque
586 530 631 571 fit
647 530 661 554 3
693 529 1030 582 mancipatione.

166 599 360 650 limem?
382 599 579 640 eundem.

163 666 352 717 Emere,b
382 667 499 721 quod
516 679 631 707 nunc
653 669 718 707 est
739 665 941 715 mercari,
957 664 1125 718 antiqui
1142 663 1420 718 accipiebant
1435 675 1514 716 pro
1537 675 1611 703 su-

222 749 347 776 mere.

162 802 426 856 Empanda,c
456 814 726 855 paganorum
750 801 862 842 Dea,

162 871 413 924 Emptivum
427 868 445 892 d
476 870 675 919 militem,
692 869 1020 909 mercenarium.

774 985 869 997 οθοθθ
874 986 987 997 “N“
991 986 1008 997 e

201 1073 221 1101 6
246 1068 298 1099 ΑΙ.
315 1067 494 1098 avulsa—7
520 1064 587 1096 Alii
605 1064 680 1094 libri
694 1064 887 1096 domini.—8
912 1063 963 1094 Ed
989 1064 1078 1095 Scal.
1095 1064 1194 1105 fiunt,

818 1179 958 1211 NOTAE

159 1258 192 1288 ἐν
207 1255 308 1295 σκότῳ
324 1255 529 1295 κατεχόμενα.
565 1255 655 1286 Hinc
671 1254 788 1294 ἠλυγὺς
805 1256 860 1286 1ιο-

159 1318 213 1338 mo
231 1308 368 1346 Elimas,
382 1307 398 1337 ὁ
421 1305 672 1345 ἐπεσκιασμένος,
696 1299 860 1337 tarditate

158 1369 197 1390 ac
241 1364 380 1399 stupore
412 1359 567 1389 obsessus
597 1363 633 1388 et
664 1366 858 1397 oppressus.

158 1410 224 1440 Sed
243 1415 277 1441 et
294 1420 355 1450 pro
372 1410 445 1449 ipso
459 1408 584 1440 affectu
600 1409 753 1439 sumitur.
779 1408 859 1439 Gel-

158 1461 221 1491 lius
233 1460 353 1491 definit
364 1461 507 1498 Elaeam,
520 1459 530 1476 ⁶
545 1459 742 1490 tarditatem
755 1468 859 1500 quan-

159 1511 234 1542 dam
267 1512 379 1549 animi,
410 1521 484 1552 quae
512 1510 762 1541 alucinantibus
789 1510 860 1550 ple-

159 1571 299 1602 rumque
314 1563 453 1593 evenire
468 1561 580 1600 solet,’
606 1560 648 1591 ab
666 1560 732 1591 alia
748 1564 859 1591 tamen

159 1613 286 1653 origine
300 1618 363 1650 est,
378 1622 476 1654 quam
492 1614 501 1630 ‘
515 1610 690 1643 alucinor.’
720 1611 860 1642 Salmas.

159 1663 194 1693 in
215 1662 318 1705 Solip.
342 1663 424 1694 Dae.

201 1717 217 1732 Χ
238 1713 415 1752 Elumbem]
434 1711 520 1742 Vide
532 1712 541 1728 ‘
555 1710 745 1752 elinguem.’
763 1710 862 1741 Idem.

200 1767 214 1789 Ἰ
226 1763 301 1803 Em]
320 1763 350 1794 A
364 1763 500 1804 poetico
515 1762 573 1801 νὶν,
585 1762 655 1793 sive
666 1761 730 1800 μὶν,
743 1761 862 1792 dixere

161 1815 218 1853 im,
238 1823 327 1853 eum,
349 1819 385 1845 et
406 1824 465 1853 em,
482 1814 571 1844 unde
583 1823 688 1854 emem,
704 1813 861 1852 eundem,

160 1872 235 1895 eum
252 1864 372 1904 ipsum.
398 1864 494 1895 Idem.

202 1920 214 1935 Ζ
238 1913 453 1954 Emancipatz']
487 1914 674 1955 Eleganter
696 1914 860 1945 Veterum

160 1963 311 1995 Glossae:
351 1968 360 1981 ‘
375 1965 627 2004 Emancipatio‚
659 1963 861 2004 ἐξοικείωσις.’

160 2014 168 2029 ‘
181 2014 435 2054 Emancipatus‚
453 2014 649 2055 χεράφετος.’
679 2020 688 2034 ‘
704 2016 860 2047 Emanci-

161 2064 268 2105 patio,
284 2064 481 2104 χεραφεσὶα.’
503 2067 573 2097 ἆοε,
589 2066 675 2098 scaz.

203 2116 417 2157 Emancipatz']
453 2117 530 2148 Filii
555 2117 716 2149 dicuntur
746 2127 861 2149 eman-

161 2167 278 2207 cipati,
294 2167 351 2208 qui
373 2177 391 2198 e
411 2167 516 2208 patris
539 2177 639 2199 manu
658 2173 794 2204 exeunt,
824 2173 861 2200 ut

161 2219 212 2248 sui
238 2217 321 2249 fiant
349 2218 499 2257 dominii,
519 2219 572 2250 vel
596 2224 632 2251 ut
656 2219 690 2250 in
708 2218 860 2259 adoptivi

161 2267 266 2306 patris
290 2272 496 2307 potestatem
520 2273 709 2309 transeant,
731 2274 861 2300 utrum—

162 2326 226 2357 que
244 2322 356 2348 autem
369 2317 701 2359 fitemancipatione,
718 2319 780 2350 hoc
797 2324 861 2358 est,

160 2366 404 2398 abalienatione
422 2369 475 2398 vel
491 2369 682 2400 exemtione
706 2379 724 2399 e
750 2369 861 2410 patria

161 2422 348 2456 potestate,
378 2427 420 2448 ex
450 2418 578 2449 solenni
604 2419 689 2460 juris
718 2419 859 2450 Romani

163 2467 317 2499 formula.
341 2468 422 2499 Dae.

206 2523 219 2538 ἂ
243 2518 366 2558 Emem]
392 2518 476 2548 Vide
493 2528 595 2558 supra
610 2518 619 2535 ‘
635 2518 712 2549 em.’
741 2518 837 2550 Idem.

204 2569 218 2589 b
255 2568 380 2608 Emere]
412 2568 497 2599 Vide
530 2577 633 2609 snpra.
668 2568 859 2601 ‘abemito.'

167 2620 266 2650 Idem.

206 2675 218 2689 C
244 2669 420 2709 Empanda]
450 2669 675 2709 paganorum,
702 2668 764 2699 hoc
793 2672 858 2707 est,

167 2719 386 2759 agricolarum
412 2720 496 2760 Dea,
520 2719 552 2750 in
579 2719 674 2759 cujus
699 2719 859 2750 honorem

915 1256 1103 1296 Paganalia
1119 1255 1207 1286 festa
1224 1265 1338 1286 mense
1355 1255 1519 1287 ,Ianuario
1536 1263 1612 1295 per:

916 1307 1113 1345 agebantur.
1130 1306 1250 1337 eadem
1262 1316 1336 1347 quae
1352 1306 1455 1336 Ceres
1473 1314 1512 1335 ex
1528 1305 1612 1334 Var-

915 1365 995 1386 rone
1012 1356 1100 1396 apud
1113 1356 1263 1387 Nonium
1275 1355 1306 1386 in
1322 1355 1488 1396 pandere:
1507 1356 1515 1372 ‘
1530 1356 1613 1385 Var-

913 1405 974 1442 ro,’
992 1406 1110 1447 inquit,
1135 1405 1144 1422 ‘
1157 1406 1330 1437 existimat
1355 1416 1395 1437 ea
1416 1415 1518 1437 causa
1532 1405 1613 1442 dici,

915 1457 1003 1497 quod
1033 1458 1090 1498 qui
1117 1467 1182 1498 ope
1203 1457 1411 1497 indigerent,
1427 1462 1461 1488 et
1478 1456 1520 1487 ad
1538 1466 1613 1496 asy—

915 1506 981 1537 lum
994 1507 1130 1538 Cereris
1146 1506 1392 1548 confugissent,
1406 1508 1502 1548 panis
1515 1506 1614 1537 dare-

915 1561 993 1589 tur:
1012 1557 1160 1598 pandere
1173 1566 1253 1597 ergo
1270 1558 1365 1598 quasi
1383 1566 1504 1597 panem
1520 1556 1613 1593 dare,

916 1613 951 1638 et
967 1608 1056 1648 quod
1071 1617 1240 1648 nunquam
1254 1606 1368 1638 fanum
1387 1606 1510 1637 talibus
1524 1606 1615 1636 clau·

915 1660 1065 1691 deretur.
1112 1660 1164 1690 De
1182 1659 1252 1690 vita
1278 1668 1357 1699 pop.
1384 1658 1482 1688 Rom.
1506 1656 1564 1686 lib.
1589 1664 1613 1686 1.

915 1709 1016 1740 Hanc
1042 1710 1150 1740 Deam
1177 1709 1282 1740 AElius
1301 1712 1399 1748 putat
1417 1716 1492 1738 esse
1511 1706 1613 1737 Cere-

916 1769 999 1796 rem,
1024 1759 1083 1790 sed
1108 1758 1197 1800 quod
1219 1759 1252 1789 in
1275 1758 1403 1798 asylum
1424 1757 1479 1798 qui
1496 1755 1614 1787 confu-

916 1810 1029 1850 gisset,
1045 1810 1139 1850 panis
1154 1808 1306 1848 daretur,
1321 1817 1395 1839 esse
1413 1815 1534 1837 nomen
1557 1806 1614 1837 fic-

915 1865 989 1891 tum
1013 1870 1032 1890 a
1056 1869 1143 1899 pane
1159 1858 1270 1889 dando
1287 1857 1450 1898 pandere,
1467 1857 1530 1887 hoc
1547 1862 1612 1895 est,

916 1910 1075 1951 aperire!
1113 1910 1193 1941 Non
1210 1908 1346 1940 dubium
1364 1912 1417 1939 est
1429 1907 1509 1950 quin
1524 1908 1613 1938 Pan-

915 1961 991 1992 dam
1006 1961 1076 1992 sive
1094 1959 1303 2000 Empandam
1324 1960 1434 1990 Deam
1458 1959 1614 1989 intellex-

915 2013 993 2044 erit.
1040 2012 1107 2043 Sed
1134 2021 1206 2042 earn
1225 2009 1380 2050 Scaliger
1396 2018 1415 2039 a
1431 2007 1613 2039 latitudine

916 2062 1128 2104 Empandam
1143 2061 1267 2092 dictam
1285 2064 1396 2100 putat,
1411 2068 1489 2090 nam
1506 2064 1541 2089 et
1565 2058 1613 2088 εὐ-

913 2113 1077 2154 ρύστερνος
1093 2112 1283 2143 dicebatur.
1314 2110 1361 2141 At
1373 2110 1482 2140 Varro
1496 2119 1514 2140 a
1531 2118 1614 2149 pan·

915 2164 1039 2196 dendo.
1071 2162 1222 2194 Eandem
1234 2161 1338 2192 AElius
1350 2161 1524 2199 Cererem,
1533 2160 1615 2190 Sca-

915 2215 1000 2255 liger
1016 2214 1146 2245 Palem.
1190 2211 1245 2243 Ab
1274 2215 1412 2251 utraque
1433 2214 1547 2241 tamen
1563 2209 1612 2240 di-

915 2274 1048 2295 versam
1064 2263 1179 2294 facere
1196 2261 1329 2292 videtur
1345 2261 1454 2291 Varro
1472 2260 1521 2290 his
1538 2269 1613 2290 ver-

914 2315 1024 2346 sibus:
1048 2314 1057 2331 ‘
1068 2314 1115 2344 Te
1130 2312 1230 2343 Anna
1247 2315 1281 2341 et
1295 2311 1466 2347 Peranna,
1481 2309 1613 2349 Panda,

917 2365 968 2396 καὶ
991 2364 1090 2404 Λατὼ,
1111 2363 1226 2400 Pales,
1242 2360 1422 2398 Nerieues,
1443 2360 1613 2398 Minerva,

915 2416 1079 2454 Fortuna,
1103 2422 1140 2444 ac
1165 2410 1295 2442 Ceres.'
1340 2410 1424 2440 Eam
1446 2410 1502 2440 alii
1518 2412 1612 2450 pacis

915 2466 1036 2497 Deam.
1067 2464 1180 2495 Gloss.
1203 2463 1212 2478 ‘
1227 2460 1358 2497 Panda,
1374 2459 1493 2501 εἰρήνης
1512 2460 1612 2492 Θεός.’

915 2515 978 2546 Cui
995 2523 1059 2544 non
1076 2511 1244 2542 immerito
1267 2520 1286 2541 a
1306 2512 1466 2550 pandendo
1491 2512 1611 2542 Panda

914 2572 1036 2595 nomen
1052 2562 1167 2593 datum
1185 2565 1247 2592 est.
1271 2561 1369 2591 Idem.

956 2615 969 2635 ‘¹
994 2613 1186 2653 Emptivum]
1221 2612 1370 2651 Emptivi
1399 2611 1521 2642 milites
1555 2612 1610 2652 qui

914 2663 1072 2696 mercede
1086 2662 1246 2695 conducti
1263 2661 1467 2693 militabant.
1491 2660 1588 2692 Idem,
