1835 2906
228 139 283 180 78
660 152 810 183 SEXTt
845 154 1048 184 POMPEH
1085 156 1222 186 Fsssrr

284 250 367 294 est,
388 259 548 300 prope3
570 247 688 301 quod
708 249 985 300 aduncatur,⁷
1007 251 1124 304 quod
1147 263 1203 291 ex
1224 251 1396 295 diverso
1418 259 1579 296 coacta
1595 255 1661 297 fa-

284 314 406 354 ciunt
426 314 572 366 anguli
592 315 790 357 formam.

225 379 446 422 Annaria²
468 382 542 422 lex
568 383 794 423 dicebatur
822 385 877 424 ab
903 383 1110 437 Antiquis
1136 398 1203 436 ea,
1227 399 1314 439 qua
1333 387 1537 429 finiuntur
1560 391 1659 430 anni

282 448 563 500 magistratus
585 450 805 503 capiendi.

225 513 409 555 Annusa
429 529 485 556 ex
501 516 661 558 Graeco
683 518 819 567 venit,
842 531 971 571 quem
993 519 1057 560 illi
1075 518 1162 560 ἕννον
1184 521 1352 572 dicunt,
1377 526 1421 564 et
1441 523 1556 576 quod
1578 536 1654 564 nos

280 582 543 633 triennium,⁸
565 584 628 624 illi
647 583 798 625 dicunt
817 584 980 639 τρίεννον.

222 646 466 701 Anquirere
482 648 498 672 ¹³
518 654 599 700 est,
619 651 993 706 circumquaerere.

222 714 480 756 Antariumc
499 718 672 767 bellum,
694 719 812 772 quod
834 725 932 760 ante
952 721 1104 761 urbem
1125 723 1302 775 geritur.

221 781 336 824 Ante
350 782 367 805 ἀ
384 784 612 825 Terentius
633 799 712 838 pro
734 792 863 827 antea
875 793 892 819 9
914 789 1055 840 ponit.

220 848 463 901 Antefixa:
482 865 579 905 quae
601 866 657 893 ex
679 866 808 907 opere
836 854 1018 907 figulino
1041 856 1171 897 tectis
1193 856 1440 909 adfiguntur
1461 859 1542 898 sul)
1565 858 1657 899 stil-

278 916 443 958 licidio.

826 998 864 1009 Ν
867 999 1066 1010 eeeeeeeee

261 1072 278 1099 7
302 1067 370 1099 Alii
386 1068 633 1102 adrimetum—8
656 1071 725 1103 Alii
742 1074 945 1106 tritarum—9
968 1076 1112 1106 Ursinus
1128 1076 1285 1116 opinatur
1301 1076 1478 1116 legendum
1496 1077 1643 1108 Autidea.

867 1172 1010 1204 NOTAE

220 1243 261 1274 ab
273 1243 379 1285 ἐγγὺς,
392 1254 509 1286 prope,
523 1246 718 1288 quialatera
731 1248 913 1288 appropin-

217 1294 359 1333 quantia
375 1299 410 1325 et
426 1298 664 1327 concurrentia
686 1296 839 1328 efficiunt
855 1307 912 1328 an-

217 1343 343 1382 gulum.
387 1344 453 1375 Sed
472 1350 506 1376 et
527 1350 620 1377 recte
637 1347 743 1386 legas,
756 1350 793 1377 ut
810 1347 843 1377 in
858 1356 912 1377 ve-

217 1393 281 1423 teri
299 1393 435 1433 Aldina,
446 1397 590 1435 angulus,
603 1407 621 1426 ιι
639 1397 750 1427 Groeco
762 1396 911 1435 ἀγκύλον,

215 1443 263 1472 νεὶ
275 1443 313 1473 ab
334 1454 366 1474 eo
382 1447 460 1484 quod
476 1450 520 1476 est
533 1445 637 1485 ἐγγὺς,
649 1457 756 1487 prope,
767 1449 846 1487 quod
856 1450 911 1479 ad-

216 1492 355 1522 ducatur.
373 1494 481 1526 Idem.

258 1547 270 1561 z
292 1543 436 1575 Annaria
461 1544 525 1584 Iex]
551 1545 636 1577 Quae
659 1550 694 1576 et
718 1546 816 1586 villia,
833 1547 912 1587 quia

215 1599 288 1622 eam
313 1593 392 1624 tulit
408 1594 446 1624 L.
462 1595 594 1631 Villius,
610 1596 779 1626 Tribunus
791 1597 911 1636 plebis,

216 1641 254 1672 L.
273 1642 411 1683 Manlio,
434 1644 476 1676 Q.
493 1644 611 1675 Fulvio
628 1646 722 1676 Coss.
748 1653 831 1687 quot
855 1657 911 1678 au-

215 1701 275 1722 nos
299 1693 368 1723 nati
394 1703 561 1734 quemque
588 1696 829 1736 Magistratum
853 1707 911 1737 pe-

215 1746 327 1772 terent
345 1749 585 1785 caperentque.
609 1746 711 1778 Ovid.
728 1747 760 1776 in
776 1747 884 1778 Fastis
903 1758 909 1778 z

212 1791 221 1806 ‘
239 1790 402 1832 finitaque
429 1795 530 1824 certis
559 1795 706 1834 Legibus
733 1801 785 1827 est
814 1802 912 1837 actas,

214 1841 304 1872 unde
319 1848 457 1881 petatur
472 1844 600 1875 honos?
625 1845 723 1875 Idem.

257 1896 271 1911 ²
294 1891 421 1932 Annus]
440 1892 542 1931 Ἔνος,
557 1894 680 1925 AEolice
698 1893 792 1931 ἔννος,
808 1906 823 1925 e
840 1905 909 1926 mu—

215 1946 287 1972 tato
303 1942 335 1972 in
352 1953 385 1981 α,
399 1953 508 1974 annus.
527 1944 632 1975 Idem.

257 1991 270 2012 ¹³
284 1992 475 2032 Anquirere]
490 1994 541 2024 Ab
556 2005 607 2033 an,
624 1995 763 2033 circum,
779 2001 813 2026 et
828 2006 909 2035 ‹111oe-

213 2052 261 2081 ro,
289 2043 409 2074 Cicero
437 2044 570 2075 Tuscul.
592 2053 627 2075 v.
650 2046 659 2061 ‘
678 2045 837 2076 Studiose
867 2046 909 2075 ab

214 2091 265 2121 liis
279 2091 425 2122 siderum
438 2093 686 2132 magnitudines
700 2099 733 2124 et
749 2095 908 2124 interval-

214 2141 246 2170 la
267 2141 555 2182 anquirebantur.'
598 2143 788 2184 Anquirere
808 2144 908 2174 etiam

216 2191 356 2221 verbum
374 2196 425 2222 est
440 2191 585 2223 forense.
612 2194 683 2224 Liv.
706 2193 763 2224 lib.
778 2203 905 2224 xxxvr.

213 2243 222 2255 ¹
241 2240 324 2270 Cum
341 2241 509 2272 Tribunus
537 2242 586 2273 bis
611 2244 767 2283 pecuniae
792 2244 907 2285 anqui-

215 2290 325 2324 sisset,
341 2291 440 2320 tertio
464 2291 585 2330 capitis
608 2301 644 2322 se
669 2292 844 2332 anquirere
861 2293 907 2322 di-

216 2338 333 2368 ceret.'
379 2340 445 2369 Ubi
462 2341 470 2356 ‘
485 2341 636 2379 pecuniae
658 2347 693 2372 et
715 2342 836 2382 capitis
853 2352 908 2372 an-

217 2388 373 2427 quirere‚‘
403 2393 454 2419 est
482 2390 523 2420 ad
560 2393 721 2432 populum
752 2392 839 2423 ferre
868 2393 908 2424 de

216 2438 323 2468 multa
339 2441 373 2467 et
386 2438 499 2478 capite
515 2441 667 2480 alicujus.
693 2442 793 2474 Idem.

257 2491 269 2507 ⁰
292 2487 474 2528 Antarium]
500 2488 677 2522 Antarium
706 2492 828 2523 bellum
855 2502 909 2524 eo-

218 2537 292 2568 dem
322 2537 421 2568 modo
453 2539 578 2570 (lictum
609 2551 672 2581 quo
702 2553 721 2573 a
750 2543 908 2574 Vitruvio

216 2586 362 2617 ‘Antarii
374 2585 495 2618 funes.’
510 2589 652 2621 Veteres
665 2592 795 2624 Glossae
808 2604 816 2624 ;
828 2593 909 2624 ‘An-

218 2640 339 2670 tarium
358 2638 495 2679 bellum,
511 2642 527 2671 ὁ
542 2642 598 2682 πρὸ
612 2645 674 2673 τῶν
689 2647 794 2676 πυλῶν
815 2645 906 2676 πόλε-

218 2688 293 2727 μος.’
338 2689 377 2719 lu
410 2691 515 2721 veteri
545 2692 717 2725 Glossario
734 2706 742 2725 :
776 2697 784 2712 ‘
804 2695 907 2727 Auta-

969 1249 1065 1290 rium,
1104 1249 1277 1289 ἆνταρμὸς,’
1304 1249 1367 1280 hoc
1404 1252 1469 1288 est,
1498 1252 1661 1288 antepag-

966 1305 1136 1330 mentum:
1164 1301 1206 1330 ab
1235 1299 1351 1330 eadem
1379 1303 1493 1329 mente
1518 1298 1661 1329 dictum.

965 1349 1033 1380 Jos.
1052 1349 1136 1380 Scal.

1007 1400 1176 1430 Antarinm
1203 1399 1328 1439 bellum]
1353 1398 1452 1431 Quod
1478 1402 1556 1429 ante
1583 1407 1661 1438 por-

966 1453 1016 1480 tas
1045 1450 1185 1489 geritur,
1210 1449 1358 1480 Glossar.
1375 1449 1563 1479 ‘autarium
1592 1448 1663 1478 bel-

963 1500 1044 1540 lum,
1060 1500 1076 1529 ὁ
1091 1499 1149 1539 πρὸ
1160 1501 1338 1530 τῶνπυλῶν
1349 1497 1509 1538 πόλεμος,’
1527 1498 1547 1528 i.
1563 1500 1571 1514 ‘
1583 1503 1661 1527 ante

965 1554 1079 1589 portas
1096 1549 1219 1580 bellum
1235 1549 1255 1579 2’
1278 1549 1334 1579 sed
1349 1549 1453 1588 magis
1475 1548 1588 1588 placet
1605 1557 1662 1577 an-

965 1599 1086 1630 tarium
1109 1599 1233 1630 bellum
1263 1600 1341 1633 dici,
1366 1598 1454 1638 quod
1481 1598 1661 1637 Tyrannus

964 1658 1022 1680 seu
1050 1655 1208 1689 apostata
1235 1649 1396 1679 adversus
1426 1657 1539 1687 regem
1566 1657 1660 1677 suum

966 1699 1065 1739 gerit,
1083 1699 1125 1730 ab
1141 1698 1282 1739 ἆνταίρω,
1311 1697 1478 1729 ‘rebello.’
1524 1697 1612 1728 Nam
1626 1703 1661 1727 et

966 1749 1079 1779 Graeci
1122 1750 1287 1780 antarium
1336 1746 1488 1787 ἀνταρμὸν
1527 1751 1661 1776 vocant.

966 1799 1079 1829 Gloss.
1095 1799 1103 1815 ‘
1118 1799 1297 1835 antatium,
1319 1796 1494 1837 ἆνταρμός.’
1528 1796 1661 1826 Fallun-

965 1854 1019 1878 tur
1035 1849 1123 1879 enim
1141 1849 1200 1878 viri
1216 1848 1414 1885 doctissimi,
1428 1846 1609 1877 Vulcanius
1627 1851 1662 1875 et

963 1899 1126 1937 Scaliger,
1144 1899 1199 1938 qui
1223 1899 1268 1928 ibi
1285 1898 1441 1928 :lutarium
1463 1901 1496 1928 et
1509 1895 1662 1934 ἆνταρμὸν

965 1947 1007 1978 de
1021 1948 1277 1987 antipagmento
1295 1948 1489 1987 accipiunt:
1516 1945 1593 1976 inde
1610 1945 1661 1975 ἂν·

964 2009 1092 2037 ταρτης,
1111 1998 1228 2028 Latine
1243 2001 1380 2036 antarta,
1399 2007 1458 2036 pro
1474 2006 1539 2036 quo
1556 2001 1590 2026 et
1615 1997 1661 2025 in-

963 2051 1059 2087 tarta,
1096 2047 1242 2085 rebellis,
1280 2052 1453 2086 tyrannus,
1491 2050 1659 2084 apostata.

964 2097 1113 2137 Hesyclr.
1152 2095 1317 2135 ἀντάρτης,
1340 2095 1486 2135 τύραννος
1519 2095 1658 2129 ἀντιβαί-

964 2158 1022 2176 νων
1049 2147 1186 2185 βασιλεῖ,
1211 2148 1219 2162 ‘
1236 2147 1394 2185 Antarta,
1417 2151 1578 2185 tyrannus
1608 2155 1658 2174 re-

963 2197 1092 2228 bellans
1109 2196 1284 2227 adversum
1303 2195 1443 2236 regem-¹
1467 2195 1546 2226 Dae.

1002 2249 1016 2268 ‘¹
1040 2249 1138 2288 Ante]
1161 2248 1266 2280 Quasi
1289 2257 1366 2278 vero
1388 2251 1458 2278 aule
1484 2256 1543 2286 pro
1568 2249 1657 2276 antea

964 2299 1053 2328 solus
1069 2297 1250 2328 Terentius
1267 2297 1448 2337 usurparit.
1474 2297 1572 2327 Idem.

1006 2353 1019 2368 ¹²
1042 2347 1206 2388 Antefixu]
1232 2347 1360 2378 Horum
1374 2347 1496 2377 mentio
1508 2351 1557 2376 est
1571 2346 1657 2385 apud

965 2398 1095 2428 Livium
1119 2397 1175 2427 lib.
1200 2406 1336 2428 xxxw.
1366 2400 1374 2412 ⁸
1392 2395 1549 2427 Antefixa
1573 2395 1658 2426 ficti-

963 2447 1008 2477 lia
1046 2448 1194 2477 Deorum
1230 2446 1454 2476 Romanorum
1486 2444 1660 2474 ridentes:

964 2497 1007 2527 Et
1030 2496 1088 2527 lib.
1116 2504 1245 2527 xxxvi.
1268 2498 1277 2512 ‘
1296 2495 1335 2525 In
1360 2495 1431 2526 aede
1456 2493 1655 2525 Concordiae

963 2548 1128 2584 Victoria,
1155 2558 1229 2588 quae
1261 2549 1293 2579 in
1322 2548 1466 2579 culmine
1492 2552 1576 2585 erat,
1592 2546 1655 2577 ful-

962 2598 1051 2629 mine
1075 2599 1143 2629 icta
1169 2598 1390 2638 decussaque,
1416 2597 1456 2628 ad
1474 2596 1656 2631 Victorias,

962 2657 1036 2688 quae
1061 2648 1092 2678 in
1118 2647 1274 2678 antefixis
1300 2647 1534 2687 erant,liaesit,
1553 2650 1654 2686 atque

962 2697 1040 2729 inde
1071 2697 1242 2737 procidit!
1286 2697 1375 2729 Quid
1412 2698 1477 2727 sint
1504 2695 1653 2727 disertim
