1835 2906
344 123 404 151 DE
437 119 709 151 VERBORUM
745 116 1152 148 SiGNlFiCATloNE
1188 118 1281 149 [AB.
1315 118 1408 148 X11.

1528 109 1612 150 463

228 218 407 270 quinius
425 217 605 257 Priscus
626 215 845 255 institutas
868 213 1006 254 tribus
1027 226 1053 253 a
1068 212 1264 253 Romulo
1286 218 1452 255 mutare
1473 214 1613 262 vellet,

229 284 599 335 deterrereturque
622 282 678 322 ab
702 281 827 322 Attio
848 292 924 334 per
945 280 1191 332 augurium,
1220 286 1269 320 ut
1295 280 1487 322 eluderet
1519 280 1613 333 ejus

824 444 960 475 NOTAE

174 560 271 598 sium,
295 563 329 590 et
346 559 597 597 Artemidorus,
618 560 635 589 ὁ
660 558 802 599 κεραυνὸς
826 559 867 590 τὰ

174 610 278 648 ἄσημα
293 611 354 639 τῶν
368 608 486 649 χωρίων
502 609 636 647 ἐπίσημα
647 610 729 640 ποιεῖ
739 608 786 639 διὰ
798 608 869 640 τοὺς

175 658 381 698 ἐνιδρυμένους
404 658 536 698 βωμοὺς,
559 658 608 689 καὶ
629 659 686 690 τὰς
708 659 741 689 ἐν
767 658 871 690 αὐτοῖς

173 708 335 747 γινομένας
363 708 477 740 θυσίας.
516 709 557 740 Ιι]
584 709 805 750 sequentibus
827 709 869 740 de

174 765 318 800 utraque
345 758 574 799 appellatione
602 758 686 789 ficus
713 758 801 790 illius
825 759 870 790 in-

175 809 248 840 nuit
263 809 405 839 Plinius.
429 808 531 847 Nam,
549 818 625 839 cum
642 818 715 840 eam
732 809 788 839 alii
804 810 871 840 Ru·

175 859 344 893 urinalem,
361 858 416 888 alii
436 858 579 888 Naviam
595 864 767 898 vocarent,
783 864 790 875 ¹
804 858 871 890 fre-

178 908 360 949 quentius,'
384 909 506 949 inquit,
529 908 538 924 ‘
557 918 575 938 a
591 909 721 939 nutrice
740 908 873 940 Gemel-

176 961 283 990 lorum
308 959 409 990 Urbis
435 958 658 993 conditorum,
683 959 871 998 praesertim

176 1019 250 1040 cnm
268 1009 313 1039 ibi
333 1009 546 1039 simulacrum
561 1018 690 1039 aeneum
709 1008 753 1039 sit
769 1009 873 1048 lupae,

178 1058 363 1090 Ruminalis
378 1058 551 1099 appellata
567 1062 630 1096 est,
651 1067 749 1098 quam
764 1058 874 1089 Navia

178 1108 220 1139 ab
239 1108 340 1139 Actio
357 1108 482 1146 Navio,
497 1108 552 1148 qui
568 1113 688 1147 sponte
704 1118 763 1138 sua
783 1108 873 1138 illam

178 1158 398 1189 transseverit
427 1158 458 1188 in
489 1157 712 1188 Comitiuni:’
748 1162 874 1188 ntrnni-

179 1217 245 1248 que
262 1207 350 1238 enim
369 1217 484 1237 verum
510 1216 595 1246 esse,
616 1212 650 1237 et
669 1207 824 1244 Naviam,
840 1212 875 1237 et

179 1258 390 1288 Ruminalem
405 1258 537 1288 vocari:
563 1256 621 1288 sed
636 1257 742 1297 magis
758 1257 876 1297 utique

181 1306 404 1346 Ruminalem,
420 1315 518 1346 qnam
544 1305 711 1337 Naviam:
738 1307 876 1346 propius

180 1357 267 1387 enim
293 1366 371 1387 vero
399 1365 484 1395 esse,
511 1360 545 1386 et
570 1355 677 1396 magis
701 1361 878 1386 consenta-

180 1416 293 1445 neum,
318 1417 391 1437 eam
420 1411 497 1437 ante
525 1406 668 1436 Naviam
700 1405 815 1440 fuisse,
845 1410 879 1436 et

180 1459 241 1489 snb
268 1468 308 1489 ea
334 1459 447 1497 lupam
477 1457 635 1488 Gemellis
660 1456 763 1487 ubera
791 1466 878 1496 prae-

181 1509 305 1546 buisse,
322 1518 420 1549 quam
448 1513 567 1547 postea
583 1507 623 1536 ab
641 1506 743 1537 Actio
766 1505 878 1536 Navio

181 1560 230 1591 ibi
248 1559 552 1590 transseniiuatam.
587 1556 674 1586 Vide
693 1565 790 1596 quam
804 1555 878 1596 pul—

181 1610 297 1641 chrum
330 1608 510 1639 vetustatis
531 1611 783 1637 monumentum
815 1604 878 1636 sub

182 1661 240 1691 illo
253 1661 315 1691 situ
335 1658 532 1689 mendorum
548 1656 690 1687 latebat.
721 1655 765 1686 At
776 1656 879 1686 enirn-

183 1719 264 1740 vero
283 1709 353 1749 jam
372 1709 465 1739 Festi
489 1706 592 1737 verba
619 1707 690 1737 luce
714 1706 788 1746 ipsa
814 1706 879 1736 cla-

184 1761 272 1791 riora
298 1763 387 1797 sunt,
417 1767 527 1798 neque
550 1762 649 1796 egent
678 1756 880 1796 interpreta-

184 1810 297 1840 tione:
322 1807 458 1840 tametsi
474 1806 515 1838 ab
536 1807 593 1837 illo
617 1806 752 1837 dicatur
774 1815 880 1846 augur

184 1865 297 1890 cotem
315 1857 519 1899 praecidisse,
535 1866 601 1887 non
615 1865 687 1891 rex,
701 1861 737 1887 ut
750 1855 791 1886 ab
809 1856 881 1886 aliis

185 1909 351 1950 proditur.
404 1907 469 1938 Sed
487 1917 506 1937 a
521 1905 643 1937 fabulis
660 1916 726 1937 non
745 1911 795 1937 est
811 1906 881 1936 exi-

183 1959 291 2000 genda
308 1958 413 1996 fides;
438 1958 641 1998 praesertim,
653 1966 728 1988 cum
739 1957 882 1988 Lactan-

186 2011 253 2041 tius
284 2009 372 2039 idem
404 2008 506 2042 dicat,
542 2007 632 2048 quod
664 2008 795 2038 Festus.
841 2007 881 2038 In

187 2059 366 2100 postremis
392 2057 502 2088 verbis
524 2057 688 2088 Plinianis
715 2057 883 2097 elegantia

186 2110 335 2140 latuerat
351 2118 419 2143 eos,
444 2108 499 2148 qui
517 2108 625 2138 locum
646 2112 881 2147 corruperunt.

189 2161 284 2195 Nam,
300 2160 372 2190 ilico
387 2158 511 2197 urescit,
535 2167 641 2188 rursus
666 2157 795 2196 seritur,
819 2161 883 2196 est,

186 2209 310 2240 ‘simul
341 2219 380 2239 ac
419 2207 555 2246 arescit,
581 2207 697 2238 statim
733 2206 883 2238 seritur!

190 2258 335 2289 Notabis
351 2263 385 2288 et
401 2258 539 2296 elegans
564 2256 702 2288 verbum
720 2257 753 2287 in
771 2257 884 2292 Festo,

190 2307 378 2338 Subserere:
402 2306 492 2346 quod
520 2310 584 2346 est,
609 2306 722 2345 priore
739 2310 811 2336 sata
833 2315 884 2335 ar·

191 2359 275 2389 bore
289 2359 521 2392 intermortua,
535 2356 632 2386 aliam
650 2356 682 2386 in
695 2356 765 2396 ejus
776 2356 884 2385 locum

193 2417 318 2440 serere.
357 2407 544 2445 Praeterea,
569 2415 645 2435 curn
666 2405 750 2435 dicit
774 2405 885 2435 locum

193 2462 528 2496 consecratum,eum
550 2465 636 2493 esse,
649 2464 747 2496 quem
770 2460 804 2486 et
826 2457 886 2490 βω-

193 2509 252 2548 μὸν
276 2507 469 2548 Dionysius,
494 2511 529 2537 et
557 2506 611 2536 atii
641 2505 762 2536 Puteal
789 2514 887 2535 voca-

196 2561 289 2590 bant.
316 2559 436 2598 Neque
455 2555 780 2597 praetermittendum
797 2553 886 2596 quod

197 2610 258 2645 ait,
288 2608 407 2639 multas
434 2606 480 2637 ibi
511 2605 595 2636 ficus
628 2609 726 2635 natas
757 2603 885 2635 fuisse:

922 553 1118 593 Dionysium
1136 562 1200 583 non
1218 551 1367 591 ficetum,
1380 552 1438 582 sed
1457 552 1616 592 simplici-

922 608 976 634 ter
993 603 1067 640 ὕλην
1083 605 1210 639 βαθεῖαν
1225 612 1381 634 vocasse:
1407 602 1501 642 cujus
1515 602 1618 632 verba

924 654 995 685 haec
1013 660 1089 685 sunt
1104 664 1145 685 ex
1159 655 1216 685 lib.
1231 662 1256 685 1.
1271 652 1289 690 ἦ
1303 652 1335 683 δὲ
1347 651 1476 682 λύκαινα
1487 651 1521 682 οὐ
1535 654 1620 689 μάλα

925 703 1123 743 ἀγριαίνουσα
1146 706 1208 734 τῶν
1231 702 1391 743 ἀνθρώπων
1409 702 1448 742 τῇ
1464 700 1616 740 προσόδῳ,

924 754 996 785 ἀλλ’
1012 755 1113 795 ὥσπερ
1134 755 1172 785 ἂν
1191 753 1363 795 χειροήθης,
1379 753 1545 784 ἀποστᾶσα
1559 752 1621 780 τῶν

925 806 1046 843 βρεφῶν
1061 804 1168 844 ἠρέμα,
1182 804 1231 835 καὶ
1257 803 1337 835 κατὰ
1352 802 1476 839 πολλὴν
1490 800 1622 839 ἀλογίαν

926 854 983 884 τοῦ
998 854 1174 892 ποιμενικοῦ
1190 853 1310 891 ὁμίλου,
1327 851 1427 893 ἀπῄει.
1445 850 1494 882 καὶ
1509 849 1547 887 ἣν
1561 849 1622 890 γάρ

926 914 972 933 τις
988 903 1023 934 οὐ
1045 903 1127 934 πολὺ
1141 903 1267 943 ἀπέχων
1284 901 1362 941 ἱερὸς
1377 903 1476 941 χῶρος
1491 900 1549 941 ὕλῃ
1564 902 1622 935 βα-

926 953 991 994 θείᾳ
1007 953 1190 994 συνηρεφὴς,
1203 956 1266 984 &c-
1290 954 1380 993 Lege
1395 952 1533 992 reliqua.
1555 951 1623 981 En-

928 1004 1002 1034 nius
1020 1013 1164 1045 quoque,
1182 1013 1257 1034 cum
1275 1002 1316 1032 de
1327 1001 1443 1032 eadem
1457 1010 1493 1030 re
1507 1001 1623 1040 loque-

928 1058 1033 1091 retur,
1062 1063 1103 1083 ex
1137 1063 1201 1093 quo
1231 1052 1288 1082 illa
1319 1061 1378 1081 sua
1409 1049 1624 1089 transcripsit

929 1103 1110 1142 Dionysius
1130 1111 1225 1142 paene
1242 1102 1281 1132 ad
1305 1100 1458 1138 verbum,
1481 1108 1546 1129 non
1565 1098 1624 1128 ali-

928 1158 990 1191 ter,
1004 1163 1101 1193 quani
1114 1153 1231 1182 silvam
1247 1156 1344 1181 vocat
1359 1149 1480 1180 Annali
1495 1148 1622 1188 primo:

928 1203 937 1219 ‘
954 1203 1119 1233 Iuduetur
1133 1202 1178 1232 ibi
1191 1199 1282 1240 lupu'
1300 1199 1437 1230 foemina
1453 1198 1625 1238 conspicio

929 1261 1054 1282 amens.
1094 1251 1185 1282 Hinc
1212 1259 1367 1290 campom
1394 1247 1498 1279 celeri
1527 1257 1625 1287 passu

931 1310 1110 1342 permensa
1138 1308 1321 1341 parumper
1341 1298 1487 1338 Conjicit
1511 1296 1543 1327 in
1572 1297 1627 1327 sil-

933 1362 1005 1382 vani
1022 1350 1115 1382 sese'
1131 1361 1205 1392 quae
1229 1359 1342 1390 paene,
1363 1353 1400 1379 nt
1415 1347 1498 1387 dixi,
1523 1347 1627 1378 inter·

932 1407 1087 1442 pretatns
1111 1408 1163 1433 est
1193 1402 1309 1441 lingua
1341 1409 1400 1430 sua
1430 1398 1630 1438 Dionysius.

932 1453 1096 1483 Ultimum
1114 1458 1175 1487 est,
1199 1450 1285 1491 qnod
1310 1450 1405 1488 ponit
1430 1448 1566 1484 Festus,
1582 1446 1628 1477 fa-

932 1506 1002 1532 tum
1026 1501 1196 1532 libertatis
1220 1501 1280 1531 Po.
1307 1500 1370 1530 Ro.
1396 1499 1428 1529 in
1446 1508 1486 1529 ea
1502 1497 1567 1527 ficu
1585 1497 1629 1526 si-

933 1556 1003 1582 tum
1020 1550 1137 1582 fuisse.
1176 1550 1285 1590 quue
1313 1548 1497 1588 aruspices,
1523 1552 1556 1577 et
1579 1555 1629 1576 sa-

933 1611 1008 1633 cras
1039 1607 1146 1633 sortes
1176 1601 1410 1632 admonuisse:
1447 1602 1630 1638 propterea

933 1652 1115 1692 diligenter
1127 1650 1382 1690 subserebatur,
1393 1648 1491 1687 adeo,
1504 1652 1540 1678 ut
1553 1656 1629 1677 enni

934 1702 1136 1733 Neronianis
1157 1700 1381 1741 temporibus,
1406 1701 1629 1729 exarescente

934 1756 1068 1791 trunco,
1094 1757 1130 1783 et
1157 1751 1298 1782 mortuis
1325 1748 1501 1780 ramalibus
1526 1747 1630 1776 demi-

935 1805 1016 1832 nuta
1033 1806 1133 1836 esset,
1149 1801 1220 1832 loco
1246 1798 1396 1840 portenti
1419 1796 1568 1828 habitum
1586 1795 1631 1825 sit

935 1861 954 1881 a
968 1852 1056 1892 Pop.
1074 1852 1136 1882 Ro.
1154 1856 1273 1881 auctor
1289 1848 1466 1881 Cornelius
1483 1845 1632 1876 Tacitus.

936 1902 1031 1933 Idem
1055 1901 1174 1940 fatum,
1198 1906 1257 1931 aut
1284 1900 1314 1930 ei
1339 1898 1528 1939 proximum
1553 1904 1633 1926 casa

936 1952 1069 1982 Romuli
1086 1950 1253 1983 contineri
1271 1949 1450 1990 putabant,
1467 1955 1566 1987 quam
1584 1944 1632 1974 di-

938 2001 1159 2041 ligentissima
1195 1998 1441 2032 observatione,
1471 2001 1505 2026 et
1532 1994 1632 2025 anxia

939 2050 1183 2091 superstitione
1197 2047 1409 2086 reficiebant,
1422 2054 1529 2085 neque
1546 2044 1634 2074 sine-

937 2100 1019 2131 bant
1037 2105 1209 2131 vetustate
1234 2096 1369 2128 collabi.
1407 2096 1512 2134 antis
1532 2093 1633 2123 etiam

937 2151 1044 2181 simile
1069 2155 1238 2189 nugantur
1255 2146 1369 2178 Graeci
1385 2145 1426 2175 de
1449 2153 1534 2174 nave
1549 2142 1634 2173 The—

937 2201 999 2230 sei.
1021 2200 1090 2230 Jos.
1108 2199 1192 2230 Scal.

981 2255 996 2277 ἔ
1020 2251 1237 2289 Ficusquoque
1248 2247 1280 2277 in
1292 2243 1430 2283 comitio]
1453 2243 1635 2274 Tantimo-

939 2303 1044 2334 menti
1074 2301 1127 2332 hic
1163 2301 1257 2331 locus
1291 2304 1357 2336 est,
1380 2299 1432 2327 &c
1435 2317 1562 2328 ......
1579 2296 1636 2326 Ita

939 2353 1111 2393 Scaliger:
1137 2350 1196 2381 sed
1227 2349 1312 2379 male
1342 2347 1441 2378 ficum
1477 2346 1635 2383 Naviam,

939 2412 1013 2444 quae
1031 2403 1064 2431 in
1088 2400 1225 2431 comitio
1248 2408 1314 2428 nou
1338 2396 1520 2435 distinguit
1536 2394 1633 2426 aficn

942 2450 1125 2490 Ruminali,
1151 2449 1212 2480 sub
1244 2457 1309 2489 qua
1339 2445 1526 2477 infantibus
1556 2446 1637 2486 lupa

942 2502 1090 2543 praebuit
1108 2501 1265 2531 Rumam.
1309 2498 1448 2529 Certum
1472 2502 1524 2527 est
1547 2497 1635 2528 enim

941 2553 1040 2584 ficum
1068 2551 1209 2582 Naviam
1227 2549 1260 2580 in
1275 2547 1412 2579 comitio
1434 2556 1498 2577 non
1523 2546 1637 2584 fuisse,

943 2608 1124 2643 antequam
1154 2599 1252 2631 Attio
1278 2596 1400 2633 Navio.
1428 2606 1567 2637 augure,
1592 2596 1636 2627 ibi
