1835 2906
396 183 457 216 DE
491 185 759 216 VERBORUM
794 184 1201 218 SIGNIFICATIONE
1236 186 1327 218 LIB.
1362 189 1391 218 Ι.

230 281 310 322 bat
326 294 336 322 :

383 280 572 321 hostiam
603 281 716 321 enim
747 280 920 333 antiqui
951 281 1152 333 agoniam
1182 283 1416 324 vocabant.

1552 181 1608 222 57

1489 283 1527 323 Α
1534 297 1610 335 go-

229 348 348 388 nium
379 347 508 388 etiam
526 348 583 371 ¹⁸⁰
613 348 828 401 putabant
851 348 997 388 Deum
1026 349 1116 390 dici
1146 350 1456 403 praesidentem
1476 351 1609 390 rebus

228 414 432 466 agendis:
465 414 682 466 Agonalia
712 415 808 469 ejus
840 415 1153 458 festivitatem:
1185 418 1279 458 sive
1310 418 1415 470 quia
1446 430 1606 470 agones

227 480 432 521 dicebant
467 485 690 522 montes:p
741 481 916 535 Agonia
953 483 1184 533 sacrificia,
1228 497 1328 536 quae
1369 483 1529 524 fiebant
1564 484 1608 523 in

228 552 398 588 monte:
420 548 517 589 hinc
536 548 690 589 Romae
708 561 836 589 mons
852 548 1096 599 Quirinalis
1106 550 1369 603 AEgonis,¹⁹<³
1390 554 1432 591 et
1448 550 1609 591 collina

228 620 358 667 porta
378 615 681 668 Agonensis.20
710 615 964 667 Agonium,¹'
984 617 1027 657 id
1048 621 1128 664 est,
1148 617 1315 667 ludum,
1333 617 1389 657 ob
1410 616 1495 657 hoc
1517 617 1610 658 dic-

228 686 331 731 tum,
353 683 457 736 quia
478 684 599 723 locus
628 683 673 721 in
699 695 788 735 quo
818 682 909 723 ludi
940 684 1065 724 initio
1096 684 1200 724 facti
1229 688 1344 734 sunt,
1363 683 1496 726 fuerit
1515 686 1608 727 sine

227 748 384 802 angulo
402 763 413 790 ε
445 748 572 802 cujus
593 748 711 789 festa
731 747 954 802 Agonalia
973 749 1243 791 dicebantur.

770 867 887 880 &NON

890 869 1009 881 eeeeee

214 947 252 975 18
275 943 355 975 Vid.
373 944 455 975 Not.
470 949 484 964 ⁰
501 944 646 974 iun—19
673 944 754 981 Alii,
771 949 857 976 teste
881 946 969 978 Scal.
991 946 1139 987 Agonus.-
1164 951 1198 979 et
1222 947 1270 979 ita
1293 946 1470 988 legendum
1492 953 1607 980 monet

167 988 343 1018 Bam—20
367 986 432 1018 Ed.
447 987 536 1018 Scal.
554 988 756 1027 AEgouensz'S.

813 1053 845 1083 N
850 1052 956 1084 OTAE

166 1126 239 1157 dies
265 1126 450 1166 Agonales,
473 1135 555 1166 quos
580 1125 691 1157 dictos
717 1136 790 1158 esse
813 1128 860 1158 ait

165 1177 207 1207 ab
223 1185 339 1216 agone,
353 1176 440 1216 quod
458 1186 519 1216 per
540 1185 597 1206 eos
614 1186 673 1207 rex
690 1186 858 1208 sacrorum

165 1227 198 1257 in
231 1227 323 1266 regia
354 1227 494 1257 arietem
532 1227 693 1265 immolet,
727 1227 860 1268 Agonia

165 1278 337 1318 appellata
360 1287 435 1308 esse
459 1278 505 1308 ait
524 1279 624 1309 etiam
643 1279 809 1310 Liberalia
826 1281 858 1310 in

164 1327 259 1357 libris
285 1327 449 1357 Saliorum
479 1326 719 1368 Agonensium.
756 1329 857 1360 Ovid.

163 1376 222 1407 lib.
240 1386 264 1407 r.
280 1377 470 1416 Fastorum,
485 1387 543 1408 cur
558 1378 728 1418 Agonalia
747 1379 860 1410 dican-

164 1431 232 1465 tur,
251 1428 362 1468 plures
379 1428 490 1459 reddit
506 1439 634 1468 causas,
653 1440 793 1471 quarum
813 1431 859 1462 ul-

164 1478 246 1509 tima
257 1478 328 1509 haec
344 1484 413 1510 est:
437 1484 446 1497 ‘
462 1480 525 1510 Fas
538 1480 739 1521 etiam‚fieri
752 1482 858 1513 solitis

164 1533 268 1560 aetate
285 1529 431 1569 priorum
450 1530 597 1561 Nomina
612 1531 652 1562 de
666 1531 751 1562 ludis
764 1532 857 1563 Grae-

163 1588 204 1609 ca
221 1579 336 1610 tulisse
351 1580 451 1611 diem.
474 1581 518 1612 Et
535 1581 627 1621 prius
641 1582 797 1623 antiquus
808 1583 857 1613 di-

162 1628 264 1660 cebat
288 1629 418 1669 Agonia
441 1639 569 1662 sermo:
595 1632 856 1674 Veraquejudi-

163 1679 216 1710 cio
241 1684 294 1710 est
317 1680 436 1711 ultima
459 1690 560 1712 causa
582 1681 679 1714 meo.’
718 1683 753 1713 Si
776 1683 855 1713 ludi-

161 1738 247 1760 crum
263 1739 322 1769 pro
338 1731 409 1761 ludo
425 1731 625 1771 legeremus,
641 1732 749 1763 minus
766 1733 855 1764 labo-

163 1788 325 1811 raremus.
346 1781 423 1811 Ant.
441 1781 526 1820 Aug.

205 1829 361 1868 Agonium
377 1830 458 1870 dies]
481 1831 545 1863 Qui
568 1835 602 1862 et
617 1832 759 1871 agonalis
773 1832 855 1864 Ovi-

163 1877 220 1909 dio
234 1887 257 1909 1.
276 1880 369 1910 Fast.
392 1881 400 1895 ‘
412 1880 517 1911 Janus
531 1882 661 1921 agonali
674 1882 748 1912 luce
761 1883 854 1922 pian-

162 1927 224 1958 dus
241 1928 331 1958 erit.’
363 1928 464 1964 Item,
491 1933 500 1947 ‘
519 1931 561 1960 Et
585 1931 676 1970 prius
694 1932 853 1972 antiquus

161 1976 298 2008 dicebat
318 1978 437 2017 agonia
458 1983 589 2010 sermo!
626 1980 725 2011 Ratio
741 1986 853 2012 autem

161 2027 302 2058 nominis
319 2027 449 2059 incerta
471 2034 533 2060 est.
569 2030 666 2060 Varr.
682 2030 741 2062 lib.
767 2040 816 2064 lv.
835 2042 855 2063 a

160 2087 244 2109 voce
259 2087 376 2116 agone.-
401 2078 478 2119 quia
501 2079 709 2111 sacrificulus
728 2082 779 2112 vel
797 2091 853 2121 po-

159 2127 274 2167 pulum
301 2128 352 2158 vel
380 2129 567 2169 principem
583 2130 732 2161 civitatis
749 2130 853 2162 inter-

161 2178 303 2219 rogabat
330 2188 372 2209 an
397 2179 539 2211 hostiam
570 2179 715 2217 feriret?
744 2182 753 2199 ‘
771 2181 852 2213 Dies

160 2227 344 2268 agonales‚’
369 2229 491 2270 inquit,
518 2230 602 2270 ‘per
629 2241 711 2271 quos
734 2241 793 2263 rex
817 2233 851 2264 in

159 2278 254 2318 regia
269 2278 407 2309 arietem
425 2280 585 2316 immolat,
603 2281 686 2312 dicti
709 2282 751 2313 ab
772 2292 852 2323 ago-

160 2336 223 2365 ne;
249 2336 289 2358 eo
318 2327 407 2368 quod
434 2328 663 2371 interrogatur
693 2331 850 2372 princeps

160 2378 319 2413 civitatis,
335 2383 371 2409 et
387 2380 545 2421 princeps
569 2381 679 2422 gregis
703 2382 851 2414 immola-

160 2427 239 2459 tur!
276 2428 385 2460 Quem
412 2430 520 2460 locum
549 2432 675 2463 utinam
699 2442 741 2463 ne
763 2434 851 2465 male

160 2477 310 2517 cepisset
340 2478 391 2507 vir
418 2478 516 2519 longe
542 2479 767 2522 doctissimus,
793 2483 850 2524 qui

159 2537 256 2567 agone
283 2527 393 2558 hostia
421 2528 673 2570 interpretatur,
702 2542 777 2563 cum
806 2533 851 2565 sit

160 2586 224 2618 pro
237 2575 386 2615 serione?
417 2577 570 2610 Jubesne
587 2585 624 2610 ut
639 2590 747 2621 agam,
771 2581 850 2614 feri-

161 2628 235 2659 am?
261 2628 379 2669 Neque
394 2629 482 2660 enim
496 2629 559 2660 nisi
570 2630 684 2670 jussus
695 2631 850 2666 feriebat.

161 2677 210 2708 Ut
223 2677 325 2709 Ovid.
342 2688 368 2710 1.
391 2679 484 2711 Fast.
517 2679 584 2712 Ubi
600 2685 634 2712 et
650 2681 712 2713 alia
728 2691 849 2724 propo-

161 2726 221 2758 nit.
245 2727 325 2759 Duc.

956 1132 970 1148 ⁰
994 1128 1081 1169 Rex]
1106 1130 1232 1169 Regem
1259 1128 1483 1160 sacrificulum
1509 1129 1606 1160 intel-

914 1178 993 1219 lige,
1009 1179 1065 1219 qui
1082 1189 1140 1210 rex
1156 1180 1309 1210 absolute
1325 1179 1515 1211 dicebatur.
1542 1181 1592 1211 Id.

956 1234 970 1249 ⁰
992 1229 1148 1268 Agonium
1173 1230 1282 1270 etiam]
1303 1231 1358 1261 De
1385 1231 1505 1271 agonio
1532 1231 1606 1261 Deo

913 1278 992 1309 nihil
1007 1280 1098 1311 alibi.
1136 1281 1222 1313 Quae
1249 1285 1447 1322 sequuntur,
1463 1282 1608 1319 agonalia

912 1329 977 1367 eJ'us
1005 1329 1228 1370 festivitatem,
1258 1341 1300 1361 ne
1335 1331 1435 1362 Pauli
1470 1332 1605 1372 quidem

913 1385 1004 1416 sunt,
1022 1387 1055 1411 et
1072 1390 1187 1412 eorum
1210 1381 1323 1412 sedem
1344 1387 1512 1421 occupant
1532 1391 1605 1421 quae

912 1430 945 1460 in
972 1430 1038 1461 fine
1063 1432 1232 1472 leguntur,
1247 1433 1333 1472 cujus
1348 1432 1436 1470 festa
1462 1433 1607 1472 agonalia

911 1481 1102 1511 dicebantur.
1126 1483 1216 1522 Lege
1231 1482 1347 1522 igitur,
1364 1482 1502 1522 rejectis
1519 1483 1609 1522 glos-

912 1531 1221 1570 sematis‚Agom'um
1234 1532 1487 1572 etiampatabant
1504 1533 1606 1563 Deum

910 1581 975 1612 dici
998 1583 1211 1622 praesz'dentem
1238 1583 1328 1614 rebus
1353 1583 1495 1622 agendis,
1520 1583 1607 1620 cajus

903 1630 990 1668 festa
1027 1633 1171 1671 agonalia
1206 1632 1395 1662 dicebantur.
1441 1633 1606 1672 Scaliger.

911 1680 1079 1721 Agonalia
1105 1687 1216 1713 autem
1234 1683 1300 1712 alia
1315 1686 1413 1712 erant
1424 1686 1455 1713 5.
1480 1682 1533 1713 Id.
1548 1682 1605 1714 Ja-

910 1741 1005 1762 nuar.
1022 1736 1057 1762 et
1075 1735 1126 1763 12.
1150 1732 1227 1762 Kal.
1243 1732 1323 1764 Jun.
1350 1731 1416 1761 alia
1432 1732 1605 1771 propridie

909 1780 961 1811 Id.
980 1781 1144 1812 Dec-emb.
1166 1781 1208 1812 de
1233 1781 1354 1822 quibus
1375 1780 1452 1812 vide
1466 1781 1475 1798 ‘
1491 1782 1604 1823 Septi-

909 1829 1098 1861 montium.’
1122 1831 1221 1861 Idem.

952 1885 968 1906 P
990 1881 1116 1920 Agones
1141 1880 1282 1911 dicebant
1303 1880 1435 1921 montes]
1467 1881 1605 1922 Quippe

909 1930 1007 1961 initio
1025 1930 1106 1969 ludi,
1124 1931 1178 1971 qui
1196 1931 1318 1962 Graece
1335 1929 1462 1969 ἅγωνες,
1477 1931 1605 1963 fiebant

909 1980 942 2011 in
959 1980 1137 2011 montibus.
1162 1981 1259 2011 Idem.

951 2035 966 2056 ¹1
990 2031 1085 2061 Mons
1113 2031 1288 2066 Quirinalis
1316 2031 1464 2071 AEgonis]
1490 2033 1601 2072 Lege:

908 2081 1002 2112 Illons
1018 2082 1193 2117 Quirinalis
1215 2081 1370 2121 Agonius,
1393 2083 1446 2113 vel
1461 2082 1602 2122 Agonus.

907 2131 996 2162 Vide
1011 2133 1020 2149 ‘
1034 2131 1239 2165 Quirinalis?
1262 2133 1359 2164 Idem.

949 2186 961 2203 ⁸
982 2182 1154 2223 Agonium]
1178 2183 1255 2214 Non
1280 2188 1346 2213 tam
1370 2183 1477 2214 Paulo
1499 2185 1600 2214 ascri-

906 2232 1008 2263 bendi
1025 2238 1103 2264 sunt
1120 2242 1253 2264 errores
1278 2233 1451 2273 immanes,
1476 2233 1530 2274 qui
1547 2234 1601 2266 hic

906 2282 1602 2323 inoleverunt‚qnamposterioribusemen-

907 2333 1093 2365 datoribus.
1125 2333 1341 2373 Transposita
1360 2334 1448 2364 enim
1472 2335 1599 2366 multa:

905 2384 1011 2414 multa
1034 2383 1133 2414 etiam
1157 2387 1330 2423 corrupta.
1375 2383 1525 2416 Primum
1551 2385 1599 2416 ita

906 2433 1095 2465 revocanda
1108 2438 1204 2463 sunt:
1229 2443 1302 2474 quae
1316 2433 1348 2464 in
1363 2434 1489 2465 alienas
1502 2435 1600 2466 sedes

905 2483 1124 2524 irrepserant.
1173 2482 1340 2522 Agonium
1369 2484 1470 2515 etiam
1499 2490 1599 2524 puta-

905 2532 987 2564 bant
1014 2533 1124 2563 Deum
1142 2531 1208 2563 dici
1232 2532 1469 2573 praesidentem
1496 2534 1598 2565 rebus

904 2581 1066 2622 agendis:
1091 2582 1186 2622 cujus
1210 2581 1300 2613 festa
1316 2582 1483 2623 Agonalia
1505 2584 1597 2615 dice-

903 2632 1039 2664 bantur.
1065 2632 1153 2664 Nam
1170 2632 1224 2663 illa
1241 2632 1346 2663 verba
1358 2642 1401 2663 ne
1414 2633 1512 2663 Pauli
1524 2633 1596 2674 qui·

903 2683 979 2713 dem
1005 2686 1103 2713 sunt:
1127 2683 1271 2722 agonalia
1297 2682 1361 2721 ejus
1378 2682 1595 2721 festivitatem.

902 2732 969 2765 Sed
985 2732 1028 2765 de
1044 2732 1176 2775 Agonio
1201 2732 1288 2775 quod
1315 2733 1479 2775 seqnitur,
1505 2734 1595 2766 circa
