1835 2906
373 145 434 174 DE
469 145 737 175 VERBORUM
772 144 1178 174 SIGNlFlCATlONE
1215 145 1309 174 LlB.
1342 147 1373 175 1.

1539 136 1592 178 51

152 240 333 294 AEgrum
347 245 362 268 g
392 252 450 279 ex
471 240 630 280 Graeco
651 239 797 294 ἀνιγρὸν
820 238 1092 292 appellatur:
1126 252 1151 279 a
1172 238 1430 291 quibusdam
1463 246 1591 294 puta-

210 312 276 347 tur
295 319 321 346 a
341 318 449 346 voce
472 306 636 347 doloris
659 306 886 360 appellari,
903 305 1021 358 quod
1044 309 1112 346 est
1135 305 1172 345 αἳ
1193 304 1245 347 α’ί.

152 371 458 426 AEgyptin08,¹¹
481 374 731 426 AEthiopas.

154 438 407 488 AEmfflumff
430 441 696 480 tumidum.¹²

151 506 374 547 AEtniliam
396 511 564 558 gentem
578 505 594 528 ¹⁴
616 507 878 560 appellatam
901 507 1053 548 dicunt
1074 520 1099 548 a
1120 507 1348 548 Mamerco
1372 508 1595 563 Pythago-

209 585 269 613 rae
284 573 538 626 philosophi
558 573 664 622 filio,
682 574 755 614 cui
776 578 953 627 propter
972 575 1148 614 unicam
1163 574 1477 616 humanitatem
1496 589 1598 628 cog-

208 653 368 680 nomen
390 640 519 681 suerit
539 640 754 682 AEmilos:
786 641 877 690 alii,
900 641 1016 693 quod
1040 641 1094 682 ab
1116 639 1314 682 Ascanio
1345 641 1598 692 descendat,

211 707 287 759 qui
309 707 417 748 duos
439 707 594 748 habuit
613 707 727 748 filios
748 707 894 748 Iulum
910 712 954 748 et
976 707 1185 748 AEmilon.

760 826 876 838 eeeeee

194 883 233 912 12
257 881 310 912 Al.
329 881 483 912 timidum.

880 826 994 838 eeeeee

799 979 937 1010 NOTAE

196 1045 211 1066 Ξ
235 1039 381 1079 AEgrum]
418 1041 581 1073 Quamvis
607 1042 732 1081 ἀνιγρὸν
757 1051 849 1073 mere

155 1089 288 1130 poetica
313 1100 376 1120 vox
402 1090 457 1126 sit,
482 1101 548 1121 nou
576 1091 653 1123 ideo
675 1097 785 1123 tamen
803 1093 851 1123 ita

155 1144 281 1170 temere
298 1139 504 1178 rejicienda:
530 1146 623 1172 recte
646 1142 735 1172 enim
752 1152 794 1172 ex
811 1152 851 1173 ea

154 1199 293 1228 aegrum:
317 1189 440 1228 ἀνι-γρὸν
462 1190 594 1222 sublato
615 1203 642 1223 ν.
665 1191 780 1231 αἶγρὸν,
807 1202 848 1222 ae-

150 1249 259 1278 grum.-
271 1239 395 1279 ἀνιγρὸν
404 1240 594 1281 Hesychius
604 1241 850 1282 interpretatur

154 1289 288 1329 φαῦλον,
302 1291 429 1329 malum,
447 1292 534 1331 qnod
550 1296 617 1322 tam
637 1292 679 1323 de
697 1292 850 1333 improbo

155 1349 253 1380 quam
271 1341 312 1370 de
328 1350 420 1381 aegro
438 1342 502 1372 dici
517 1343 614 1373 solet.
662 1343 783 1383 Neque
802 1348 851 1374 ta-

155 1398 231 1420 men
249 1396 343 1422 caret
361 1391 489 1422 ratione
506 1402 632 1432 aegrum
654 1403 728 1424 esse
752 1394 795 1424 ab
821 1394 853 1424 αἲ

155 1438 196 1478 αἲ,
214 1445 249 1470 ut
267 1440 383 1472 ultima
399 1442 527 1483 syllaba
542 1443 585 1474 sit
599 1445 690 1475 vocis
707 1445 852 1485 produc-

155 1489 214 1520 tio.
240 1490 335 1521 Idem.

197 1542 347 1583 AEgrum]
382 1542 458 1574 Jam
485 1543 638 1583 superius
665 1544 852 1575 monuimus

156 1590 351 1631 pleramque
369 1591 564 1622 Graecarum
581 1602 700 1623 vocum
722 1599 853 1633 partem

155 1641 404 1680 supposititiam
423 1651 509 1672 esse.
544 1643 667 1682 Neque
681 1645 785 1683 magis
802 1654 853 1675 er-

155 1695 266 1719 ratum
293 1695 357 1728 est,
382 1701 480 1731 quam
503 1691 558 1721 ubi
576 1692 699 1722 Graeca
717 1702 779 1723 vox
796 1694 850 1724 de-

156 1739 384 1779 siderabatur,
400 1747 436 1771 ut
451 1742 502 1771 liic
517 1751 558 1771 ex
571 1751 637 1772 una
649 1744 856 1783 etymologia

157 1788 233 1819 duae
245 1788 413 1819 conflatae.
431 1791 518 1820 Sane
529 1791 610 1821 illud
623 1791 854 1833 &mypbmquod

159 1844 207 1869 est
223 1838 406 1878 poeticum,
417 1848 482 1868 non
498 1844 549 1869 est
565 1841 661 1870 unius
673 1842 765 1872 assis.
787 1842 856 1873 Sed

158 1887 207 1917 ita
224 1893 305 1927 puto
323 1888 461 1918 Festum
479 1889 642 1919 sensisse:
663 1890 799 1930 AEgrum
813 1902 855 1922 ex

159 1936 282 1967 Graeco
303 1947 321 1967 a
345 1937 542 1978 quibusdam
567 1943 706 1978 putatur
729 1950 747 1970 a
773 1950 855 1973 voce
910 1949 918 1962 ‘

158 1985 282 2016 doloris
300 1987 479 2026 appellari,
492 1986 522 2017 αἲ
537 1987 578 2018 αἵ.
624 1989 745 2030 Neque
762 2000 855 2030 pror-

158 2045 213 2065 sus
230 2041 326 2066 caret
342 2036 484 2069 ratione.
516 2038 603 2068 Nam
614 2039 758 2071 Veteres
774 2042 856 2072 scri·

158 2084 285 2116 bebant
300 2086 445 2124 Aigrum.
470 2086 544 2118 Jos.
559 2088 648 2120 Scal.

202 2133 216 2154 ¹¹
239 2135 442 2175 AEgyptinos]
476 2137 649 2179 AEthiopas
675 2149 731 2170 eos
756 2140 854 2171 intel-

157 2184 225 2223 lige
242 2185 298 2225 qui
315 2186 347 2215 in
364 2186 501 2227 AEgypti
521 2193 618 2227 parte
634 2189 710 2219 olim
727 2190 856 2221 habita-

159 2239 250 2274 runt,
268 2236 354 2266 unde
371 2242 406 2267 et
419 2237 581 2278 [Egyptns
598 2243 671 2270 tota
686 2240 858 2281 AEthiopia

161 2283 326 2323 quondam
344 2285 436 2317 dicta
453 2293 518 2319 est.
542 2289 623 2320 Dae.

204 2334 407 2376 AEgyptz'nos]
424 2337 491 2368 Hic
508 2342 516 2354 ‘
530 2339 703 2379 AEthiopas
714 2340 721 2352 '
737 2341 858 2381 accipi·

163 2381 286 2412 endum
303 2393 363 2422 pro
373 2386 474 2424 nigris
487 2388 688 2430 hominibus,
706 2400 770 2422 non
785 2396 857 2422 tan-

164 2435 234 2462 tum
260 2442 320 2473 pro
347 2435 495 2468 natione.
548 2440 635 2470 Nam
661 2441 857 2482 AEgyptium

163 2482 330 2515 vocabant
345 2485 490 2525 nigrum,
507 2497 566 2518 seu
581 2488 723 2522 fuscum.
757 2493 858 2524 Glos-

164 2533 307 2565 sarium:
332 2539 340 2552 ‘
355 2536 558 2577 AEgypfium,
573 2539 688 2578 φαιόν.’
732 2542 772 2573 In
792 2553 858 2584 quo

165 2585 273 2615 secuti
288 2591 365 2616 sunt
381 2587 534 2627 Graecos,
550 2589 606 2629 qui
618 2589 792 2629 αῖγύπτιον,
806 2594 857 2632 με’-

166 2638 226 2663 λαν
241 2636 426 2666 vocabant:
455 2642 492 2668 ut
519 2643 552 2669 et
578 2638 791 2682 αἶ’γυπτιῶσαι,
806 2655 858 2680 με·

167 2686 279 2716 λαΐναι,
332 2688 426 2719 Unde
454 2689 595 2720 Plautus
620 2692 765 2723 colorem
790 2692 857 2725 fus-

905 1051 980 1073 cum
1008 1042 1095 1073 dixit
1120 1042 1337 1073 vultui-inum.
1383 1042 1469 1073 Nam
1495 1041 1604 1081 αἷγύπ-

903 1104 980 1131 rios,
996 1093 1118 1124 vultur.
1133 1093 1248 1124 Graeci
1267 1103 1341 1123 cum
1354 1093 1481 1124 scirent
1495 1094 1536 1124 ab
1553 1095 1603 1134 ip-

905 1143 949 1173 sis
966 1142 1133 1184 AEgyptiis
1151 1143 1266 1173 Nilum
1284 1151 1365 1175 *nrnv
1391 1143 1514 1179 vocari,
1541 1143 1604 1174 lioc

905 1199 971 1235 est,
982 1194 1090 1234 μέλαν,
1100 1193 1269 1234 ἷσοδυνάμῳ
1279 1196 1380 1226 verbo
1393 1205 1452 1226 sno
1467 1194 1606 1234 αἶγύπτι-

905 1258 939 1277 ον
951 1247 1185 1277 reddiderunt.
1203 1247 1288 1278 Nam
1301 1247 1472 1287 αἶ’γύπτιος,
1489 1248 1604 1289 utjam

905 1297 1107 1331 monuimus,
1131 1296 1240 1335 μέλας.
1304 1298 1359 1329 Sic
1382 1308 1455 1329 cum
1480 1299 1607 1329 scirent

907 1347 1013 1377 Edom
1031 1347 1154 1387 ἐρυθρὸν
1170 1348 1292 1378 Graece
1310 1348 1419 1388 reddi,
1433 1349 1474 1380 ab
1492 1358 1531 1379 eo
1547 1348 1606 1385 τὴν

907 1395 1071 1427 θάλασσαν
1096 1398 1252 1437 ἐρυθραῖαν
1277 1399 1535 1438 appellaverunt
1563 1399 1606 1430 si-

907 1456 985 1476 num
1003 1446 1199 1479 Arabicum.
1238 1448 1337 1480 Quod
1358 1454 1471 1479 autem
1489 1450 1607 1480 Nilum

907 1496 1068 1535 αἶ’γῦπτιον
1089 1498 1254 1538 vocarint,
1287 1498 1368 1529 satis
1392 1503 1488 1538 patet
1512 1499 1608 1530 testi-

908 1548 1018 1578 monio
1041 1548 1195 1586 Homeri,
1216 1549 1272 1590 qui
1293 1548 1454 1588 αῖγύπτιον
1469 1548 1606 1580 fluvium

908 1598 1001 1628 illum
1019 1603 1130 1629 vocat.
1164 1599 1233 1629 Cur
1247 1605 1357 1630 autem
1377 1600 1490 1631 Nilum
1510 1610 1607 1631 voca-

908 1648 990 1687 rint,
1018 1657 1083 1678 non
1114 1649 1219 1688 magis
1251 1649 1329 1679 milii
1360 1649 1479 1689 liquet,
1507 1659 1605 1690 quam

909 1707 969 1728 cur
983 1697 1104 1727 Istrum
1117 1697 1326 1735 Danubium,
1343 1699 1526 1729 Eridanum
1540 1699 1607 1730 Pa-

908 1747 1000 1785 dum,
1018 1745 1150 1776 Ararim
1167 1747 1342 1785 Saganam.
1370 1749 1439 1779 Jos.
1456 1749 1541 1779 Scal.

951 1795 959 1815 ί
981 1796 1155 1837 AEmidum]
1180 1797 1210 1827 A
1236 1798 1334 1837 copia
1356 1799 1525 1838 sanguinis
1551 1799 1608 1840 qui

910 1845 1033 1876 Graece
1051 1844 1133 1884 αἷμα.
1168 1847 1277 1878 Gloss.
1294 1847 1416 1878 Isidori
1432 1853 1440 1866 ¹
1453 1849 1609 1887 aemidus,

911 1896 1070 1934 tumidus,
1100 1895 1259 1928 inflatus!
1314 1898 1358 1928 Et
1389 1899 1608 1938 Glossarium,

944 1945 1096 1985 amicius,
1131 1946 1367 1986 πεφυσημένος.’
1406 1949 1428 1979 i.
1458 1947 1608 1980 inflatus.

912 1995 989 2025 Dae.

949 2043 1124 2086 AEmz’dum]
1139 2047 1182 2077 Et
1192 2046 1414 2080 Glossarium.
1427 2049 1610 2089 ‘AEmidus,

906 2095 1141 2133 πεφυσημένος.’
1176 2095 1361 2128 Manifesto
1376 2099 1457 2138 παρὰ
1471 2099 1508 2129 τὸ
1524 2098 1608 2139 αἷμα,

910 2145 1042 2177 Glossae
1069 2146 1209 2178 Isidori:
1235 2148 1244 2165 ‘
1262 2148 1428 2190 AEnssdus,
1448 2150 1609 2190 tumidus,

911 2195 1071 2228 inflatus?
1094 2198 1163 2228 Jos.
1180 2197 1264 2229 θεαὶ.

954 2245 968 2265 ¹⁴
983 2247 1145 2277 AEmz'liam
1153 2248 1292 2287 gentem]
1311 2248 1393 2278 Eam
1403 2253 1517 2280 tamen
1529 2249 1608 2279 Plu-

913 2297 1018 2327 tarch.
1044 2298 1077 2327 in
1104 2297 1215 2327 Numa
1238 2308 1257 2328 a
1282 2298 1458 2329 Mamerco
1486 2299 1606 2330 Numae

912 2346 997 2385 regis
1024 2344 1106 2385 filio,
1133 2346 1222 2376 unde
1251 2351 1286 2377 et
1310 2347 1433 2378 AEmilii
1456 2358 1476 2379 a
1500 2350 1609 2388 gentis

913 2396 1067 2436 principe
1084 2396 1248 2427 Mamerci
1260 2402 1296 2428 et
1312 2398 1511 2429 Mamercini
1526 2399 1609 2431 dicti

911 2450 998 2476 sunt.
1044 2444 1112 2476 Alii
1139 2446 1181 2476 ab
1211 2445 1341 2477 AEmilio
1365 2446 1502 2479 Ascanii
1529 2448 1610 2479 filio.

915 2495 1089 2535 interpres
1116 2495 1237 2536 Virgil.
1268 2497 1309 2527 ad
1340 2497 1422 2528 illud
1457 2499 1465 2515 ‘
1485 2509 1608 2539 proge-

912 2546 1000 2576 niem
1014 2545 1072 2576 sed
1084 2546 1195 2586 enim,'
1213 2548 1221 2564 ‘
1232 2549 1391 2586 gentem,’
1405 2550 1525 2590 inquit,
1539 2552 1547 2567 ‘
1559 2551 1608 2580 in-

913 2596 983 2626 nuit
1001 2596 1175 2637 AEmiliam‚
1191 2598 1232 2628 ab
1248 2599 1381 2630 AEmilio
1392 2599 1527 2631 Ascanii
1544 2601 1608 2631 ori-

913 2645 1047 2680 undam,
1061 2655 1102 2677 ex
1115 2657 1182 2688 qua
1196 2648 1309 2688 Scipio
1324 2649 1517 2681 AEmilianus
1530 2650 1609 2687 fuit,

915 2696 970 2737 qui
986 2697 1223 2738 Carthaginem
1241 2699 1367 2730 diruit.’
1390 2701 1471 2732 Duc.
