1835 2906
195 103 281 146 576

643 112 793 144 SEXTI
827 111 1032 144 POMPEII
1065 111 1205 143 FESTI

256 208 399 250 carnis
430 220 530 249 cum
563 208 733 249 cauda:
771 207 938 261 antiqui
978 209 1125 247 autem
1155 205 1286 248 offam
1325 208 1542 251 vocabant
1570 210 1647 251 ab·

256 278 442 317 scissum
464 275 583 328 globi
602 274 757 324 forma,
776 280 826 315 ut
846 286 978 315 manu
998 273 1278 326 glomeratam
1298 274 1477 328 pultem.

198 344 372 385 Pennas
392 341 408 365 ¹¹
441 343 651 396 antiquos
686 342 825 383 ferunt
862 353 917 381 ex
955 340 1129 390 Graece,
1153 341 1270 394 quod
1303 341 1368 382 illi
1401 344 1537 392 πετηνοὶ
1577 355 1644 392 ea,

253 424 352 464 quae
373 414 473 453 sunt
493 410 689 452 volucria
709 410 870 450 dicant.

253 483 389 520 naS.¹⁷

930 408 1044 449 Item
1064 407 1243 449 easdem
1264 421 1442 462 pesnas,
1464 414 1510 451 et
1529 422 1648 451 coes-

198 542 447 587 Pennatasi
474 544 835 598 impennatasque
856 554 1003 594 agnaS,
1024 542 1069 582 in
1084 541 1234 583 saliari
1250 542 1444 583 carmine
1466 542 1644 591 [PAUL.

253 614 405 667 spicas
441 612 662 666 significat
687 623 790 651 cum
822 610 981 660 aristis,
1003 613 1045 651 et
1075 609 1185 651 alias
1212 609 1305 650 sine
1333 609 1484 651 aristis
1506 623 1643 664 agnas

252 693 394 723 novas
416 681 571 721 volunt
593 677 794 731 intelligi.

194 745 397 789 Penorak
421 748 624 788 dicuntur
640 759 705 787 res
726 744 993 786 necessariae
1010 744 1069 786 ad
1087 745 1255 786 victum
1274 743 1572 787 cotidianum:
1602 748 1644 786 et

251 815 379 857 locus
400 827 551 856 eorum
568 814 599 838 ¹8
632 813 891 868 penarius.19

800 932 818 943 o
822 931 1036 944 eeuae‘eeub

239 1012 277 1041 17
293 1009 356 1040 Vir
372 1008 465 1040 doct.
482 1009 513 1040 in
532 1018 636 1050 marg.
651 1007 802 1049 ejusdem
818 1008 871 1040 ed.
888 1010 1102 1041 coesnas.·-—18
1118 1007 1198 1041 Vet.
1214 1007 1272 1041 lib.
1289 1010 1491 1040 earum—19
1505 1007 1593 1041 Scal.
1606 1012 1643 1040 et

194 1053 281 1084 Dae.
298 1051 478 1094 legendum
495 1057 635 1084 monent
653 1052 827 1093 penarium.

852 1179 993 1212 NOTAE

192 1263 360 1304 superiori
387 1273 474 1295 anno
501 1265 535 1296 in
559 1265 748 1298 Varronem
771 1265 814 1297 de
839 1266 890 1297 Re

193 1313 335 1345 Rustica
350 1315 551 1347 notavimus.
575 1317 644 1348 ιΙοε.
663 1317 747 1348 Scal.

236 1365 384 1396 Penitam
399 1365 509 1407 offam]
535 1367 625 1398 Mire
642 1366 770 1398 fallitur
783 1366 891 1398 Scali-

192 1423 262 1455 ger.
304 1415 456 1446 Toeniacoe
471 1417 632 1448 Varronis
650 1427 716 1448 non
733 1422 811 1448 sunt
826 1426 890 1447 71oe-

189 1466 251 1495 m'oe
266 1465 420 1497 Arnobii.
466 1466 556 1498 Audi
579 1467 678 1498 modo
699 1471 736 1498 ut
762 1467 891 1498 naenias

192 1525 269 1546 snas
286 1517 534 1558 interpretetur
552 1518 740 1549 Arnobius:
765 1520 773 1534 ‘
789 1517 890 1550 Quod

191 1566 224 1596 in
241 1567 389 1598 secundo
406 1568 507 1599 situm
525 1569 600 1605 est,'
616 1569 736 1609 inquit,
752 1569 892 1608 respicit

190 1617 278 1648 enim
303 1618 343 1649 ad
369 1619 436 1659 illa,
464 1620 538 1659 quid
567 1620 682 1658 taenioe,
706 1619 892 1650 ‘intestini

190 1671 242 1698 est
272 1669 454 1708 porrectio,
494 1679 555 1710 per
592 1679 690 1710 qnam
722 1670 891 1709 proluvies

189 1718 303 1749 editur
319 1720 428 1750 succis
446 1729 508 1760 per
523 1721 694 1751 exsiccata
711 1720 887 1751 vitalibus:

189 1768 255 1800 offa
271 1774 385 1801 autem
402 1772 520 1811 penita
537 1776 601 1810 est,
619 1781 694 1802 cuin
722 1771 891 1811 particula

188 1819 326 1850 visceris
366 1821 475 1852 canda
519 1822 652 1861 pecoris
692 1822 892 1861 amputata.’

190 1870 313 1911 Neque
329 1871 413 1902 illud
430 1871 472 1902 de
490 1872 643 1904 taeniacis
661 1882 808 1913 unquam
826 1873 890 1904 Ar-

188 1921 309 1952 nobius
329 1922 444 1953 dicere
465 1922 643 1962 potuisset,
659 1923 747 1963 qnod
764 1922 807 1953 de
824 1932 889 1954 nae-

187 1970 251 2001 niis
268 1971 348 2011 jure
375 1971 476 2011 dixit,
498 1981 580 2012 quas
604 1972 706 2002 etiam
732 1972 891 2003 intestina

180 2020 252 2060 jam
283 2021 530 2061 interpretatus
565 2025 618 2053 est
650 2023 784 2053 Festus.
838 2024 889 2053 De

187 2070 196 2085 ‘
214 2071 331 2110 penita
347 2069 431 2102 offa’
447 2070 562 2102 Plant.
581 2070 657 2101 Mil.
676 2071 842 2103 Glor.111.
859 2074 888 2102 l.

187 2121 195 2136 ‘
211 2120 321 2152 Aufer
337 2121 428 2152 illam
444 2120 544 2152 offam
562 2121 733 2161 penitam.’
772 2122 890 2153 Penila

187 2172 374 2212 penultima
391 2172 570 2213 producta,
586 2177 625 2203 nt
641 2171 778 2203 differat
796 2183 814 2203 a
834 2183 888 2213 pe-

185 2223 268 2261 nita,
294 2222 328 2253 id
352 2228 415 2259 est,
443 2223 574 2259 intima,
602 2223 791 2263 penultima
815 2232 887 2254 cor-

189 2278 298 2313 repta.
320 2273 403 2305 Dac-

227 2323 243 2343 ¹¹
266 2324 409 2365 Pennas]
447 2324 535 2356 Vide
573 2324 761 2356 ‘Poesnis.'

188 2374 272 2413 Aug.

230 2426 369 2468 Pennas]
390 2426 507 2458 Verba
539 2427 629 2459 Festi
656 2427 758 2468 paulo
783 2427 882 2458 aliter

188 2474 344 2507 schedae:
381 2476 391 2493 ‘
412 2477 550 2508 Pennas
583 2478 742 2518 antiquos
773 2477 882 2508 fertur

186 2526 376 2565 appellasse
406 2537 531 2567 peenas
562 2537 603 2558 ex
630 2528 768 2568 Graeco,
792 2527 882 2568 quod

185 2575 233 2606 illi
254 2575 366 2614 πιτηνὰ
382 2585 433 2616 ea,
454 2588 529 2617 quae
555 2582 634 2608 sunt
649 2578 813 2617 volucria,
833 2577 880 2608 di-

186 2628 277 2656 cant.
321 2625 411 2656 Item
436 2627 572 2658 easdem
596 2638 729 2667 pesnas,
746 2632 782 2659 ut
798 2637 880 2659 coes-

182 2675 267 2708 nas?
315 2675 469 2717 Optime,
483 2678 595 2719 πτηνὰ,
609 2678 738 2716 πετηνὰ,
753 2678 879 2711 AEolice

807 2324 886 2356 Ant.

940 1263 1066 1300 πτέννα,
1083 1264 1166 1295 eliso
1179 1275 1211 1303 τ,
1225 1273 1336 1303 penna.
1359 1262 1426 1295 Sed
1441 1262 1530 1294 unde
1543 1272 1640 1304 peona

941 1325 984 1346 ex
1011 1316 1137 1347 Graeco
1162 1314 1301 1351 πετηνάὲ
1335 1323 1377 1345 an
1405 1313 1533 1354 πετηνὰ,
1558 1313 1641 1344 eliso

940 1378 973 1405 η,
987 1365 1099 1405 πετνὰ,
1114 1377 1134 1395 τ
1154 1369 1285 1397 mutato
1309 1365 1341 1396 in
1358 1376 1390 1405 κ,
1404 1364 1515 1404 πεκνὰ,
1534 1374 1642 1405 peona,

939 1418 1049 1457 petina,
1071 1419 1193 1456 penna?
1216 1415 1325 1446 Idem.

983 1466 1178 1506 immutas]
1193 1466 1446 1507 Theophrastus
1459 1464 1596 1506 alicubi,
1607 1464 1640 1495 in

940 1518 1008 1559 περὶ
1024 1516 1158 1557 ἱστορίας
1171 1518 1287 1556 φυτῶν,
1304 1517 1351 1547 ait
1364 1526 1383 1547 a
1396 1516 1529 1547 rusticis
1545 1519 1640 1546 tene-

940 1570 1044 1601 riores
1059 1569 1169 1609 spicas
1186 1567 1278 1607 ἄρνας
1293 1567 1416 1598 vocari.
1439 1568 1508 1598 dos.
1522 1566 1605 1597 Scal.

984 1619 1144 1650 pennatus
1159 1616 1424 1659 impennatasque]
1437 1616 1547 1658 Spicis
1561 1625 1643 1657 pen-

940 1681 993 1702 nae
1011 1671 1218 1702 tribuuntur.
1266 1669 1373 1710 Agnae
1397 1672 1511 1699 antem
1535 1668 1641 1698 mino-

941 1731 994 1753 res
1012 1721 1115 1762 spicae
1132 1721 1164 1751 in
1182 1720 1294 1751 saliari
1310 1719 1459 1751 carmine
1473 1718 1643 1749 vocaban-

941 1777 1009 1810 tur,
1036 1771 1226 1802 imitatione
1246 1770 1456 1805 Graecorum,
1479 1769 1534 1810 qui
1550 1768 1641 1809 ἄρνας

940 1822 1040 1853 dicun
1048 1827 1068 1853 t.
1114 1821 1339 1861 Theophrast.
1354 1819 1412 1851 lib.
1424 1828 1505 1851 vm.
1521 1829 1598 1859 cap.
1610 1822 1644 1850 7.

940 1873 989 1904 καὶ
1007 1874 1035 1903 οἱ
1051 1872 1188 1911 στάχυες
1203 1870 1303 1912 μικροὶ
1319 1870 1368 1901 καὶ
1383 1869 1512 1901 τούτους
1523 1868 1574 1900 οὓς
1587 1881 1642 1900 κα-

940 1923 1047 1953 λοῦσιν
1062 1922 1165 1963 ἄρνας.
1189 1924 1198 1940 ‘
1214 1924 1259 1954 Et
1275 1931 1387 1963 parvae
1403 1922 1520 1962 spicae,
1537 1920 1640 1952 etiam

940 1974 1024 2014 illas,
1036 1984 1117 2015 quas
1136 1977 1257 2005 vocant
1272 1971 1398 2014 agnas?
1432 1972 1478 2003 At
1490 1972 1640 2004 Joannes

940 2025 1104 2064 miratus,
1134 2023 1300 2054 referente
1330 2022 1485 2054 Fruterio
1515 2021 1573 2052 lib.
1598 2029 1640 2050 ιι.

939 2084 1015 2115 cap.
1033 2078 1063 2105 S.
1078 2075 1189 2113 Agnus
1205 2074 1315 2105 dictas
1331 2072 1464 2114 putavit
1479 2080 1498 2102 a
1513 2071 1639 2102 Graeco

939 2125 1034 2165 ἄχνη,
1062 2130 1158 2164 acus,
1181 2129 1216 2155 et
1243 2124 1350 2164 paleae
1377 2122 1638 2153 minutissimum

938 2176 1033 2216 illud,
1047 2175 1138 2216 quod
1153 2174 1325 2206 excutitur
1341 2174 1374 2204 in
1392 2174 1525 2204 tritura.
1541 2171 1638 2211 ἄχνη,

937 2238 962 2266 χ
979 2230 1109 2258 mutata
1125 2225 1157 2256 in
1172 2236 1208 2266 -γ,
1224 2224 1318 2264 ἅγνη,
1330 2234 1423 2263 agnu-
1469 2223 1638 2253 Pennatae

937 2282 1051 2309 autem
1078 2286 1188 2317 agnae,
1215 2275 1304 2316 quod
1333 2282 1479 2315 pennum
1501 2276 1637 2304 acutum

936 2328 1080 2359 Veteres
1112 2325 1287 2365 dicebant,
1320 2324 1442 2356 Isidor.
1473 2322 1507 2353 in
1537 2322 1637 2363 gloss.

935 2378 945 2395 ‘
964 2386 1110 2418 pennum
1129 2376 1180 2407 bis
1201 2373 1359 2406 acutum-⁹
1384 2373 1466 2404 Dac.

980 2427 992 2447 Κ
1012 2426 1150 2467 Penora]
1172 2425 1217 2457 Τὰ
1232 2425 1306 2466 πρὸς
1320 2424 1375 2456 τὸν
1385 2423 1455 2459 βιὸν
1467 2421 1634 2461 ἐπιτήδεια.

938 2479 1051 2510 Gloss·
1073 2478 1081 2494 ‘
1098 2487 1151 2508 res
1168 2477 1209 2508 ad
1227 2477 1330 2508 vitam
1347 2474 1546 2506 necessariae
1558 2473 1579 2505 ς’
1600 2479 1636 2504 et

936 2527 1384 2561 ScaevolaJurisconsultnsz
1399 2527 1408 2542 ‘
1418 2526 1533 2557 Penus
1545 2523 1634 2565 quod

938 2579 1158 2620 poculentum
1200 2581 1236 2608 et
1277 2577 1486 2608 esculentum
1530 2582 1633 2613 pena-

936 2629 1022 2659 rium
1034 2628 1054 2660 :'
1080 2629 1127 2660 ita
1150 2627 1238 2658 enim
1262 2625 1452 2667 legendum,
1483 2633 1550 2653 non
1578 2632 1630 2663 pe-

934 2679 1052 2710 nui-ius.
1106 2677 1201 2709 Cella
1236 2675 1377 2717 penaria
1415 2675 1633 2716 promtuaria.
