1835 2906
355 152 417 182 DE
451 150 723 194 VERBORUM
757 146 1161 180 SIGNIFICATIONE
1196 147 1290 176 LlB.
1323 148 1392 177 111.

1513 137 1593 179 153

153 246 507 287 CHALcmicUM
525 252 538 268 ⁰
559 258 696 298 genus
725 242 920 292 aedificii,
943 243 997 283 ab
1020 242 1125 282 urbe
1148 240 1359 283 Chalcida
1375 242 1390 265 ⁸
1413 242 1591 282 dictum.

153 311 332 354 Chaosd
368 314 562 366 appellat
594 312 819 354 Hesiodus
852 310 1081 351 confusam
1125 309 1347 362 quandam
1380 311 1436 350 ab
1471 309 1593 349 initio

209 381 423 422 unitatem
441 382 644 430 hiantem,
666 381 971 433 patentcmque
996 377 1039 417 in
1074 375 1365 430 profundum:
1401 389 1458 416 ex
1478 388 1529 416 co
1552 380 1595 415 et

204 446 350 501 χαίνειν
384 447 550 497 Graeci,
582 452 629 487 et
659 459 739 487 nos
771 445 892 485 hiare
924 443 1121 485 dicimus.

1182 441 1314 483 Unde
1349 443 1490 483 Janus
1522 442 1596 482 de-

209 519 351 556 tracta
380 516 647 568 aspiratione
678 513 943 560 nominatur,
970 511 1074 551 ideo
1104 508 1221 562 quod
1248 509 1376 548 fuerit
1402 510 1595 549 omnium

208 582 390 634 primus,
411 582 480 622 cui
502 582 641 634 primo
663 579 1001 633 supplicabante
1026 577 1142 618 velut
1172 572 1377 628 parenti,f
1395 579 1438 614 et
1459 587 1484 614 a
1506 588 1595 627 quo

210 661 351 689 rerum
373 649 571 689 omnium
590 648 755 688 factum
777 646 991 699 putabant
1012 644 1201 684 initium.

154 714 280 755 Chilo
296 721 310 743 g
333 716 487 756 dicitur
512 716 801 766 cognomento
819 726 845 753 a
868 711 1168 764 magnitudine
1188 711 1419 750 labrorum.

1481 707 1595 757 Cilo,

208 782 300 822 sine
338 783 621 835 aspiratione,
651 782 722 822 cui
742 781 857 820 frons
893 785 960 820 est
982 779 1259 828 eminentior,
1283 790 1335 818 ac
1359 778 1513 818 dextra
1537 775 1595 815 si-

206 849 432 902 nistraque
455 849 594 889 veluti
609 854 626 879 9
649 848 790 888 recisa
806 847 989 887 videtur.

153 914 399 965 Choenica,¹¹
418 929 630 957 mensurae
655 927 807 967 genus.

756 1020 872 1032 eeeeee

876 1020 992 1031 eeeeee

196 1109 214 1136 8
238 1105 300 1136 Ed.
318 1105 403 1137 Scal.
422 1105 677 1137 Chalci‹lz·ca.—9
701 1104 830 1136 Eadem
847 1104 911 1135 Ed.
927 1106 1018 1134 velut.

800 1213 940 1245 NOTAE

191 1306 204 1322 ⁰
223 1301 448 1342 Chalcidicum]
473 1301 606 1333 Vitruv.
631 1301 690 1332 lib.
706 1310 740 1332 v.
767 1311 797 1332 c.
814 1304 844 1331 1.

149 1352 158 1366 ‘
182 1351 240 1382 Sin
272 1356 385 1382 autem
416 1351 507 1382 locus
542 1352 609 1382 erit
639 1351 782 1391 amplior
811 1351 843 1381 in

149 1400 406 1442 longitudinem,
433 1401 619 1432 chalcidica
634 1402 666 1431 in
683 1400 844 1432 extremis

149 1451 426 1483 constituantur.'
479 1451 603 1484 Isidor.
638 1452 647 1469 ‘
675 1452 844 1483 Chalcidi-

148 1512 224 1533 cum
252 1502 333 1534 foris
361 1503 681 1542 deambulatorium,
702 1503 790 1544 quod
809 1510 845 1535 et

149 1552 336 1593 peribulum
354 1553 489 1591 dicitur·
502 1558 537 1584 et
553 1553 699 1584 iterum!
744 1553 841 1584 Idem

148 1602 237 1643 quod
263 1603 462 1634 Maem‘anum.
522 1604 611 1636 Galli
638 1608 760 1635 vocant
783 1605 846 1635 bal-

147 1663 214 1685 con.
259 1654 349 1684 Vide
365 1654 581 1686 ‘Maeniana'
604 1655 702 1685 Idem.

188 1703 203 1723 ‘¹
229 1704 345 1744 Chaos]
370 1705 495 1735 Vastus
510 1711 543 1735 et
559 1703 720 1735 confusus
733 1703 845 1735 hiatus

150 1752 192 1784 ab
208 1753 302 1784 initio
327 1758 463 1784 creatus
481 1764 489 1783 2
521 1753 661 1784 Hesiod.
679 1752 769 1784 Ἤτοι
789 1753 845 1791 μὲν

147 1802 307 1842 πρώτιστα
321 1802 400 1842 χαὸς
414 1802 570 1842 ’γένετ’...ι
586 1804 690 1834 Certe
709 1803 844 1844 quidem

149 1852 246 1882 initio
277 1853 377 1882 chaos
401 1857 553 1883 creatum
577 1852 653 1884 est)
697 1855 707 1870 ⁴
724 1853 845 1884 Unita-

149 1907 216 1932 tem
242 1902 414 1940 hianten1‚’
441 1907 542 1934 voca-t
567 1903 689 1934 Festus
715 1903 756 1934 de
780 1914 846 1945 qua

150 1952 251 1983 Ovid.
268 1953 353 1984 Met.
371 1961 395 1983 1.
416 1952 424 1968 ‘
438 1953 532 1984 Unus
558 1958 632 1984 erat
656 1957 729 1984 toto
748 1958 846 1985 natu-

150 2011 195 2032 rae
226 2003 337 2033 vultus
367 2003 401 2033 in
440 2003 535 2039 orbe,
580 2003 690 2035 Quem
728 2002 846 2035 dixere

148 2053 270 2085 chaos!
304 2054 350 2085 Et
364 2063 404 2084 11.
421 2053 464 2084 de
482 2058 572 2084 arte:
590 2054 598 2070 ‘
610 2054 754 2094 Unaque
770 2060 845 2086 erat

148 2103 269 2144 facies,
297 2104 418 2143 sidera,
452 2108 555 2139 terra,
586 2102 734 2135 fretum!
793 2105 845 2135 Ex

146 2155 204 2186 illo
220 2154 373 2195 Euripid.
399 2154 433 2185 in
449 2154 649 2193 Menalippa
667 2165 674 2185 :
697 2154 736 2185 ‘0
753 2154 778 2184 δ’
794 2154 845 2185 οὐ·

148 2204 237 2245 ρανός
251 2216 288 2235 τε
303 2203 380 2243 ’γαῖά
404 2204 433 2235 τ’
455 2203 494 2242 ἦν
513 2204 615 2244 μορφὴ
630 2203 696 2243 μία.
741 2205 750 2222 ‘
770 2203 845 2235 Coe-

148 2256 215 2286 lum
233 2260 267 2287 et
284 2262 375 2286 terra
390 2261 464 2286 erat
482 2265 546 2285 una
561 2255 690 2286 facies?
725 2255 755 2286 A
771 2256 845 2286 chao

151 2305 265 2336 Graeci
286 2305 414 2345 χαίνειν,
438 2312 473 2336 et
498 2315 557 2336 nos
581 2305 667 2336 hiare
692 2305 847 2345 dicimus,

151 2357 240 2387 unde
256 2361 292 2387 et
309 2357 447 2394 Hianus,
466 2356 619 2386 detracta
641 2355 847 2395 aspiratione

150 2408 263 2445 Janus,
275 2406 322 2436 sic
332 2405 442 2436 dictus
455 2405 543 2445 quod
557 2405 682 2444 primus
692 2405 846 2435 Deorum

151 2458 210 2495 sit,
226 2461 260 2487 et
278 2465 321 2486 ex
338 2464 377 2485 eo
394 2455 552 2492 omnium,
571 2454 674 2485 veluti
691 2464 733 2484 ex
751 2455 846 2493 chao,

151 2506 296 2537 ducatur
312 2505 455 2536 initium.
473 2504 570 2534 Idem.

194 2561 207 2576 θ
246 2555 306 2586 Cui
331 2555 464 2595 primum
493 2552 723 2592 supplicabant]
768 2554 844 2584 Ma-

153 2607 245 2637 crob.
263 2605 321 2637 lib.
338 2614 361 2635 1.
376 2605 443 2636 Sat.
459 2613 535 2643 cap.
551 2606 582 2634 9.
605 2604 614 2620 ‘
632 2603 756 2635 Janum
773 2603 844 2644 qui-

153 2656 230 2686 dem
262 2656 364 2686 solem
389 2652 612 2684 demonstrari
645 2653 761 2682 volunt
786 2675 794 2683 .
810 2674 818 2683 .
837 2675 845 2683 .

154 2705 210 2746 qui
236 2704 392 2737 exoriens
414 2703 548 2745 aperiat
570 2701 672 2742 diem,
689 2701 847 2733 occidens

901 1298 1064 1337 claudat3
1096 1296 1314 1337 invocatique
1353 1296 1496 1336 primum
1521 1305 1596 1326 cum

900 1349 1002 1380 alicui
1023 1350 1096 1380 Deo
1121 1358 1174 1379 res
1199 1347 1313 1378 divina
1337 1346 1544 1384 celebratur,
1560 1351 1598 1376 ut

897 1409 959 1440 per
974 1409 1049 1430 eum
1075 1402 1193 1440 pateat
1221 1397 1263 1428 ad
1289 1397 1380 1427 illum
1396 1397 1520 1434 Deum,
1544 1396 1598 1426 cui

898 1450 1100 1489 immolatur,
1133 1457 1309 1479 accessus:
1348 1446 1443 1486 quasi
1479 1454 1597 1485 preces

900 1499 1091 1540 supplicum
1108 1508 1169 1538 per
1191 1502 1307 1538 portas
1331 1506 1407 1526 suas
1441 1496 1482 1526 ad
1508 1496 1598 1526 Deos

898 1550 972 1589 ipse
984 1547 1216 1581 transmittat!
1241 1546 1336 1577 Idem
1351 1545 1453 1576 Ovid.
1472 1545 1598 1575 1.Fast.

898 1600 998 1631 Idem.

941 1648 954 1669 f
977 1649 1068 1680 Velut
1087 1646 1228 1688 parenti]
1262 1645 1347 1677 Ideo
1372 1649 1406 1675 et
1430 1648 1518 1684 pater
1539 1642 1598 1674 ad-

898 1698 1048 1730 debant:
1071 1699 1169 1730 JANE
1196 1697 1331 1728 PATER.
1359 1694 1449 1733 Virg.
1474 1692 1597 1723 Horat.

897 1751 961 1780 διο.
986 1750 1085 1780 Idem.

940 1804 956 1826 g
982 1798 1087 1838 Chilo]
1112 1797 1226 1828 Graeci
1241 1795 1514 1835 interpretantur
1526 1803 1598 1831 προ-

897 1847 1047 1888 κέφαλον.
1070 1848 1138 1877 .Ιο3.
1155 1846 1240 1877 Scal-

944 1898 1050 1938 Chilo]
1089 1897 1120 1928 A
1154 1896 1279 1928 Graeco
1306 1894 1416 1933 χεῖλος
1449 1891 1597 1923 labrum.

898 1948 996 1980 Idem
1013 1947 1181 1980 Charisius
1197 1946 1255 1977 lib.
1268 1954 1292 1976 1.
1308 1946 1316 1961 ‘
1334 1945 1468 1975 Cilones
1481 1942 1598 1972 dicun-

899 2005 956 2031 tur
981 2008 1122 2040 quorum
1146 1996 1260 2037 capita
1283 1994 1428 2034 oblonga
1448 1998 1482 2023 et
1509 2001 1598 2022 com-

900 2059 1020 2090 pressa
1050 2052 1140 2079 sunt.
1188 2046 1344 2077 Chilones
1378 2047 1491 2074 autem
1521 2051 1598 2072 cum

897 2103 1108 2144 aspiratione
1120 2110 1160 2131 ex
1176 2099 1341 2135 Graeco‚a
1354 2095 1458 2126 labris
1475 2094 1598 2131 impro-

899 2153 1061 2191 bioribus,
1081 2161 1157 2192 quae
1183 2148 1231 2180 illi
1255 2146 1363 2185 χείλη,
1382 2144 1470 2175 unde
1494 2143 1597 2174 chilo-

899 2213 958 2234 nes
975 2202 1158 2243 improbius
1174 2197 1322 2230 labrati.'
1348 2197 1428 2227 Duc.

942 2253 957 2273 *¹
983 2251 1143 2291 Clzoenica]
1178 2249 1293 2286 Χοῖνιξ,
1323 2246 1467 2284 choenix,
1499 2242 1598 2274 semi-

899 2303 1043 2334 modius.
1078 2296 1319 2332 ‘Sextarium’
1350 2296 1442 2326 Gaza
1479 2293 1597 2323 vertit,

900 2354 1063 2385 Continet
1086 2356 1154 2382 tres
1180 2349 1324 2389 cotylas,
1340 2351 1376 2376 ut
1393 2346 1440 2375 ait
1460 2343 1597 2374 Pollux.

900 2403 1024 2442 Cotyla
1039 2405 1150 2433 autem
1175 2398 1329 2429 continet
1344 2395 1462 2426 uncias
1487 2393 1597 2424 trede-

900 2452 965 2482 cim
981 2457 1015 2482 et
1039 2449 1224 2481 dimidiam.
1269 2446 1411 2477 Choenix
1437 2453 1517 2483 ergo
1541 2452 1597 2473 ca-

901 2502 950 2542 pit
967 2501 1069 2531 libras
1087 2506 1155 2530 tres
1169 2503 1203 2529 et
1223 2497 1336 2528 uncias
1356 2499 1501 2536 quatuor
1518 2503 1595 2523 cum

899 2550 1050 2581 dimidia.
1086 2549 1095 2566 ‘
1112 2548 1331 2578 Demensum’
1356 2543 1517 2576 Terentio
1544 2542 1596 2572 ‹li-2

899 2601 1000 2639 citur,
1016 2598 1104 2640 quod
1120 2596 1259 2637 singulis
1283 2594 1403 2626 diebus
1420 2592 1521 2623 servis
1537 2591 1594 2621 da„

900 2653 1001 2684 batur
1017 2652 1049 2682 iu
1066 2650 1190 2688 cibum,
1209 2648 1296 2679 unde
1318 2651 1352 2679 et
1370 2642 1592 2686 ἠμεροτροῲίον

902 2701 1030 2733 Graeeis
1048 2699 1184 2732 diciture
1202 2698 1298 2729 Idem„
