1835 2906
363 98 427 128 DE
463 90 736 126 vssssssottUM
770 82 1188 119 SIGNlFmATmNE
1223 81 1319 113 121ss.
1354 79 1469 111 xm.
1570 68 1656 110 5:35

251 208 361 239 sona
381 205 501 236 cara.
548 189 672 232 Orba
690 191 772 238 est,
793 196 897 241 quae
918 184 1104 238 patrem,
1128 182 1204 222 aut
1220 182 1415 228 matrem,
1433 178 1512 218 aut
1530 174 1661 225 filios,

252 263 380 320 quasi
394 263 543 304 lumen
566 257 733 301 amisit.

199 332 319 376 Orba
344 330 465 386 apud
499 327 654 384 poetas
688 323 897 381 signficat
924 319 1139 377 privatam
1168 315 1324 378 aliqua,
1344 326 1444 368 per·
1500 310 1665 362 [FES'r.

254 413 364 443 sona
386 411 516 441 cara:
547 396 667 452 apud
688 400 886 443 oratores,
914 403 1002 447 quae
1030 393 1198 443 patrem
1219 383 1355 426 amisit
1375 387 1449 422 aut
1468 382 1663 429 matrem,

253 475 304 512 ut
336 466 508 511 Servius
545 462 750 519 Sulpicius
771 462 849 513 ait,
871 474 959 517 qua:
979 455 1126 500 liberos
1148 453 1265 512 quasi
1284 450 1429 494 oculos
1449 449 1562 492 orba
1582 451 1665 489 est.

460 535 540 577 tris
562 539 631 576 est
652 537 787 575 ante}

653 598 798 642 Galus
819 597 983 639 AElius.

648 670 695 711 in
716 681 770 710 eo
791 667 919 709 libro.

646 735 928 793 pontificatu.

645 806 794 861 puella
824 805 934 847 sine.

649 888 803 918 sacrae.

651 948 804 999 nupta.
871 975 882 984 .

502 1014 631 1071 aliqui
650 1014 825 1056 fuisset.
880 1043 889 1051 .

527 1117 536 1127 .
575 1082 832 1125 Cornificius
853 1082 912 1122 in.

657 1151 932 1206 onygiarum.

1346 587 1536 631 stantior.

654 1221 769 1262 inter
791 1232 840 1260 se
862 1221 1004 1258 ruunt.

654 1293 769 1330 runt.

400 1365 511 1400 actos
531 1363 644 1399 eos.9

662 1437 750 1465 sse.

211 1496 392 1546 ORCA?
423 1506 560 1549 genus
583 1493 764 1535 marinae
782 1489 949 1533 belluae
972 1488 1231 1536 maximum,
1253 1482 1308 1526 ad
1329 1481 1459 1536 cujus
1500 1477 1681 1532 [mvn

824 1609 1067 1634 oaeeeoae‘aeeeo‘

251 1701 272 1728 9
296 1697 360 1729 Ed.
376 1696 467 1729 Scal.
492 1695 501 1712 ‘
518 1698 630 1726 nactos
655 1693 734 1726 ros.’

881 1801 1023 1835 NOTAE

214 1887 306 1916 sunt.
353 1881 457 1913 Orbus
480 1879 760 1921 aGraeco‚5p‹pbs‚
775 1879 831 1911 vel
846 1878 926 1921 ὀρφ-

215 1935 280 1975 νὸς,
315 1933 530 1965 tenebrosus.
586 1932 701 1964 Quare
731 1931 815 1964 caeci
846 1940 925 1973 pro-

215 1986 290 2028 prie
302 1984 369 2017 orbi
384 1983 468 2016 dicti
484 1986 572 2015 sunt.
596 1982 697 2014 Idem.

260 2043 273 2058 z
297 2057 413 2070 ......
432 2036 493 2067 iris
517 2039 564 2067 est
586 2036 675 2076 ante]
705 2034 792 2067 Haec
814 2034 927 2066 omnia

218 2090 320 2130 plane
337 2087 496 2128 deposita
512 2091 601 2117 sunt.
633 2086 760 2127 Neque
777 2084 820 2117 ad
836 2084 925 2116 idem

218 2143 324 2181 caput
336 2138 497 2170 attinent.
542 2136 584 2168 In
595 2135 661 2168 fine
676 2146 739 2177 pro
755 2136 822 2167 illis
841 2136 930 2177 Ony-

217 2192 344 2231 gz’arum
369 2189 505 2222 schedae
527 2188 658 2220 habent
681 2186 869 2229 Onyginus:
890 2191 929 2219 ut

220 2242 380 2274 videatur
393 2240 450 2272 hic
467 2239 597 2271 laudari
609 2238 767 2280 Hyginus
785 2238 818 2270 in
834 2237 930 2270 libris

223 2291 500 2326 Astronomicon.
530 2290 630 2322 Idem.

270 2349 285 2365 ⁸
308 2341 410 2382 Orca]
434 2342 509 2383 Ego
526 2339 716 2382 proficeria
727 2349 795 2371 non
811 2339 932 2371 dubito

222 2397 340 2437 legere
358 2393 508 2433 faecaria.
551 2391 639 2423 Sunt
662 2396 776 2423 antem
794 2400 876 2423 vasa
889 2390 932 2422 ad

224 2444 465 2478 defaecandum
494 2447 662 2474 mustum:
691 2451 769 2474 cum
797 2442 931 2473 scilicet

225 2501 375 2530 mustum
391 2492 559 2527 fervendo
575 2492 776 2525 defaecatur.
808 2492 932 2534 Neque

226 2554 370 2580 temere.
407 2545 496 2577 Sunt
525 2543 615 2576 enim
634 2544 726 2576 Orcoe
741 2552 822 2575 vasa
842 2548 932 2575 tere-

227 2599 288 2639 tia,
311 2601 488 2635 ventrosa,
509 2605 585 2628 cum
616 2598 761 2636 angusto
783 2604 863 2628 ore:
894 2598 933 2626 ut

226 2655 376 2683 mustum
395 2649 504 2691 possit
516 2647 621 2689 magis
636 2646 784 2680 fervere.
809 2646 934 2688 cnjus.

231 2701 322 2734 modi
347 2705 459 2740 erant,
482 2709 564 2743 quas
592 2699 769 2732 Vitruvius
794 2703 935 2732 vocatas

975 1876 1083 1910 αἰόλου
1098 1874 1201 1907 πύλας
1217 1872 1279 1905 ait.
1326 1869 1458 1901 Varro:
1484 1869 1492 1883 ‘
1510 1873 1603 1906 saepe
1629 1863 1687 1895 ubi

975 1928 1151 1962 conditum
1169 1925 1283 1958 vinum
1301 1929 1436 1956 novum,
1453 1926 1544 1949 orcae
1560 1916 1594 1948 in
1606 1914 1689 1947 His·

975 1980 1079 2023 pania
1118 1978 1255 2011 fervore
1293 1970 1398 2005 musti
1436 1967 1573 2009 ruptae.'
1618 1966 1688 1997 Jos.

976 2031 1061 2063 Scal.

1025 2079 1125 2120 Orca]
1149 2078 1181 2109 A
1197 2077 1324 2109 Graeco
1340 2073 1424 2113 ὄρυξ,
1437 2077 1561 2110 nempe
1573 2067 1614 2099 ab
1630 2067 1689 2098 ob-

979 2133 1071 2175 liquo
1097 2130 1206 2171 ὄρυγα,
1233 2125 1276 2158 ab
1297 2124 1372 2166 ejus
1395 2121 1519 2154 belluae
1535 2118 1690 2151 similitu-

982 2183 1061 2214 dine
1078 2181 1183 2213 dictae
1197 2187 1277 2209 orcae
1296 2184 1376 2207 vasa
1396 2171 1526 2210 ficaria,
1551 2169 1580 2201 si
1602 2168 1690 2200 fides

986 2236 1099 2269 Festo·
1132 2230 1200 2264 Sed
1215 2227 1322 2269 magis
1339 2226 1456 2267 placet
1472 2231 1548 2254 esse
1565 2220 1692 2253 aGrae-

985 2297 1028 2320 co
1043 2285 1138 2328 ὅρχη,
1155 2281 1246 2325 quod
1267 2283 1320 2312 est
1336 2277 1423 2310 vasis
1443 2273 1558 2306 fictilis
1574 2281 1693 2313 genus.

987 2339 1068 2371 Non
1084 2336 1193 2368 solum
1215 2336 1330 2364 autem
1354 2338 1434 2360 οτι-α’
1461 2335 1541 2357 vasa
1565 2323 1694 2361 ficaria,

986 2389 1048 2422 sed
1066 2393 1102 2421 et
1128 2384 1273 2424 vinaria,
1297 2377 1555 2413 salsamentaria
1579 2375 1692 2407 etiam.

987 2442 1040 2473 De
1057 2438 1194 2471 vinariis
1204 2436 1316 2467 Varro
1328 2431 1388 2464 lib.
1401 2440 1426 2463 1.
1440 2430 1482 2461 de
1497 2429 1536 2460 R.
1547 2428 1588 2460 R.
1602 2427 1611 2442 ‘
1623 2426 1693 2457 Ubi

987 2491 1163 2524 conditum
1177 2495 1301 2519 novum
1320 2483 1447 2522 vinum,
1462 2489 1552 2512 orcae
1568 2478 1602 2509 in
1614 2477 1696 2508 His-

987 2543 1090 2585 pania
1103 2540 1238 2572 fervore
1256 2533 1358 2567 musti
1369 2529 1507 2574 ruptae?
1551 2530 1608 2561 De
1620 2528 1695 2559 Sal-

988 2591 1204 2626 samentariis
1218 2589 1317 2621 Pers.
1332 2586 1403 2618 Sat.
1415 2592 1472 2616 111.
1488 2582 1498 2599 ‘
1510 2581 1696 2621 Maenaque

989 2644 1080 2687 quod
1106 2641 1217 2685 prima
1240 2636 1388 2671 nondum
1411 2632 1579 2666 defecerit
1593 2627 1697 2662 orca!

992 2699 1045 2731 De
1058 2694 1145 2728 vasis
1158 2690 1295 2732 ficariis,
1312 2687 1369 2721 ubi
1384 2685 1468 2719 ficus
1483 2681 1694 2726 reponeban-
