1835 2906
236 122 318 164 130

680 132 829 163 SEX'rt
862 135 1065 165 POMPEH
1100 136 1238 166 FESTI

235 227 446 269 Calathos
463 233 477 250 ⁰
497 227 661 279 Graeci,
677 241 759 271 nos
781 229 969 273 dicImus
990 231 1218 286 quasillos.
1290 281 1293 286 .

235 295 460 336 Calatores
474 293 491 316 ‘¹
516 295 775 339 dicebantur
789 299 921 349 servi,
942 300 1014 339 ἀπὸ
1030 303 1093 339 τοῦ
1113 300 1254 350 καλεῖν,
1270 301 1389 354 quod
1411 308 1480 343 est
1492 316 1676 355 vocare;

288 362 394 416 quia
414 375 582 416 semper
602 365 758 406 vocari
776 372 960 420 possent
979 368 1035 409 ob
1056 369 1362 410 necessitatem
1383 371 1619 413 servitutis.

234 428 425 470 Calbeos
443 435 457 452 θ
478 432 670 473 armillas
688 433 906 485 dicebant,
921 436 1080 489 qtiibus
1095 435 1410 489 triumphantes
1427 439 1677 490 utebantur,

285 502 330 537 et
350 496 511 550 quibus
529 498 586 538 ob
608 499 809 541 virtutem
832 501 996 544 milites
1021 503 1308 544 donabantur.

232 565 389 606 Calces
404 562 418 585 f
436 566 642 618 ampullae
661 567 896 620 plumbeae.

231 632 435 673 Calicata
453 637 468 660 g
498 632 688 675 aedificia
704 635 827 677 calce
847 637 998 690 polita.

1057 636 1283 688 Calicatis‚
1304 638 1426 680 calce
1447 638 1613 692 politis.

882 792 1028 826 NOTAE

228 873 297 904 ris.’
319 875 374 907 De
391 876 560 918 AEgyptiis
575 878 734 920 loquitur.
766 878 832 911 Sed
850 889 925 920 pro-

227 923 368 956 babilius
400 933 453 958 est
486 928 625 960 Calassis
648 939 722 961 esse
753 940 772 961 a
800 930 925 963 Graeco

224 973 373 1013 χάλασις.
411 977 498 1009 Vide
522 978 532 996 ‘
547 978 714 1011 Aelassis.’
734 980 817 1012 Dac.

268 1029 281 1045 ⁰
307 1027 468 1069 Calathos]
487 1029 608 1061 Graece
623 1029 771 1071 κάλαθος,
785 1031 840 1063 ubi
854 1041 924 1064 mu-

226 1074 324 1107 lieres
342 1075 446 1117 susm,
461 1079 568 1119 lanas,
591 1084 626 1111 et
648 1091 752 1121 pensa
776 1091 920 1122 repone-

225 1125 318 1157 bant.
342 1128 462 1168 Virgil.
487 1131 496 1145 ‘
512 1131 590 1161 Non
608 1131 664 1162 illa
677 1132 750 1163 colo
764 1132 921 1164 calathis-

223 1186 288 1217 que
306 1178 472 1210 Minervae
489 1181 676 1212 Foemineas
700 1187 838 1214 assueta
853 1193 922 1214 ma-

224 1226 309 1257 nus.'
354 1229 473 1259 Latine
488 1232 634 1270 quasillus
649 1232 783 1264 dicitur.
827 1233 921 1264 Cala-

223 1277 296 1308 thus
314 1278 415 1309 etiam
432 1281 519 1320 apud
534 1282 678 1314 Veteres
693 1293 753 1323 pro
769 1284 921 1325 quolibet

224 1336 300 1358 vase
318 1329 367 1359 vel
387 1331 520 1368 poculo.
545 1332 641 1363 Idem.

264 1377 278 1397 ‘¹
305 1378 479 1420 Calatores]
517 1381 656 1412 Verrius
686 1381 776 1422 apud
805 1382 921 1414 Chari-

223 1426 306 1457 sium
325 1428 380 1458 lib.
408 1437 432 1458 1.
456 1432 464 1446 ‘
481 1430 727 1463 Nomenclator
749 1433 821 1463 sine
838 1443 856 1463 v
872 1433 922 1464 di-

221 1476 322 1515 citur,
354 1478 445 1508 velut
471 1479 615 1511 nominis
639 1479 812 1513 elatator.’
853 1483 920 1515 Sed

219 1525 399 1565 legendum
415 1528 543 1560 calator.
567 1531 640 1562 Ful.
657 1532 771 1564 Ursin-

265 1577 440 1618 Calatores]
463 1584 470 1595 ¹
484 1579 670 1620 Calatores,
683 1583 868 1620 ἐκβιβασταὶ
880 1585 919 1617 ἱε-

218 1627 304 1665 ρέων.
320 1628 423 1658 δοῦλοι
435 1629 585 1670 δημόσιοι,
596 1630 781 1672 περίπολοι.’
798 1641 805 1652 ¹
820 1636 919 1667 Cala-

220 1681 284 1715 tor,
301 1677 447 1718 κλήτωρ.’
485 1681 616 1712 Giossae
634 1682 842 1717 Graecorum.
872 1687 917 1718 Et

220 1727 391 1759 Isidorus:
433 1730 602 1770 ‘Calaton
628 1734 783 1766 minister
807 1746 917 1767 sacro-

220 1777 317 1809 rum.’
341 1779 632 1812 Quemadmodum
651 1784 827 1817 Calatores
841 1793 918 1817 sunt

219 1825 429 1857 sacerdotum
448 1838 633 1867 praecones,
647 1832 694 1863 ita
711 1835 811 1865 etiam
829 1835 917 1875 κήρυ-

218 1886 270 1905 κες
295 1875 337 1906 ab
362 1876 514 1908 Homero
537 1879 710 1920 καλήτορες
731 1883 915 1917 dicuntur:

217 1925 268 1957 Ἐς
276 1927 301 1956 δ’
312 1925 431 1966 ἄγαγεν
440 1927 554 1969 κήρυκα
564 1931 722 1972 καλήτορα
732 1935 799 1964 τοῖο
811 1934 915 1975 γέρον-

217 1988 282 2008 τος.
308 1978 445 2009 Calator
460 1989 542 2020 ergo
558 1980 713 2023 καλήτωρ.
736 1985 802 2016 Jos.
820 1986 904 2017 Scul.

263 2029 440 2069 Culutores]
466 2030 495 2062 A
518 2033 630 2073 calare,
656 2044 791 2075 vocare,
809 2036 915 2067 nomi-

218 2087 312 2117 nare,
339 2081 428 2120 quod
454 2091 473 2112 a
491 2082 614 2114 Graeco
635 2085 755 2116 καλεῖν.
801 2085 916 2118 Plaut.

219 2127 367 2160 Mercat.
385 2138 418 2161 v.
435 2133 467 2161 2.
492 2131 500 2148 ¹
519 2132 662 2172 Egomet
686 2135 765 2165 mibi
792 2145 917 2175 coines,

218 2178 359 2213 calator,
382 2188 500 2220 equus,
523 2192 636 2222 agaso,
657 2184 827 2225 armiger.'
872 2187 917 2217 Et

219 2228 355 2259 Pseudo
384 2230 406 2260 l.
438 2239 488 2262 iv.
515 2234 546 2262 2.
594 2233 759 2274 ‘Harpax
790 2236 917 2267 calator

219 2287 312 2309 niens
335 2285 386 2310 est
411 2281 452 2311 ad
478 2288 510 2313 te
528 2283 583 2323 qui
603 2284 718 2316 venit.'
762 2286 827 2317 Sed
852 2297 917 2318 non

219 2327 296 2358 ideo
313 2329 426 2361 dictus
449 2332 578 2363 calator
599 2335 687 2374 quod
707 2336 817 2367 vocari
842 2346 917 2377 pos-

219 2383 270 2408 set
283 2378 324 2408 ob
337 2382 576 2413 necessitatem
591 2385 773 2424 servitutis,
787 2395 823 2417 ut
839 2388 917 2419 Fes-

219 2432 272 2457 tus
285 2430 429 2468 putavit,
441 2432 500 2462 sed
517 2434 604 2473 quod
622 2435 693 2475 ipse
709 2437 916 2472 cala⁷·et,dic—

219 2483 320 2513 taret,
338 2481 483 2516 nomina,
500 2484 553 2522 qui
572 2488 605 2515 et
617 2484 693 2516 ideo
709 2488 918 2519 nomenclator

218 2527 408 2560 dicebatur.
453 2531 575 2563 Horat.
607 2535 821 2567 'Mercemur
846 2547 914 2568 ser-

218 2586 294 2607 vum
312 2578 367 2618 qui
386 2578 494 2611 dictet
511 2583 666 2614 nomina-¹
694 2585 775 2616 Dae.

261 2631 273 2645 Ρ
299 2628 442 2669 Calbeos]
478 2631 658 2663 Suetonius
692 2636 836 2673 Gallicos,
877 2641 912 2668 et

218 2676 380 2709 historici.
425 2680 633 2713 Glossarium
666 2685 793 2716 Calhoe:
817 2687 910 2717 ‘Cal-

979 881 1047 921 bae‚
1063 881 1196 921 κόσμια.’
1215 884 1287 915 Jos.
1303 883 1388 914 Scal.

1025 932 1169 973 Calbeos]
1196 933 1378 964 Salmasius
1401 931 1531 963 monuit
1556 941 1628 963 esse
1656 941 1675 962 a

979 980 1104 1022 καρπὸς,
1120 982 1289 1014 Junctura
1304 992 1433 1014 manus.
1472 981 1559 1012 Nam
1572 982 1675 1012 Vete-

978 1042 1033 1064 res
1050 1032 1176 1074 κάρπιον
1197 1033 1359 1064 dicebant
1383 1032 1540 1074 quicquid
1559 1032 1590 1062 in
1607 1041 1676 1063 mo-

979 1082 1058 1113 dum
1077 1083 1215 1114 armillae
1231 1082 1335 1124 χειρὸς
1353 1082 1467 1123 καρπὸν
1490 1081 1673 1113 vinciebat.

976 1132 1135 1173 Carpion,
1162 1134 1309 1173 calpion,
1335 1133 1480 1173 calbion,
1508 1133 1674 1169 calbeum,

977 1182 1148 1222 galbeum,
1163 1183 1251 1224 quod
1276 1183 1378 1215 etiam
1399 1181 1518 1214 Festus
1535 1183 1675 1223 exponit

976 1234 1163 1264 ornamenti
1177 1243 1294 1273 genus.
1339 1234 1505 1265 EtGloss.
1523 1237 1532 1251 ‘
1545 1233 1675 1271 Calbae,

976 1282 1112 1321 κόσμια.’
1148 1284 1230 1323 Leg.
1249 1283 1352 1314 Cabei.
1382 1283 1562 1315 Placidus:
1587 1285 1675 1315 ‘cal-

975 1343 1050 1373 vea,
1067 1333 1290 1365 ornamenta!
1335 1334 1402 1365 Ubi
1425 1333 1528 1365 etiam
1551 1333 1673 1365 rescri-

976 1384 1122 1415 bendum
1165 1377 1273 1420 calbe'i,
1313 1385 1378 1415 nisi
1419 1384 1514 1415 malis
1558 1383 1674 1415 calbea.

976 1434 1149 1473 Quamvis,
1172 1435 1234 1466 hoc
1261 1435 1426 1471 calbeum,
1451 1435 1580 1465 dixisse
1604 1435 1673 1465 Ve-

977 1489 1067 1515 teres
1085 1486 1167 1516 satis
1189 1495 1252 1516 non
1269 1490 1413 1525 constat,
1440 1485 1513 1524 sed,
1535 1484 1590 1516 hic
1605 1485 1673 1516 cal-

973 1534 1069 1567 bens.
1119 1536 1204 1567 Cato
1220 1536 1253 1566 in
1271 1536 1481 1576 Origin.vn·
1501 1536 1510 1553 ‘
1525 1535 1673 1567 Galbeos

972 1586 1090 1621 lineos,
1108 1587 1226 1626 pelles,
1244 1586 1461 1618 redimicula.'
1485 1587 1565 1618 Dae.

1018 1634 1031 1654 f
1052 1635 1175 1675 Calces]
1206 1637 1274 1666 Per
1305 1637 1471 1676 ampullas
1498 1635 1673 1676 plumbeas

974 1694 1041 1715 non
1059 1685 1158 1716 video
1175 1685 1254 1726 quid
1278 1686 1444 1726 intelligat
1461 1686 1592 1721 Festus,
1610 1687 1672 1716 nisi

973 1734 1144 1775 significet
1172 1736 1336 1776 ampullas
1366 1735 1486 1767 lividas
1509 1745 1584 1777 quae
1609 1736 1672 1767 sub

974 1785 1116 1825 pedibus
1133 1792 1328 1817 nascuntur.
1352 1785 1449 1817 Idem.

1015 1841 1029 1863 8
1056 1836 1212 1876 Culicata]
1235 1837 1381 1867 Veteres
1404 1835 1566 1867 dicebant
1584 1836 1672 1868 Cale-

971 1890 1052 1924 cata,
1065 1891 1101 1917 ut
1116 1887 1237 1926 legitur
1253 1887 1351 1918 hodie
1366 1887 1400 1917 in
1412 1886 1546 1918 Tabula
1560 1893 1672 1917 vetus-

972 1936 1100 1967 tissima
1132 1936 1254 1973 Aletri‚
1283 1947 1383 1978 quam
1416 1937 1597 1978 descripsit
1624 1937 1672 1968 ita

972 1986 1099 2017 amicus
1116 1992 1232 2017 noster
1249 1987 1355 2018 Aldus
1381 1987 1555 2018 Manutius
1571 1987 1671 2018 Pauli

972 2034 1010 2066 F.
1029 2035 1165 2076 juvenis
1190 2036 1422 2068 doctissimus:
1445 2036 1454 2051 ⁴
1470 2036 1508 2067 L.
1531 2036 1672 2067 Betilie-

972 2095 1031 2116 nus
1060 2087 1097 2117 L.
1127 2087 1164 2116 F.
1195 2087 1326 2117 Vaarus
1351 2086 1434 2126 baec,
1471 2095 1544 2126 quae
1583 2086 1671 2118 infra

970 2131 1097 2175 scripta
1113 2140 1198 2172 sunt,
1225 2136 1266 2167 de
1289 2137 1416 2168 Senatu
1432 2137 1603 2167 sententia
1621 2137 1670 2168 fa-

970 2186 1092 2217 cienda
1119 2186 1273 2218 coir-avit.
1317 2186 1463 2218 Semitas
1487 2187 1521 2217 in
1544 2188 1669 2227 oppido

969 2238 1099 2268 omnis:
1126 2239 1305 2278 poi-ticum,
1332 2248 1398 2279 qua
1428 2238 1461 2268 in
1485 2247 1597 2269 arcem
1625 2240 1670 2269 ei-

972 2292 1050 2319 tur:
1075 2298 1243 2329 campum,
1269 2289 1343 2319 ubei
1371 2288 1512 2319 ludunt:
1538 2288 1669 2320 horolo—

970 2338 1073 2377 gium,
1098 2339 1290 2376 macellum,
1314 2338 1494 2368 Basilicam
1519 2339 1670 2369 calecan-

970 2388 1067 2419 dam:
1093 2388 1225 2426 seedes,
1240 2388 1348 2418 lacum
1362 2387 1601 2419 balinearium:
1619 2388 1668 2420 la-

969 2448 1045 2469 cum
1063 2438 1103 2469 ad
1123 2437 1355 2478 poi-tani‚'&c.
1378 2438 1447 2468 dos.
1471 2437 1554 2469 Scal.

1013 2488 1169 2528 Calicata]
1192 2487 1223 2518 Α
1241 2488 1364 2519 Graeco
1387 2486 1494 2526 χάλιξ,
1513 2496 1575 2528 per
1590 2498 1667 2529 syn-

967 2548 1076 2579 copen
1107 2540 1189 2577 calx,
1231 2538 1314 2568 calix
1349 2537 1538 2576 dicebatur,
1577 2539 1666 2570 unde

964 2588 973 2604 ‘
988 2587 1159 2627 calicare,’
1192 2589 1200 2604 ‘
1214 2585 1402 2618 decalicare
1416 2597 1423 2616 :
1439 2586 1447 2598 ’
1471 2585 1559 2618 iufra
1573 2588 1665 2620 Fest.

965 2638 1234 2675 ιΒεῐοειΙίοῑιιιιηι,
1260 2637 1352 2668 calce
1376 2637 1496 2668 litum.'
1540 2638 1580 2668 In
1609 2648 1665 2670 ve·

967 2689 1030 2720 teri
1060 2689 1175 2721 tabula
1205 2687 1329 2728 Aletri‚
1352 2687 1521 2719 ‘Coiravit
1545 2689 1664 2720 Basili-
