1835 2906
194 142 278 184 126

196 252 521 293 Caduceatores
539 255 552 271 e
573 249 707 301 legati
729 260 882 301 pacem
899 251 1117 300 petentes.

250 319 409 372 inquit,
430 329 555 357 nemo
576 316 707 356 homo
728 320 874 355 nocet.

633 151 781 182 SEXTI
820 150 1018 181 ΡΟΜΡΕΗ
1056 150 1192 181 FESTI

1177 245 1316 287 Cato:
1335 243 1638 294 Caduceatori,

196 382 471 435 Caecultant,f
489 384 621 425 caecis
638 384 831 437 proximi
844 387 945 424 sunt
958 383 1181 424 oculorum
1197 381 1291 422 acie
1306 381 1480 421 obtusa.
1504 379 1641 421 Plau-

252 459 350 495 tus:
380 453 608 494 Numnam
639 452 775 492 mihig
803 451 922 492 oculi
951 449 1223 492 caecultant‘?
1253 452 1373 489 estne
1405 448 1475 489 hic
1494 450 1641 489 noster

252 522 438 563 Hermio
452 522 471 561 ’.Ρ

195 590 443 632 Caecultare
464 594 531 631 est
548 602 692 631 caecos
714 587 891 629 imitari.

197 657 406 700 Caeculus
424 658 622 699 condidit
635 651 896 698 Praeneste.h

957 653 1088 694 Unde
1106 655 1268 706 putant
1301 647 1540 692 Caeeiliosi
1574 661 1644 689 or-

254 732 339 776 tOS,
361 739 545 780 quorum
575 728 665 767 erat
697 722 856 764 nobilis
891 721 1058 762 familia
1091 720 1211 773 apud
1247 718 1491 759 Romanos.
1550 715 1646 757 Alii

255 794 505 846 appellatos
526 806 605 833 eos
625 792 774 832 dicunt
795 803 822 830 a
841 789 1031 830 Caecade
1051 787 1245 840 Trajano
1267 787 1423 827 AEneae
1441 784 1618 826 comite.

199 861 382 902 Caecum
402 861 568 901 vallum
583 858 600 880 k
634 858 810 907 dicitur,
832 857 877 896 in
895 869 983 909 quo
1004 854 1221 908 praeacuti
1242 854 1333 907 pali
1362 856 1487 894 terrae
1507 851 1642 892 adfixi

254 928 403 969 herbis
425 927 497 968 vel
519 926 744 968 frondibus
765 924 1044 966 occuluntur,

851 1044 993 1078 NOTAE

241 1131 254 1146 Ε
274 1124 512 1164 Cadaeeatores]
528 1123 723 1155 Caduceum
738 1123 898 1155 Graecum

199 1180 251 1207 est
278 1186 338 1216 pro
364 1176 566 1207 Caruceum.
590 1174 737 1214 καρύκεον
755 1173 898 1214 Syracu-

199 1235 292 1265 sane,
308 1231 341 1258 et
371 1226 567 1263 Tarentino,
594 1225 682 1265 quod
711 1223 783 1253 aliis
808 1220 899 1260 κηρύ·

199 1289 292 1308 κειον.
330 1277 362 1308 R
378 1277 411 1307 in
430 1277 472 1312 D,
490 1281 670 1306 utcontra
696 1283 787 1314 saepe
810 1273 838 1303 D
865 1273 897 1303 in

199 1326 245 1358 R.
272 1327 372 1358 Idem.

244 1376 486 1416 Cadnceatores]
525 1375 658 1415 Legati,
709 1383 900 1415 praecones,

199 1427 356 1466 feciales,
381 1428 434 1468 qui
463 1426 648 1458 caduceum
675 1425 840 1465 gerebant
867 1424 900 1454 in

200 1478 332 1518 signum
351 1478 456 1518 pacis,
481 1477 602 1508 Graece
620 1475 790 1516 κηρύκειον,
810 1475 900 1515 apud

200 1529 338 1560 Lucian.
353 1534 388 1559 et
405 1528 437 1558 in
454 1528 616 1568 epigram.
661 1526 855 1558 Tarentinis
867 1530 902 1556 et

200 1579 422 1620 Syracusanis
437 1578 605 1618 καρύκειον,
619 1582 653 1608 et
669 1588 685 1616 p
696 1578 727 1608 in
742 1578 759 1607 δ
771 1579 901 1607 mutato

199 1631 381 1661 caduceum:
406 1629 448 1659 de
466 1629 625 1660 Caduceo
642 1627 771 1667 Hygin.
788 1626 847 1657 lib.
859 1635 900 1657 11.

201 1681 342 1712 Astron.
366 1690 440 1721 cap.
457 1682 487 1710 8.
510 1680 519 1696 ‘
536 1679 590 1709 Ab
608 1678 767 1718 Apolline
790 1677 902 1717 virgu-

200 1731 267 1761 lam
284 1730 453 1771 quandam
471 1728 599 1759 muneri
617 1727 749 1767 accepit
766 1727 902 1757 Men-cu-

202 1781 283 1819 rius,
297 1789 394 1820 quam
411 1789 509 1809 mauu
526 1784 646 1809 tenens
657 1787 733 1808 cum
749 1776 904 1817 proficis-

203 1834 340 1861 ceretur
381 1829 414 1858 in
454 1828 653 1866 Arcadiam,
687 1831 722 1857 et
759 1826 904 1856 vidisset

203 1882 287 1913 duos
327 1881 492 1912 dracones
530 1881 620 1910 inter
651 1889 687 1910 se
717 1879 903 1918 conjuncto

204 1940 349 1972 corpore
365 1931 467 1961 alium
484 1934 661 1970 appetere,
678 1933 715 1959 ut
732 1929 788 1968 qui
806 1928 902 1959 dimi·

204 1991 283 2013 care
300 1981 389 2012 inter
407 1989 443 2011 se
469 1980 656 2018 videretur,
677 1978 838 2017 virgulam
856 1978 903 2008 in-

205 2037 259 2062 ter
280 2035 462 2071 utrumque
477 2029 630 2070 projecit,
645 2029 761 2069 itaque
779 2027 904 2059 disces-

205 2085 336 2119 serunt,
352 2090 418 2121 quo
434 2078 540 2118 facto,
563 2088 638 2110 eam
666 2078 829 2118 virgulam
847 2087 905 2117 pa-

206 2131 254 2162 cis
271 2140 372 2162 causa
388 2130 472 2161 dicit
489 2139 563 2160 esse
578 2128 810 2166 constitutam,
823 2135 905 2157 non-

205 2182 289 2212 nulli
323 2182 425 2213 etiam
464 2190 539 2212 cum
564 2178 695 2210 faciunt
725 2178 907 2216 caduceos,

206 2233 291 2263 duos
308 2232 473 2263 dracones
496 2230 686 2270 implicatos
708 2228 841 2269 virgula
857 2227 907 2258 fa-

207 2283 313 2322 ciunt,
340 2282 429 2323 quod
448 2281 581 2312 initium
598 2279 770 2311 Mercurio
793 2277 907 2309 fuerat

207 2332 326 2373 pacis.'
369 2333 485 2363 Graeci
503 2336 632 2362 tantum
657 2330 832 2361 Caduceos
849 2338 906 2369 ge·

206 2384 341 2424 rebant,
373 2383 516 2413 Romani
552 2391 632 2413 vero
661 2380 784 2411 herbas
809 2389 907 2420 quas-

208 2434 298 2472 dam,
313 2442 387 2474 quae
403 2433 545 2471 sagmina
562 2432 780 2464 vocabantur.
804 2431 885 2462 Dae.

251 2483 264 2502 f
286 2483 474 2522 Coecultant]
499 2484 611 2514 Gloss.
635 2483 825 2521 ‘Caeculto‚
850 2481 905 2520 ἆμ-

208 2533 427 2572 βλυόττω,ἐῑ
443 2535 491 2564 ita
503 2533 589 2563 forte
607 2538 736 2564 rectum
753 2541 826 2563 esse
845 2541 904 2571 pu—

209 2585 298 2615 tavit
313 2584 464 2621 Vossius,
481 2593 579 2624 quern
597 2593 663 2613 non
679 2592 813 2623 sequor,
829 2591 903 2612 nam

210 2644 230 2665 a
245 2636 254 2653 ‘
267 2634 380 2674 caeco,’
394 2634 404 2651 ‘
417 2632 583 2672 caecutio,'
602 2638 639 2664 ut
662 2635 670 2650 ¹
687 2633 810 2674 audio,'
827 2633 836 2650 ‘
851 2641 906 2664 au·

211 2684 308 2725 dlto,'
328 2689 336 2703 ‘
352 2683 531 2717 ausculto!
555 2684 652 2715 Idem.

997 1126 1012 1149 ἕ
1036 1121 1195 1152 Numnam
1210 1119 1303 1160 mihi]
1333 1118 1403 1149 Hic
1418 1126 1532 1148 versus
1546 1116 1647 1147 Plau-

954 1172 979 1203 ti
996 1177 1049 1203 est
1066 1181 1107 1202 ex
1131 1171 1259 1202 amissis
1276 1170 1349 1210 ejus
1367 1167 1554 1205 comoediis,
1570 1176 1650 1207 qua-

953 1233 1024 1254 rum
1040 1222 1140 1253 etiam
1159 1231 1277 1253 nomen
1293 1220 1516 1251 desideratur.
1542 1219 1637 1249 Idem.

994 1271 1009 1292 ¹¹
1035 1273 1175 1304 Coeculus
1189 1272 1322 1303 concidit
1336 1269 1459 1309 Praen.]
1472 1270 1567 1309 Virg.
1582 1277 1617 1298 vr
1627 1276 1650 1298 ι.

952 1323 1084 1354 AEneid.
1107 1325 1116 1340 ‘
1136 1323 1210 1354 Nec
1241 1322 1463 1353 Praenestinae
1491 1319 1651 1350 fundator

953 1372 1062 1404 defuit
1080 1372 1346 1407 urbis‚Vulcano
1357 1371 1507 1411 genitum
1524 1377 1651 1410 pecora

954 1427 1043 1458 inter
1070 1425 1218 1465 agrestia
1247 1434 1371 1463 regem,
1398 1422 1650 1461 Inventumque

953 1476 1037 1507 focis
1052 1477 1160 1507 omnis
1184 1485 1282 1516 quem
1306 1472 1450 1505 credidit
1466 1476 1563 1510 aetas,
1578 1471 1652 1502 Cae-

957 1527 1075 1559 culus.'
1120 1527 1189 1558 Ubi
1219 1525 1380 1557 Servius:
1406 1523 1586 1555 ‘Caecnlus
1616 1521 1653 1552 fr-

955 1578 1018 1609 lius
1041 1577 1185 1609 Vulcani
1208 1577 1256 1608 sic
1282 1575 1392 1606 dictus
1409 1573 1499 1615 quod
1516 1572 1654 1604 minori-

955 1628 1018 1659 bus
1032 1628 1138 1659 oculis
1155 1627 1270 1667 fuerit,
1293 1636 1391 1668 quam
1407 1634 1476 1656 rem
1494 1624 1654 1664 frequen-

957 1684 1010 1709 ter
1026 1677 1133 1709 efficit
1149 1676 1272 1709 fumus.
1317 1676 1385 1707 Hic
1409 1675 1555 1706 collecta
1569 1673 1655 1703 mul·

958 1728 1118 1767 titudine,
1142 1732 1320 1768 postquam
1347 1726 1404 1756 diu
1429 1723 1653 1755 latrocinatus

958 1783 1050 1809 esset
1061 1777 1309 1808 Praenestinam
1320 1775 1494 1807 civitatem
1512 1773 1546 1804 in
1563 1781 1655 1803 mon—

959 1828 1046 1858 tibus
1063 1826 1242 1867 con‹lidit,'
1258 1828 1322 1856 ἃς.
1346 1826 1392 1856 Et
1407 1824 1513 1855 Solin.
1530 1832 1606 1862 cap.
1623 1825 1657 1853 8.

959 1879 968 1895 ‘
985 1878 1178 1915 Praeneste,
1197 1882 1234 1908 ut
1259 1875 1458 1907 Zenodotus
1488 1872 1608 1912 refert,
1637 1883 1656 1903 a

957 1928 1138 1959 Praeneste
1150 1928 1281 1967 Ulyssis
1295 1931 1435 1967 nepote,
1452 1923 1561 1955 Latini
1575 1922 1658 1962 filio,

958 1983 1027 2019 aut,
1042 1979 1077 2008 ut
1092 1977 1295 2008 Praenestini
1311 1981 1433 2007 sonant
1446 1974 1537 2013 libri,
1549 1983 1566 2003 a
1580 1974 1655 2003 Cae-

956 2029 1032 2059 culo
1050 2036 1148 2068 quem
1167 2028 1270 2066 juxta
1293 2026 1386 2065 ignes
1403 2023 1546 2054 fortuito
1562 2023 1655 2053 inve-

956 2082 1092 2113 nerunt.
1106 2082 1145 2108 ut
1161 2076 1250 2108 fama
1265 2081 1330 2116 est,
1348 2074 1551 2114 Digitiorum
1566 2083 1658 2104 soro-

958 2127 1036 2159 res.’
1059 2127 1159 2158 Idem.

1003 2178 1011 2199 ³
1036 2179 1125 2210 Unde
1162 2180 1275 2218 putant
1312 2174 1469 2214 Caecz'lios]
1517 2172 1658 2205 Caecilia

959 2239 1041 2271 gens
1055 2229 1201 2270 plebeia,
1213 2228 1431 2259 Metellorum
1456 2229 1657 2265 cognomen—

960 2286 994 2311 to
1015 2280 1119 2318 clara,
1141 2288 1159 2310 e
1175 2279 1357 2309 Praeneste
1388 2275 1544 2314 oriunda,
1574 2278 1656 2314 puta

958 2341 978 2362 a
995 2331 1144 2362 Caeculo.
1189 2329 1257 2360 Alii
1286 2339 1305 2359 a
1322 2328 1480 2360 caecitate
1502 2324 1658 2357 Caecilios

960 2382 1071 2413 dictos
1088 2385 1220 2422 putant.
1246 2380 1344 2411 Idem.

1004 2430 1018 2452 k
1044 2432 1165 2462 Coecum
1182 2429 1312 2471 vallum]
1338 2426 1488 2459 Occulta
1512 2423 1656 2455 munitio

962 2491 1004 2512 ex
1022 2481 1205 2521 praeacutis
1224 2481 1255 2510 in
1273 2487 1402 2510 summo
1419 2475 1513 2507 vallis
1530 2474 1597 2504 alte
1617 2483 1655 2503 ac

960 2531 1066 2562 dense
1092 2530 1220 2570 stipata
1243 2529 1276 2559 in
1292 2528 1390 2558 humo
1416 2523 1582 2565 depactis,
1602 2531 1659 2553 eo-

961 2591 1034 2612 rum
1051 2580 1183 2611 modice
1207 2577 1419 2619 prominente
1443 2572 1598 2614 cuspide,
1615 2581 1655 2603 ac

961 2641 1001 2663 ea
1032 2630 1208 2661 frondibus
1236 2633 1294 2659 aut
1322 2624 1476 2665 virgultis
1493 2622 1655 2661 obducta,

962 2690 1027 2722 qua
1045 2679 1222 2712 transituri
1239 2681 1317 2709 sunt
1332 2675 1461 2714 hostes,
1479 2674 1534 2715 qui
1552 2682 1586 2704 se
1608 2672 1654 2702 la-
