1835 2906
212 149 268 188 ἕο
697 160 748 188 Μ.
779 159 953 190 VERRn
991 161 1163 190 FLAccr

835 300 953 342 LIB.
976 301 1033 342 V.

271 400 439 441 SALVA
464 414 521 440 res
538 406 609 450 est,
626 399 720 440 dum
738 399 863 440 saltat
879 414 1007 450 senex,
1027 413 1160 454 quare
1176 401 1359 454 parasiti
1377 400 1597 454 Apollinis
1611 402 1655 442 in

219 481 355 509 scena
384 468 605 518 dictitent,
638 481 821 511 causam
842 467 1028 509 Verrius
1058 468 1104 508 in
1132 468 1246 509 libro
1273 468 1441 521 quinto,
1472 481 1656 522 quorum

215 536 355 588 prima
376 539 445 576 est
476 535 513 575 P
533 535 676 584 litera,
695 534 897 575 reddidit.
958 533 1089 584 Quod
1108 534 1159 575 C.
1181 535 1397 588 Sulpicio,
1420 534 1472 575 C.
1494 535 1656 577 Fulvio

215 600 500 652 Consulibus,
531 604 608 642 &c-
671 600 732 642 At
758 601 803 642 in
835 601 918 643 hoc
948 601 1064 643 libro
1094 602 1223 642 refert
1253 602 1393 643 Sinnii
1425 601 1658 655 Capitonis

214 669 364 717 verba,
403 671 482 710 διο.
543 668 689 719 Quam
730 670 1069 711 inconstantiam
1106 668 1250 710 Verrii
1280 670 1418 710 nostri
1448 682 1536 710 non
1568 669 1658 710 sine

216 736 371 776 rubore
395 736 551 777 retuli.³

812 815 930 855 LIB.
951 814 1036 855 VI.

700 983 963 1025 INCERTI
996 984 1187 1026 LIBRI.

274 1101 666 1144 BELMTUDlNEM
691 1104 803 1144 sicut
830 1103 1176 1156 magnitudinem
1200 1104 1380 1146 Verrius
1415 1103 1548 1158 (alias
1570 1102 1661 1143 Va-

215 1171 307 1218 rus)
326 1169 466 1210 dixit.t

271 1236 508 1290 Impetum,
548 1237 825 1288 industrium,
862 1239 1155 1292 indulgentem
1196 1239 1375 1292 perinde
1413 1238 1662 1292 composita

213 1304 275 1345 ait
288 1303 485 1353 Verrius,
505 1308 640 1357 atque
657 1307 864 1358 impunis,
879 1310 920 1348 et
940 1306 1144 1348 immunis
1162 1320 1171 1348 :
1194 1307 1300 1347 mihi
1322 1319 1407 1348 non
1429 1306 1540 1346 satis
1563 1317 1661 1358 per-

214 1371 406 1412 suadet.u

273 1439 534 1491 Mamphula
564 1441 814 1492 appellatur
846 1441 972 1494 panis
1006 1440 1177 1494 Syriaci
1197 1453 1348 1494 genus,
1370 1439 1504 1493 quod,
1533 1441 1580 1479 ut
1600 1438 1664 1479 ait

215 1505 416 1556 Verrius,
438 1508 481 1547 in
502 1506 676 1547 clibano
696 1510 810 1556 ante,
839 1521 969 1561 quam
992 1513 1298 1561 percoquatur,
1320 1506 1486 1548 decidit
1505 1505 1549 1546 in
1570 1517 1664 1546 car-

212 1574 362 1623 bones,
385 1575 675 1627 cineremque,
694 1576 791 1615 &cy

273 1640 417 1681 Mater
440 1641 632 1691 Matuta,
666 1655 835 1691 maneS‚
867 1655 1008 1693 mane,
1031 1643 1372 1692 matrimonium,
1395 1641 1664 1683 materfami-

214 1707 301 1756 liae,
341 1710 588 1757 matertera,
621 1709 838 1759 matrices,
872 1709 1066 1750 materiae
1101 1710 1232 1750 dictae
1266 1709 1486 1758 videntur,
1518 1713 1566 1749 ut
1599 1707 1664 1748 ait

214 1773 413 1823 Verrius,
436 1776 542 1827 quia
561 1776 648 1815 sint
669 1777 795 1824 bona,
816 1777 921 1816 810.w

272 1840 490 1881 Matronae
512 1854 537 1881 a
554 1842 882 1893 magistratibus
903 1855 988 1883 non
1012 1844 1416 1891 summovebantur,
1431 1844 1509 1882 διο.
1531 1853 1663 1895 quam

216 1909 273 1948 ob
295 1920 476 1948 causam
497 1908 560 1949 ait
586 1906 768 1948 Verrius
800 1922 924 1962 neque
949 1922 1088 1948 earum
1107 1909 1214 1949 viros
1236 1911 1439 1950 sedentes
1460 1922 1558 1950 cum
1580 1921 1663 1949 ux-

215 1976 364 2015 oribus
385 1974 429 2014 in
451 1974 668 2025 vehiculo,
692 1975 956 2016 descendere
971 1981 1156 2016 coactos.'‘

273 2041 529 2082 Mendicum
550 2041 638 2082 dici
657 2041 836 2083 Verrius
856 2047 981 2096 putat
1002 2056 1028 2083 a
1049 2047 1190 2084 mente
1213 2042 1324 2096 ejus,
1343 2055 1471 2095 quem
1494 2041 1662 2082 fefelle-

214 2108 271 2147 rit
290 2107 495 2148 fortuna:
533 2108 600 2148 vel
633 2109 753 2162 quod
781 2113 978 2162 precetur
999 2123 1231 2162 quemque,
1259 2113 1305 2150 ut
1337 2109 1438 2150 vitae
1459 2121 1552 2149 suae
1574 2122 1662 2149 me-

215 2174 364 2214 deatur
385 2175 517 2215 cibo.y

270 2240 575 2293 Metaphoram
600 2255 731 2295 quam
749 2242 898 2285 Graeci
920 2246 1095 2291 vocant,
1113 2253 1195 2283 nos
1217 2242 1507 2291 tralationem,
1521 2242 1564 2282 id
1578 2246 1660 2292 est,

214 2306 342 2346 domo
364 2311 607 2349 mutuatum
631 2310 821 2359 verbum,
843 2324 931 2364 quo
953 2310 1129 2358 utimur,
1151 2308 1303 2361 inquit,
1324 2307 1522 2358 Verrius,
1542 2311 1620 2349 διο.

269 2372 477 2413 Naucum
499 2375 560 2415 ait
582 2374 741 2416 Ateius
765 2376 1026 2430 Philologus
1050 2376 1155 2429 poni
1179 2388 1256 2428 pro
1278 2375 1417 2427 nugis,
1438 2377 1516 2416 &c.
1550 2375 1659 2425 Qui-

253 2500 262 2514 ⁵
288 2496 338 2525 Ex
355 2496 471 2537 Festo,
488 2497 590 2527 verbo
608 2498 709 2529 Salva
726 2507 778 2528 res
798 2502 861 2529 est.
1004 2504 1022 2517 W
1047 2499 1097 2528 Ex
1115 2498 1189 2529 eod.

254 2547 262 2564 ¹
285 2546 336 2576 Ex
354 2547 456 2578 Festo
475 2548 525 2578 vel
542 2548 661 2580 Paulo.
1003 2553 1018 2567 Χ
1039 2550 1089 2579 Ex
1107 2550 1209 2580 Festo
1225 2553 1261 2580 et
1277 2549 1396 2579 Panlo.

255 2601 267 2614 ¹¹
296 2595 342 2625 Ex
361 2597 435 2627 eod.
1002 2605 1014 2624 v
1040 2600 1091 2630 Ex
1108 2600 1182 2631 eod.
1201 2604 1283 2630 utet
1300 2604 1416 2630 cetera
1433 2599 1556 2631 omnia.

256 2650 263 2663 ⁸
292 2645 342 2675 Ex
360 2647 433 2677 eod.
