1835 2906
432 135 495 164 DE
530 130 804 163 VERBORUM
840 126 1251 159 StGNlFch‘rloNE
1286 125 1379 156 LIB.
1414 126 1463 155 X.

1590 113 1676 154 359

227 232 313 274 Liti
343 230 558 273 cecidisse
576 229 608 254 ¹⁸
627 234 643 250 Χ
663 227 836 277 dicitur,
856 225 930 280 qui
951 223 1049 278 ejus
1071 223 1147 272 rei,
1180 222 1235 263 de
1255 234 1345 276 qua
1374 221 1549 274 agebat,
1575 232 1678 261 cau-

284 313 380 341 sam
403 298 567 340 amisit.

227 368 383 409 Lituus
399 372 415 395 y
438 365 691 419 appellatus
706 367 789 411 est,
803 360 923 415 quod
945 360 1034 401 litis
1056 359 1113 400 sit
1132 358 1285 399 testis:
1317 361 1387 398 est
1403 356 1518 397 enim
1539 367 1678 409 genus

281 434 484 476 buccinae
504 434 713 481 incurvae,
736 442 825 484 quo
849 428 926 482 qui
944 426 1171 474 cecinerit,
1191 425 1351 466 dicitur
1371 425 1534 466 liticen.

1594 423 1681 464 En-

283 503 383 543 nius
402 515 411 544 :
439 501 548 543 Inde
566 500 656 542 loci
672 500 810 541 lituus
831 496 1001 538 sonitus
1021 493 1206 536 effundit
1219 499 1252 525 ¹9
1284 497 1457 534 acutos.

228 570 559 620 Lixabundus,2
579 570 659 610 iter
678 568 813 608 libere
834 578 887 606 ac
908 564 1079 619 prolixe
1099 562 1280 604 faciens.

228 639 390 689 Lixae,a
427 638 503 692 qui
546 636 785 677 exercitum
824 637 1066 685 sequuntur
1104 634 1307 685 quaestus
1341 628 1508 683 gratia:
1559 626 1683 676 dicti,

286 706 407 762 quod
446 710 575 746 extra
606 703 806 745 ordinem
842 701 933 742 sint
967 700 1153 749 militiae,
1192 698 1347 751 eisque
1377 697 1526 746 liceat,
1560 695 1684 749 quod

284 775 492 816 libuerit:
524 773 599 813 alii
632 784 713 812 eos
752 783 778 811 a
819 769 959 810 Licha
1000 768 1252 822 appellatos
1288 766 1454 814 dicunt,
1485 763 1602 818 quod
1644 768 1688 803 et

286 843 363 884 ille
399 841 644 883 Herculem
677 840 733 880 sit
761 843 967 879 secutus:
998 836 1177 890 quidam
1210 849 1237 877 a
1267 832 1509 888 liguriendo
1540 844 1686 885 quaes-

287 917 396 952 tum.

232 976 512 1026 LOGATUM,¹’
534 976 740 1029 positum.

232 1045 530 1099 Locupletes‚‘³
551 1044 746 1084 locorum
775 1042 1008 1082 multorum
1030 1040 1213 1080 domini.

231 1110 496 1155 Loebesumd
517 1116 562 1153 et
579 1112 856 1153 loebertatem
879 1109 1048 1162 antiqui
1070 1108 1277 1149 dicebant
1291 1106 1476 1147 liberum
1497 1101 1688 1144 etliber-

290 1186 451 1222 tatem:
484 1181 545 1221 ita
567 1179 715 1220 Graeci
729 1179 837 1229 λοιβὴ
856 1182 902 1218 et
923 1175 1054 1227 λείβω.

849 1308 969 1321 “eece

276 1403 316 1431 18
340 1399 393 1431 Αι.
410 1399 594 1431 Lina-19
619 1398 674 1428 Αι.
688 1397 811 1439 effudit.

971 1308 1088 1321 oooooo

888 1528 1032 1561 NOTAE

232 1620 342 1650 Varro
359 1617 448 1659 apud
466 1616 612 1649 Nonium
627 1616 659 1646 in
680 1625 762 1647 voce
775 1619 785 1633 ‘
803 1614 933 1647 lutavi.'

232 1671 241 1687 ‘
260 1669 379 1701 Habes
395 1668 466 1708 qui,
481 1671 517 1698 et
543 1667 637 1707 cujus
662 1666 709 1697 rei
725 1675 827 1696 causa
842 1665 933 1696 fece—

233 1720 294 1751 rim
310 1717 547 1756 hecatomben,
563 1717 597 1747 in
614 1726 679 1757 quo
695 1725 770 1756 ego,
782 1722 818 1747 ut
836 1721 932 1756 puto,
943 1740 953 1748 .

232 1771 389 1814 quoniam
415 1775 469 1801 est
494 1770 602 1808 luere,
629 1769 774 1805 solvere,
805 1767 934 1799 lutavi.’

234 1822 376 1863 Optime
389 1820 494 1861 igitur
507 1820 629 1851 Festus
641 1819 777 1860 litatum,
788 1820 933 1859 solutum,

233 1874 241 1889 ‘
255 1874 333 1904 Deo
343 1870 507 1903 deditum’
524 1872 792 1910 interpretatur:
810 1880 885 1902 nam
897 1875 932 1901 et

233 1924 312 1956 inde
352 1923 445 1954 litare
480 1922 514 1953 in
544 1921 717 1954 sacrificiis
747 1923 933 1963 καλλιερεῖν.

234 1975 332 2006 Idem.

276 2030 291 2045 ¹
318 2025 385 2056 Lici
401 2023 559 2064 cecidisse]
582 2022 652 2053 Liri
669 2032 729 2063 pro
745 2024 811 2054 lite.
832 2024 841 2040 ‘
860 2024 932 2054 Lite

234 2075 378 2119 cadere'
400 2075 543 2114 dictum,
565 2078 602 2104 ut
625 2075 634 2091 ‘
655 2083 758 2104 causa
787 2073 932 2105 cadere!

236 2127 333 2158 Idem.

276 2183 289 2204 5
313 2176 441 2216 Lituus]
474 2175 572 2207 Tuba
602 2176 743 2206 incurva
769 2176 930 2216 Equitum

234 2229 383 2268 propria,
402 2228 449 2258 ita
467 2226 572 2267 dicta,
588 2236 654 2257 non
678 2235 696 2256 a
721 2226 789 2265 lite,
807 2233 843 2257 ut
861 2227 932 2258 vult

235 2278 371 2317 Festus,
391 2277 449 2308 sed
477 2287 497 2308 a
523 2277 646 2308 Graeco
677 2276 777 2316 λιτὸς,
809 2278 932 2317 tenuis,

235 2333 366 2360 acutus.
390 2328 480 2359 Litui
498 2329 586 2359 euim
610 2332 729 2359 acinus
744 2333 796 2359 est
818 2338 932 2360 sonus.

235 2380 334 2411 Idem.

277 2436 290 2451 2
324 2429 544 2469 Lixabundus]
605 2428 735 2459 Glossae
784 2429 931 2460 Isidori:

235 2483 246 2499 ‘
263 2480 481 2513 Lixabundus
513 2479 675 2516 ambulat,
696 2478 753 2519 qui
779 2480 931 2520 volupta-

236 2533 279 2564 tis
293 2542 395 2564 causa
411 2528 587 2562 ambulat.'
609 2529 677 2559 Jos.
693 2528 776 2559 Scal-

279 2587 293 2602 ὃ
318 2581 427 2621 Liaeoe]
452 2580 574 2611 Potius
603 2589 622 2609 a
650 2580 708 2619 lix,
734 2589 833 2621 aqua,
857 2581 935 2621 quia

237 2642 351 2664 corum
369 2641 487 2662 munus
504 2634 578 2660 erat
594 2639 716 2671 aquam
741 2629 830 2661 ferre
850 2631 933 2662 mili-

239 2683 339 2714 tibus.
374 2682 438 2712 Vcl
458 2690 474 2712 a
491 2680 630 2720 lia-ando,
652 2679 841 2720 coquendo,
858 2681 935 2721 qnia

988 1613 1082 1646 cibos
1098 1609 1293 1652 coquebant
1309 1607 1486 1640 militibus.
1510 1607 1593 1638 Dae.

1031 1666 1043 1683 ¹¹
1070 1661 1236 1702 Locatum]
1264 1661 1404 1699 Locare,
1420 1667 1558 1699 ponere.
1593 1656 1691 1698 Virg.

987 1715 997 1732 ‘
1016 1714 1251 1747 Fundamenta
1262 1712 1378 1742 locant
1395 1707 1475 1740 alii)
1499 1707 1595 1738 Idem.

1029 1770 1042 1785 θ
1066 1761 1262 1804 Locupletes]
1287 1759 1447 1801 Proprie,
1474 1758 1530 1800 qui
1555 1758 1643 1797 locis,
1658 1757 1692 1788 id

987 1820 1055 1855 est,
1069 1814 1170 1854 agris,
1187 1811 1277 1853 pleni
1294 1815 1384 1841 sunt.
1433 1809 1523 1839 Plin.
1539 1809 1563 1840 1.
1581 1817 1693 1838 xvm.

987 1876 1064 1906 cap.
1088 1868 1120 1896 3.
1157 1864 1167 1880 ‘
1186 1861 1392 1902 Locupletes
1423 1858 1585 1890 dicebant
1612 1859 1694 1899 loci,

987 1917 1050 1949 hoc
1065 1920 1130 1955 est,
1147 1913 1218 1953 agri
1235 1910 1381 1953 plenos!
1406 1909 1435 1941 A
1454 1911 1558 1941 locus:
1570 1910 1618 1941 ita
1635 1919 1692 1940 an-

987 1968 1073 2009 tiqui
1088 1975 1207 2007 agrum
1221 1962 1394 1999 dicebant,
1407 1966 1442 1992 et
1456 1961 1522 2001 ples
1536 1961 1654 2001 plenus
1676 1969 1695 1990 a

984 2019 1064 2060 ple0.
1090 2015 1190 2047 Unde
1211 2014 1334 2054 impleo.
1358 2011 1467 2042 Idem.

1030 2069 1043 2090 d
1069 2068 1246 2108 Loebesum]
1278 2066 1327 2096 Ut
1353 2074 1396 2095 ex
1421 2064 1545 2095 Graeco
1576 2071 1692 2092 exem-

987 2121 1043 2161 plo
1070 2124 1226 2160 apparet,
1253 2125 1301 2147 OE
1331 2124 1393 2155 pro
1425 2123 1461 2145 Ει
1491 2117 1691 2153 usurpatum

987 2170 1104 2209 fuisse,
1135 2168 1275 2199 dicebat
1306 2165 1452 2197 fortasse
1483 2164 1691 2202 Pompeius:

987 2224 1102 2263 itaque
1133 2219 1305 2256 Loebesum,
1332 2225 1393 2257 pro
1419 2215 1593 2252 Leibesmn,
1619 2214 1691 2244 sive

989 2274 1165 2312 Leiberum,
1182 2278 1218 2303 et
1235 2270 1443 2302 Loebertatem
1464 2276 1525 2308 pro
1547 2266 1691 2297 teiberta-

988 2330 1049 2358 tem
1072 2323 1287 2357 scribebant:
1313 2326 1431 2362 postea
1456 2318 1632 2358 Lefflerum,
1655 2322 1691 2348 et

987 2377 1210 2414 Leibertatem‚
1239 2374 1280 2405 ad
1311 2378 1501 2403 extremum
1533 2369 1692 2408 Liberum,

988 2433 1023 2459 et
1040 2428 1243 2458 Libertatem.
1290 2425 1396 2454 Extat
1413 2420 1502 2461 apud
1517 2429 1569 2451 ule
1586 2419 1689 2451 dena-

989 2478 1058 2508 rius
1075 2478 1112 2508 C.
1130 2475 1248 2512 Cassii,
1274 2474 1306 2503 in
1335 2482 1400 2513 quo
1426 2471 1588 2511 scriptum
1613 2476 1688 2501 est:

990 2535 1209 2559 LEmERTAs:
1244 2525 1292 2555 sic
1324 2524 1356 2554 in
1386 2522 1459 2553 aliis
1488 2521 1527 2552 T.
1560 2521 1687 2552 Demi.

991 2580 1029 2610 L.
1053 2579 1211 2610 ΟΡΕιΜι.
1237 2575 1278 2606 C.
1301 2575 1486 2605 Sssuvfflu.
1524 2571 1608 2604 Quis
1631 2582 1687 2602 au-

991 2636 1058 2661 tem
1076 2639 1151 2659 usus
1167 2626 1271 2658 fuerit
1288 2625 1386 2665 hujus
1407 2622 1607 2664 diphthongi
1630 2621 1688 2652 do-

991 2680 1061 2711 cuit
1088 2678 1236 2710 Lucilius
1262 2676 1348 2717 apud
1379 2674 1639 2712 Quintilianum,
1657 2677 1688 2702 et
