1835 2906
219 147 303 189 132

671 157 819 190 SEX'PI
853 158 1055 190 POMPEII
1089 159 1225 191 FESTI
1271 205 1276 207 α

224 252 453 306 Calpurnii
469 257 485 281 ‘1
519 265 546 294 a
564 252 707 308 Calpo
731 255 893 297 Numae
915 256 1029 308 regis
1052 254 1144 296 filio
1166 259 1268 297 sunt
1284 255 1464 297 oriundi.

219 320 440 369 Camara,¹‘
470 326 514 363 et
540 324 703 364 camuri
719 324 868 374 boves,
897 336 924 364 a
954 323 1226 373 curvatione,
1250 336 1306 364 ex
1329 323 1488 365 Graeco
1520 325 1665 376 καμπὴ,

280 387 498 429 dicuntur.

220 454 413 496 Camelis
434 454 698 508 Virginibus
715 462 727 478 ³
758 458 1004 511 supplicare
1025 463 1230 512 nupturae
1254 458 1398 500 solitae
1420 461 1552 499 erant.

218 522 425 564 Camenae
442 523 454 545 t
480 536 620 564 musae
641 536 668 564 a
686 524 949 566 carminibus
981 530 1079 567 sunt
1100 526 1247 575 dictae,
1269 525 1341 565 vel
1359 525 1476 578 quod
1499 529 1665 565 canunt

870 667 1015 698 NOTAE

215 751 326 790 ipsum
356 751 436 782 vini.
479 751 588 783 Varro
626 752 714 792 apud
753 753 912 785 Nonium.

214 800 285 830 Jos.
301 800 383 831 Scal-

261 852 393 892 Calpar]
416 851 564 890 Dolium,
596 862 654 883 vas
686 852 864 891 vinarium,
894 862 913 882 a

215 902 340 934 Gra=co
352 903 457 940 κάλπη
470 914 478 941 ;
494 908 531 934 ut
544 903 586 934 ab
596 905 679 944 aula,
690 906 788 935 aular.
813 905 913 935 Post-

213 960 256 982 ea
274 952 389 993 Calpur
412 954 637 993 metonymice
659 963 719 994 pro
747 955 819 993 ipso
836 955 913 985 vino

214 1006 359 1032 sumtum
378 1001 442 1033 fuit
464 1003 562 1032 Varr.
586 1002 643 1033 lib.
663 1012 685 1033 1.
710 1003 751 1032 de
769 1004 840 1033 vita
857 1013 913 1043 po·

213 1052 285 1092 puli
304 1052 400 1083 Rom.
423 1052 433 1069 ‘
450 1052 549 1085 Quod
563 1058 744 1094 antequam
761 1053 840 1084 dolii
855 1064 911 1084 no-

211 1110 289 1132 men
316 1102 484 1142 prolatum
513 1108 615 1143 esset,
641 1113 717 1134 cum
749 1103 782 1133 id
808 1112 913 1143 genus

212 1161 367 1183 vasorum
393 1154 508 1194 calpar
532 1154 719 1193 diceretur,
742 1153 775 1184 id
801 1154 912 1184 vinum

213 1203 331 1243 calpar
341 1203 572 1243 appellatum?
597 1204 750 1235 Glossar.
766 1204 776 1221 ‘
791 1204 915 1242 calcar,

211 1252 312 1284 θυσίαι
345 1254 494 1293 ἀπαρχῶν
529 1254 630 1285 οἴνου]
661 1254 752 1293 Lege
789 1255 912 1294 culpor.-

211 1304 306 1344 item,
335 1305 344 1321 ‘
362 1305 490 1344 calpar‚
514 1303 593 1336 οἶνος
622 1306 655 1336 ἐν
681 1304 791 1345 θυσίᾳ.’
835 1303 913 1335 Cal-

211 1364 275 1395 par
300 1358 412 1386 autem
428 1355 505 1387 Jovi
530 1355 683 1386 libabant
706 1354 801 1386 festis
818 1355 908 1386 vina-

210 1404 312 1444 libus,
344 1405 538 1445 priusquam
566 1410 756 1445 gustarent,
783 1405 910 1446 quippe

210 1454 245 1484 ni
276 1455 325 1486 ita
349 1453 520 1493 fecissent,
547 1456 713 1496 reliquum
739 1464 837 1485 omne
861 1455 908 1485 vi-

209 1512 287 1534 num
303 1513 433 1535 sacrum
450 1503 555 1536 fiebat
577 1510 611 1536 et
628 1506 741 1536 usibus
757 1506 908 1536 humanis

210 1554 433 1594 eripiebatur,
449 1560 486 1586 ut
510 1556 638 1596 optime
662 1557 790 1587 monuit
806 1557 909 1588 Scali-

209 1613 269 1643 ger
292 1604 326 1634 in
341 1605 571 1645 conjectaneis
588 1606 629 1636 ad
646 1607 742 1637 Varr.
787 1607 908 1648 Itaque

208 1662 285 1684 cum
310 1655 427 1694 calpar
452 1655 615 1690 libabant,
639 1655 795 1686 inferium
812 1666 910 1688 voca-

178 1703 182 1705 ’
209 1703 305 1743 bant,
323 1704 413 1745 quod
439 1706 544 1736 solum
570 1704 752 1736 inferretur
771 1706 820 1737 his
837 1717 909 1738 ver-

207 1753 279 1784 bis:
311 1755 442 1785 MACTE
479 1764 596 1786 nocer:
630 1765 719 1787 vino
758 1765 909 1789 {NFERIO

208 1813 305 1835 Es'ro.
352 1806 396 1836 Et
406 1806 468 1836 hoc
483 1806 656 1845 praecipue
670 1806 847 1838 dicebatur
863 1807 905 1838 de

207 1855 285 1884 vino
313 1853 435 1885 diffuso
460 1859 495 1885 et
519 1854 655 1886 doliari:
682 1865 757 1887 nam
780 1857 904 1898 alioqui

206 1903 249 1934 de
267 1904 387 1935 eodem
404 1908 515 1935 musto
540 1904 703 1940 libabant,
721 1906 779 1936 sed
798 1907 830 1936 id
855 1917 903 1937 sa-

205 1954 304 1985 crima
330 1954 527 1993 vocabatur,
557 1960 676 1995 postea
701 1966 800 1995 quain
832 1957 902 1996 pol-

203 2004 362 2036 luxerant
377 2015 433 2036 eas
449 2004 695 2044 confectiones,
712 2016 786 2047 qua),
805 2017 900 2038 voca-

204 2054 290 2085 bant
319 2053 520 2089 suffimenta,
551 2065 592 2086 ex
623 2054 714 2094 faba,
743 2057 902 2098 milioque

204 2105 336 2144 molito,
361 2105 469 2136 mulso
494 2115 624 2146 sparso,
650 2116 724 2147 qua¹
756 2107 832 2137 Diis
862 2117 901 2138 co

204 2158 357 2195 tempore
382 2154 552 2186 dabantur
571 2165 637 2196 quo
660 2166 734 2187 uvae
762 2157 900 2188 calcata*

205 2205 299 2243 prelo
327 2204 587 2245 premebantur;
611 2206 778 2246 quomodo
803 2212 837 2237 et
869 2208 902 2237 in

204 2254 382 2286 frumentis
398 2265 532 2296 quoque
549 2255 637 2296 quod
655 2256 810 2287 sacrificii
827 2266 902 2288 cau-

204 2314 241 2335 sa
250 2310 326 2336 ante
340 2306 619 2345 praemetebatur,
629 2316 837 2346 praemessum,
849 2308 902 2338 vel

201 2355 404 2394 proemetium,
417 2356 649 2395 appellabant.
677 2357 837 2387 Ceterum
851 2357 900 2397 ip-

204 2413 243 2438 sa
266 2404 357 2435 festa
374 2405 496 2436 vinalia
513 2405 774 2437 Atheniensibus
797 2408 899 2438 etiam

203 2454 387 2493 celebrata,
409 2455 465 2495 qui
484 2460 519 2486 et
543 2457 617 2496 ipsa
639 2457 807 2487 vocabant
833 2459 900 2487 πιθ-

203 2504 316 2543 οιγίαν,
354 2504 442 2545 quod
472 2515 490 2536 e
520 2506 608 2537 dolio
641 2507 716 2537 vina
743 2507 899 2547 libarent,

202 2555 398 2596 priusquam
415 2555 492 2585 inde
506 2557 685 2597 quicquam
697 2562 898 2595 gustassent.

202 2604 377 2634 Plutarch.
390 2605 614 2644 111.Symp0s.
632 2607 772 2637 Fiebant
786 2614 898 2639 autem

202 2654 257 2685 die
275 2654 450 2686 undecima
466 2657 587 2687 mensis
605 2657 760 2697 Augusti,
780 2663 814 2689 et
827 2664 895 2691 tum

202 2705 296 2736 Deos
329 2705 567 2746 precabantur,
600 2712 634 2738 ut
662 2718 701 2738 ea
732 2708 894 2740 libatione

967 753 1132 792 contenti,
1149 753 1267 794 reliqui
1285 752 1352 782 vini
1370 760 1464 781 usum
1482 750 1547 782 illis
1572 750 1666 781 inno-

966 807 1100 833 centem
1116 802 1356 833 concederent.
1372 802 1452 832 Dac-

1009 858 1023 877 ‘1
1050 852 1226 892 Calpurnii]
1263 853 1418 882 Lucanus
1448 850 1480 880 in
1509 850 1664 891 Panegy-

967 901 1037 931 rico
1068 901 1109 931 ad
1138 902 1318 932 Pisonem:
1345 905 1353 917 ‘
1371 900 1445 930 hinc
1475 904 1543 936 tua,
1571 901 1666 939 Piso,

968 951 1151 990 Nobilitas,
1175 951 1365 991 veterisque
1387 949 1495 980 citant
1512 949 1667 980 sublimia

969 1001 1064 1041 Calpi
1079 1001 1234 1038 Nomina,
1246 1002 1413 1032 Romanas
1430 1000 1519 1031 inter
1535 999 1667 1040 fulgen-

969 1052 1016 1082 tia
1032 1051 1176 1091 gentes.'
1199 1052 1268 1082 Jos.
1284 1051 1368 1082 Scal-

1013 1101 1191 1141 Calpurnii]
1215 1101 1243 1132 A
1265 1101 1372 1141 Calpo
1386 1100 1507 1132 Numae
1520 1099 1587 1131 filio
1601 1100 1666 1131 ori-

966 1153 1078 1192 ginem
1095 1153 1228 1183 duxisse
1240 1151 1357 1182 scribit
1370 1151 1471 1182 etiam
1486 1151 1663 1182 Plutarch.

964 1202 998 1233 in
1026 1202 1148 1233 Numa.
1196 1203 1303 1233 Vetus
1329 1200 1467 1232 Horatii
1496 1200 1663 1240 interpres

953 1253 1088 1284 *Numae
1114 1251 1218 1283 filium
1249 1252 1365 1292 Calpur
1389 1260 1456 1282 non
1476 1251 1589 1290 Calpas
1610 1260 1667 1281 vo-

964 1307 1031 1334 cat.
1047 1303 1127 1334 Duc.

1004 1357 1017 1373 ¹
1040 1352 1190 1392 Camara]
1215 1352 1304 1383 Vide
1328 1352 1459 1383 incerta
1480 1352 1594 1384 Verrii
1620 1362 1661 1384 ex

963 1404 1126 1435 Charis'io.
1149 1405 1228 1435 Ant.
1244 1403 1330 1443 Aug.

1009 1453 1157 1494 Cumara]
1203 1453 1234 1484 A
1272 1454 1395 1484 Graeco
1431 1452 1562 1493 καμάρα.
1609 1453 1662 1483 Ex

961 1505 1024 1536 hoc
1045 1505 1122 1536 loco
1139 1504 1332 1535 Charisius:
1361 1504 1370 1521 ‘
1390 1505 1532 1535 Camaroe
1548 1502 1663 1534 dicun-

963 1561 1029 1596 tur,
1045 1560 1083 1587 ut
1099 1556 1240 1587 Verrius
1256 1556 1398 1586 Flaccus
1422 1553 1579 1590 affirmat,
1594 1562 1661 1584 non

962 1616 1090 1638 cameroe
1106 1616 1167 1647 per
1187 1608 1226 1637 E.
1270 1605 1337 1637 Sed
1363 1605 1557 1641 Lucretius,
1583 1610 1661 1635 ‘ca-

963 1666 1133 1698 mera‘que
1150 1656 1287 1687 caminis
1309 1665 1350 1686 ex
1369 1655 1541 1694 cratibus,’
1557 1654 1660 1685 etiam

963 1716 1130 1738 cameram
1147 1706 1214 1737 dici
1229 1715 1325 1746 posse
1339 1705 1499 1736 ostendit.
1532 1705 1579 1736 At
1596 1704 1660 1735 Ca—

962 1757 1046 1788 meri
1070 1757 1171 1788 boves
1196 1761 1285 1795 sunt,
1303 1759 1340 1786 ut
1363 1755 1411 1786 ait
1434 1754 1580 1789 Servius,
1603 1754 1660 1795 qui

963 1818 1126 1839 conversa
1159 1807 1340 1838 introrsum
1368 1815 1494 1837 cornua
1522 1804 1659 1839 habent,

961 1858 1082 1899 quibus
1111 1858 1273 1889 contrarii
1304 1856 1423 1898 patuli,
1447 1855 1504 1896 qui
1534 1864 1660 1886 cornua

961 1908 1096 1938 diversa
1126 1908 1273 1945 habent,
1298 1914 1505 1947 quorumque
1533 1914 1659 1936 cornua

959 1962 1084 1988 terram
1103 1961 1275 1997 spectant,
1290 1957 1339 1987 his
1364 1955 1523 1987 contrarii
1550 1955 1656 1986 Licini

959 2007 1015 2047 qui
1040 2017 1168 2038 sursum
1196 2016 1326 2038 versum
1356 2015 1483 2037 cornua
1508 2004 1658 2036 habent!

959 2058 1111 2087 Cumurus
1135 2067 1153 2087 a
1174 2057 1296 2087 Graeco
1322 2055 1496 2093 καμπύλος,
1521 2064 1656 2091 curvus,

957 2107 1085 2147 rejecto
1100 2119 1135 2150 π,
1151 2111 1185 2137 et
1201 2112 1223 2136 λ
1239 2116 1334 2137 verso
1348 2107 1379 2136 in
1397 2118 1425 2146 ρ.
1472 2105 1617 2137 Quidam
1635 2115 1654 2136 a

955 2166 1074 2188 camera
1090 2157 1156 2187 dici
1175 2161 1297 2197 putant
1313 2167 1322 2194 ;
1347 2161 1382 2187 et
1398 2156 1487 2187 idem
1506 2157 1654 2188 sensisse

959 2207 1094 2238 videtur
1121 2208 1317 2247 Erythraeus
1347 2216 1421 2238 cum
1449 2207 1584 2237 dubitat
1612 2216 1653 2237 an

956 2268 1094 2288 eumerus
1119 2259 1341 2299 velcumurus
1372 2257 1414 2288 sit
1440 2257 1652 2288 scribendum

957 2309 1046 2348 apud
1086 2308 1203 2349 Virgil.
1240 2309 1272 2338 in
1312 2308 1438 2347 Gcorg.
1473 2311 1481 2323 ‘
1499 2306 1652 2338 Camuris

957 2359 1051 2389 hirtae
1070 2359 1131 2389 sub
1149 2359 1305 2389 cornibus
1321 2356 1442 2388 aures.'
1466 2357 1546 2387 Dae.

997 2413 1008 2427 Β
1026 2409 1158 2438 Camelis
1172 2407 1367 2447 Virginibus]
1384 2406 1547 2445 Γαμηλίαις
1559 2408 1652 2446 θεαῖς,

957 2459 1090 2489 Camele's
1111 2469 1171 2499 pro
1190 2459 1338 2489 Gamelis.
1384 2457 1470 2488 Nam
1490 2457 1520 2486 G
1537 2458 1649 2496 serpis-

953 2510 1035 2540 sime
1054 2514 1204 2541 mutatur
1227 2510 1259 2540 in
1276 2510 1321 2546 C;
1346 2514 1500 2548 utsupra
1517 2508 1549 2537 in
1569 2517 1649 2538 voce

954 2561 962 2576 ‘
978 2560 1127 2590 acitare.'
1153 2561 1251 2592 Idem.

999 2612 1005 2629 ¹
1029 2610 1186 2650 Camenoe]
1209 2609 1239 2640 A
1255 2607 1472 2646 carminibus,
1490 2617 1564 2637 nam
1582 2608 1648 2647 pri-

953 2669 1006 2690 mo
1028 2670 1178 2690 cusmenoe
1201 2659 1301 2690 dictae
1325 2663 1414 2697 suut,
1441 2664 1559 2697 postca
1581 2668 1649 2688 cm·-

951 2721 1056 2745 menoe,
1088 2716 1124 2742 ut
1152 2708 1334 2745 ‘casmcu,’
1363 2708 1544 2740 ‘carmem’
1571 2708 1645 2737 (sus-
