1835 2906
214 142 299 184 114

646 153 794 184 SEX'rx
830 152 1030 183 POMPEH
1067 152 1205 184 FESTI

216 249 591 300 BtssnioTHEcAE‚
605 253 650 291 et
666 247 785 302 apud
803 246 989 290 Graecos
1005 253 1050 289 et
1071 247 1188 302 apud
1207 247 1411 298 Latinos,
1425 251 1516 289 tam
1531 247 1663 289 libro-

271 329 368 358 rum
397 329 580 369 magnus
613 330 691 370 per
722 329 769 357 se
799 328 1023 366 numerus,
1044 328 1178 370 quam
1205 316 1333 356 locus
1361 317 1473 369 ipse,
1507 316 1551 357 in
1573 328 1661 369 quo

272 384 370 425 libri
393 384 601 425 collocati
622 389 739 434 sunt,
761 383 1054 438 appellantur.

216 449 446 493 Bidentali
466 453 669 494 dicebant
687 451 913 506 quoddam
938 451 1170 506 templum,
1191 451 1311 505 quod
1336 451 1380 492 in
1401 463 1454 491 eo
1475 449 1664 491 bidenti-

867 575 1009 608 NOTAE

216 637 434 678 deminuitur‚
455 638 545 670 unde
569 638 642 679 des,
657 640 776 676 dessis,
799 639 912 672 dictus

215 687 360 728 primum
375 688 608 728 aVeteribus;
623 694 659 720 et
674 689 748 721 haec
763 694 815 720 est
833 699 914 721 vera

215 737 320 778 etymi
336 738 435 770 ratio.
479 739 591 770 Varro
610 740 643 770 in
660 740 914 771 enumeratione

215 787 298 818 assis
328 789 487 828 partium,
510 794 688 830 postquam
713 789 755 820 ad
778 794 914 829 septun-

215 846 287 868 cem
300 838 478 878 pervenit:
496 839 505 855 ‘
522 838 687 879 Reliqua‚'
698 839 821 879 inquit,
834 840 843 856 ‘
856 839 916 869 ob·

215 887 376 927 scut-ima,
394 887 481 927 quod
498 897 516 918 a
532 888 787 921 deminutione:
812 894 847 919 et
864 898 915 925 ea,

214 946 290 977 quae
308 937 562 977 deminuuntur,
577 938 625 969 ita
639 942 717 969 sunt
742 943 778 970 ut
803 943 915 970 extre-

213 995 286 1016 mas
311 987 457 1027 syllabas
483 988 654 1019 habeant.'
697 988 763 1019 Sed
796 989 914 1020 Festus

214 1035 358 1067 eandem
377 1037 471 1077 ponit
493 1038 733 1079 etymologiam
756 1038 789 1069 in
808 1038 916 1078 besse,

213 1096 313 1127 quam
339 1087 456 1118 Graeci
472 1088 505 1118 ἐν
529 1088 659 1129 διμοίρῳ.
706 1089 795 1120 Nam
813 1094 848 1120 et
870 1088 914 1119 δί-

212 1147 318 1175 μοιρον
341 1136 482 1178 dictum,
503 1138 591 1179 quod
617 1139 701 1170 duas
728 1138 915 1179 portiones,

212 1188 278 1218 hoc
309 1192 372 1222 est,
403 1188 486 1219 duos
514 1189 658 1220 trientes
687 1189 803 1220 habet.
847 1189 914 1221 Sed

215 1237 332 1270 Graeci
362 1239 397 1269 in
424 1239 508 1269 assis
534 1239 786 1274 distributione,
814 1248 914 1279 quam

213 1288 461 1329 posterioribus
488 1289 700 1330 temporibus
726 1289 915 1328 οἰνγκιασμὸν

214 1342 394 1373 vocarunt,
409 1339 508 1369 aliam
525 1339 689 1370 rationem
705 1344 912 1380 sequuntur:

213 1388 264 1419 ita
280 1389 369 1419 enim
391 1395 582 1425 numerant,
597 1394 634 1421 ut
657 1394 735 1430 post
754 1390 914 1421 trientem

214 1438 377 1479 adjiciant
405 1444 536 1471 tantum
561 1440 717 1471 unciam:
747 1446 786 1471 ut
810 1440 914 1470 triens

214 1489 326 1526 uncia,
351 1489 415 1521 hoc
433 1495 499 1529 est,
516 1491 708 1531 quincunx:
733 1490 834 1521 semis
855 1500 915 1520 un·

215 1539 280 1575 cia,
297 1540 359 1570 hoc
372 1544 438 1578 est,
451 1546 621 1581 septunx:
647 1541 771 1572 deinde
782 1541 855 1581 jam
870 1541 915 1572 al-

214 1593 288 1620 tero
315 1590 443 1621 triente
469 1590 574 1626 facto,
601 1600 700 1632 quem
729 1591 833 1630 μοῖρον
860 1601 916 1622 νο-

213 1644 304 1676 cant,
320 1638 451 1680 δίμοιρον
473 1639 602 1671 dicunt.
646 1640 702 1671 Ita
725 1646 837 1672 autem
854 1650 915 1671 nu-

212 1689 392 1720 merabant
415 1689 542 1721 ultimis
567 1690 799 1731 temporibus:
824 1691 915 1722 δωδέ-

214 1748 319 1770 κατον·
347 1738 448 1770 ἕκτον·
477 1739 637 1780 τέταρτον·
665 1739 780 1780 τρίτον·
810 1741 916 1781 τρίτον

214 1789 396 1820 δωδέκατον·
415 1789 518 1828 ἥμισυ’
546 1790 640 1827 ἥμισυ
663 1790 845 1822 δωδέκατον·
872 1791 916 1822 δί·

212 1848 328 1878 μοιρον·
339 1839 471 1879 δίμοιρον
479 1839 660 1871 δωδέκατον·
672 1840 802 1882 δίμοιρον
814 1841 916 1873 ἕκτον·

214 1888 346 1930 δίμοιρον
379 1889 539 1931 τέταρτον·
568 1889 671 1930 λίτρα.
715 1892 794 1922 Tria
824 1893 914 1923 enim

213 1945 344 1971 tantum
371 1941 426 1972 hic
451 1941 596 1972 variant.
633 1940 769 1971 Primus
794 1942 913 1981 triens,

212 1990 271 2031 qui
284 1990 429 2030 simplici
444 1991 638 2022 accessione
650 1991 820 2022 unciarum
838 2000 914 2031 pro-

212 2040 376 2080 greditur.
402 2040 501 2072 Alter
517 2040 622 2072 triens
638 2041 844 2080 compositus
860 2042 913 2073 vel

213 2100 256 2121 ex
271 2099 307 2121 se
323 2095 357 2121 et
373 2091 485 2130 uncia,
502 2092 553 2121 vel
571 2100 613 2122 ex
637 2091 777 2122 semisse
793 2095 828 2122 et
853 2101 913 2122 un-

213 2139 279 2170 cia.
322 2140 460 2171 Tertius
474 2140 589 2178 triens,
604 2140 658 2181 qui
673 2149 715 2170 ex
731 2149 767 2171 se
781 2145 816 2171 et
832 2150 913 2180 aug-

211 2195 329 2220 mento
346 2189 521 2220 unciarum
537 2190 746 2230 compositus
762 2194 828 2221 est.
868 2191 913 2222 Et

212 2238 337 2269 iterum
354 2240 483 2279 repetit
506 2239 660 2270 ordinem
687 2241 785 2280 primi
809 2241 913 2272 trien-

213 2288 272 2327 tis,
300 2289 410 2327 uncia,
436 2294 588 2329 sextans,
614 2290 794 2330 quadram.
826 2291 915 2322 Nam

215 2346 252 2368 se
276 2339 449 2377 componit
472 2348 548 2369 cum
568 2339 631 2369 illis
648 2339 819 2380 besuncia,
843 2340 919 2372 bes-

215 2392 366 2427 sextans,
383 2387 627 2428 besquadrans.
672 2390 721 2422 Ut
737 2400 802 2422 non
821 2391 919 2423 dubi-

213 2436 281 2467 tari
305 2436 423 2475 possit,
439 2447 543 2477 quare
569 2437 699 2479 δίμοιρον
722 2440 834 2471 Graeci
858 2451 915 2471 vo-

212 2485 343 2517 carint:
375 2494 450 2516 cum
489 2494 625 2526 possent
660 2490 759 2521 aliter
790 2489 918 2531 facere,

213 2541 250 2567 et
273 2545 293 2566 a
319 2535 426 2566 tribus
447 2537 689 2576 quadrantibus
711 2540 911 2572 dodrantem

213 2586 343 2626 potius,
374 2596 473 2627 quam
504 2597 524 2618 a
560 2588 689 2621 duobus
729 2591 910 2624 trientibus

212 2637 357 2668 bessem.
380 2637 449 2667 Jos.
466 2637 547 2668 Scal.

256 2686 454 2728 ίΒὶάεηίαἰ]
480 2686 601 2729 Apage
631 2690 674 2721 sis
704 2691 760 2722 illa
792 2692 907 2730 verba,

964 640 1116 681 quoddam
1152 639 1309 678 templum⁴
1362 636 1543 677 Nunquam
1575 635 1664 666 enirn

967 689 1182 721 doctissimus
1197 690 1320 720 Festus
1334 697 1374 718 ea
1384 686 1531 726 scripsit.
1553 685 1666 716 Verba

968 745 1046 771 suut
1061 739 1197 771 barbari
1215 737 1429 769 mutilatoris.
1475 737 1596 767 Festus
1619 736 1667 766 ita

969 790 1105 830 scripsit
1119 800 1127 820 ε
1152 789 1303 820 Bidental
1316 789 1472 825 dicebant,
1485 788 1564 827 quod
1579 787 1613 817 in
1632 796 1666 816 eo

969 840 1144 871 bidentibus
1163 841 1273 871 hostiis
1296 840 1535 881 sacrificaretur.
1581 838 1666 871 Quis

970 890 1059 920 enim
1083 891 1191 920 nescit
1217 889 1375 920 Bidental
1402 897 1532 919 omnem
1557 888 1667 919 locum

969 948 1056 975 esse,
1073 940 1129 980 qui
1156 939 1198 970 de
1225 941 1310 970 coelo
1328 944 1438 970 tactus
1462 939 1533 969 est?
1578 939 1669 969 Tan-

969 994 1041 1021 tum
1056 990 1164 1025 abest,
1181 995 1218 1021 ut
1239 990 1400 1030 templum
1418 989 1584 1020 duntaxat
1600 988 1669 1019 dici

968 1039 1106 1071 debeat.
1152 1040 1318 1071 Glossarii
1341 1045 1459 1071 auctor
1489 1043 1582 1070 recte
1611 1048 1668 1069 ex·

970 1091 1099 1130 posuit:
1125 1092 1134 1108 ‘
1149 1089 1425 1130 Bidental‚·rbvros
1437 1087 1669 1129 κεραυνόπληξ.’

970 1139 1059 1172 Quin
1084 1140 1223 1171 Persius
1241 1141 1348 1181 ipsum
1371 1140 1539 1171 hominem
1562 1151 1669 1179 κεραυ-

969 1192 1113 1230 νοπλῆγα
1132 1191 1268 1222 bidental
1283 1194 1404 1221 vocat:
1430 1194 1437 1207 ⁴
1451 1190 1561 1221 Triste
1571 1190 1669 1229 jaces

970 1241 1069 1280 lucis,
1086 1240 1350 1281 evitandumque
1367 1239 1543 1270 bidental.’
1567 1239 1670 1269 Arte-

968 1291 1118 1323 midorus
1139 1292 1224 1322 libro
1241 1301 1282 1323 11.
1306 1292 1322 1321 ὁ
1338 1290 1480 1330 κεραυνὸς
1499 1289 1540 1320 τὰ
1565 1289 1669 1327 ἄσημα

968 1343 1030 1373 τῶν
1045 1342 1164 1382 χωρίων
1176 1342 1313 1381 ἐπίσημα
1322 1343 1403 1372 ποιεῖ
1411 1340 1460 1372 διὰ
1470 1339 1541 1371 τοὺς
1557 1341 1668 1379 ἐνιδρυ-

968 1392 1075 1431 μένους
1100 1391 1232 1431 βωμοὺς,
1254 1391 1305 1423 καὶ
1326 1391 1383 1422 τὰς
1407 1392 1440 1421 ἐν
1461 1390 1564 1422 αὐτοῖς
1582 1401 1669 1428 ’γινο-

967 1442 1061 1482 μένας
1094 1443 1211 1474 θυσίας.
1258 1445 1309 1474 De
1346 1441 1550 1473 Bidentibus
1589 1440 1669 1471 alibi

969 1494 1114 1524 diximus
1151 1494 1184 1524 iu
1223 1492 1476 1533 Conjectaneis.
1529 1491 1670 1522 Glossa-

971 1543 1077 1574 rium:
1110 1545 1119 1561 ‘
1140 1543 1312 1581 Bidentis,
1340 1542 1441 1578 διετὴς
1473 1541 1529 1581 ὄϊς,
1559 1540 1670 1581 ὅροντα

970 1593 1134 1634 πρόβατα.’
1159 1594 1247 1634 lege,
1273 1592 1413 1623 διόδοντα
1434 1591 1586 1631 πρόβατα.
1609 1592 1670 1621 Bi-

969 1646 1086 1685 dentes‚
1099 1643 1148 1675 ἐπὶ
1162 1646 1224 1675 τῶν
1233 1642 1407 1684 προβάτων,
1417 1642 1466 1673 διὰ
1477 1642 1514 1672 τὸ
1529 1641 1670 1672 διόδοντα

969 1692 1055 1725 εἶναι.
1100 1695 1216 1726 Graeci
1239 1693 1389 1724 bidental
1413 1696 1537 1723 vocant
1560 1691 1670 1729 ἐνηλύ.

970 1754 1048 1775 σιον.
1092 1744 1221 1775 Glossae
1235 1743 1447 1780 Graecorurn,
1457 1741 1616 1780 ἐνηλύσια,
1630 1741 1671 1773 τὰ

970 1794 1230 1835 κατασκηφθέντα
1255 1793 1365 1833 χωρία.
1412 1793 1502 1824 Nam
1532 1792 1671 1830 σκηπτὸς

970 1844 1097 1885 fulgur.
1127 1845 1237 1875 Porro
1254 1844 1296 1874 de
1314 1842 1519 1873 Bidentibus
1536 1843 1670 1874 abunde

968 1894 1114 1925 diximus
1145 1894 1177 1924 in
1209 1893 1458 1933 Conjectaueis.
1501 1892 1668 1924 Bidentes

969 1950 1060 1979 sunt,
1078 1952 1158 1983 quas
1173 1942 1334 1981 μετάσσας
1358 1942 1528 1973 Homerus
1547 1947 1669 1974 vocat:

968 2003 1045 2034 quae
1064 2003 1173 2034 neque
1191 2003 1286 2033 agnae
1304 1998 1393 2027 sunt,
1411 1992 1487 2032 quia
1505 1992 1570 2023 illae
1588 2002 1668 2023 non-

968 2044 1048 2074 dum
1076 2044 1198 2074 dentes
1223 2043 1418 2081 ediderunt,
1453 2051 1563 2082 neque
1589 2042 1666 2073 ada—

967 2094 1040 2133 siae,
1058 2093 1224 2133 quiajam
1247 2093 1445 2132 ejecerunt:
1470 2101 1488 2121 a
1511 2101 1578 2132 quo
1602 2098 1667 2123 λει-

965 2142 1165 2181 πογνώμονας
1180 2151 1260 2173 oves
1277 2142 1405 2173 vetulas
1424 2146 1546 2172 vocant
1569 2142 1667 2173 Grae-

966 2192 1009 2224 ci.
1030 2193 1097 2223 Jos.
1115 2192 1198 2223 Scal.

1009 2241 1176 2281 Bidental]
1205 2241 1214 2257 ‘
1233 2241 1341 2272 Locus
1367 2250 1464 2272 sacro
1491 2242 1667 2280 perculsus

964 2291 1117 2331 fulmine,
1140 2290 1197 2333 qui
1222 2291 1359 2322 bidente
1386 2291 1429 2321 ab
1453 2291 1665 2331 aruspicibus

965 2348 1197 2382 consecratur,
1213 2351 1311 2382 quem
1326 2342 1457 2372 calcare
1480 2341 1573 2372 nefas
1589 2342 1666 2372 est!

965 2393 1073 2423 Vetus
1088 2393 1260 2432 interpres
1278 2391 1388 2423 Persii
1405 2402 1412 2420 ι
1443 2396 1451 2408 ¹
1470 2391 1628 2422 Bidental
1646 2402 1666 2422 a

965 2442 1116 2477 bidente,
1138 2441 1226 2483 quod
1244 2441 1438 2473 bidentibus
1462 2442 1581 2472 ovibus
1607 2451 1666 2473 ex·

966 2491 1148 2531 piabatur!
1192 2492 1344 2532 Scaliger
1367 2492 1439 2522 liaec
1461 2491 1529 2521 duo
1547 2491 1664 2531 verba,

965 2543 1115 2581 quoddam
1134 2543 1290 2583 templum,
1307 2541 1399 2582 quasi
1416 2540 1547 2571 barbari
1565 2542 1662 2571 muti-

964 2591 1082 2623 latoris
1106 2593 1247 2632 respuit,
1264 2591 1353 2632 quod
1376 2590 1513 2621 bidental
1533 2588 1662 2620 dicere-

962 2645 1017 2672 tur
1033 2642 1141 2683 quivis
1159 2643 1250 2673 locus
1266 2640 1308 2671 de
1324 2640 1408 2672 coelo
1423 2644 1543 2670 tactus.
1590 2639 1659 2671 Sed

960 2691 1085 2724 frustra
1101 2696 1153 2724 est
1167 2691 1328 2731 Scaliger.
1374 2689 1461 2721 Nam
1485 2698 1559 2721 cum
1577 2699 1594 2720 a
1612 2689 1659 2721 bi-
