1835 2906
358 156 419 185 DE
455 156 726 186 VERBORUM
764 153 1172 185 SIGNIFICATIONE
1209 155 1300 184 LlB.
1334 156 1406 185 11¹.

1523 146 1607 187 127

161 251 365 293 Caedem¹
396 257 558 306 putant
589 265 647 294 ex
678 251 839 293 Graeco
873 250 976 300 dici,
1006 249 1125 302 quod
1152 250 1268 303 apud
1302 251 1403 292 illos
1426 250 1572 291 κτείνειν
1594 257 1605 274 ¹

219 320 435 373 signifieat
453 321 710 361 interficere.

160 388 341 429 Caedere
355 393 380 409 ¹¹¹
403 402 429 429 a
446 388 657 429 caedendo
681 387 862 428 dictum.

162 457 361 498 Caeditiae
382 458 608 498 tabernae¹‘
638 456 681 496 in
702 455 777 496 via
809 453 964 507 Appia
986 468 1013 495 a
1031 453 1194 495 domini
1216 454 1390 494 nomine
1413 459 1516 494 sunt
1532 467 1608 495 vo-

218 530 347 565 catae.

160 591 375 633 Caelassis
391 597 407 614 ⁰
429 592 677 634 caelaveris.

161 659 373 701 Caelestia
394 660 578 712 auguria
599 661 776 708 vocant,
799 671 899 699 cum
919 658 1133 707 fulminat,
1156 660 1232 698 aut
1252 659 1392 697 tonat.

163 726 378 769 Caelibem
395 734 412 758 p
450 728 615 768 dictum
649 727 921 776 existimant,
958 726 1073 780 quod
1111 725 1288 777 dignam
1324 725 1436 766 caelo
1473 725 1612 767 vitam

220 799 334 847 agat.

162 862 334 912 Caella,q
353 861 470 916 quod
491 875 545 902 ea
566 862 791 911 caelentur,
813 875 913 915 quae
935 861 1135 901 volumus
1157 873 1256 901 esse
1279 859 1470 902 occulta.

161 930 300 971 Caena
316 935 328 951 Γ
351 929 469 983 apud
487 931 690 983 antiquos
710 930 953 978 dicebatur,
977 928 1098 981 quod
1120 941 1238 969 nunc
1259 932 1326 969 est
1343 928 1593 981 prandium.

219 997 466 1051 Vesperna,
485 997 601 1051 quod
623 1010 736 1038 nunc
758 1010 924 1038 caenam
947 996 1243 1050 appellamus.

766 1116 886 1128 ooooo

888 1115 1009 1127 utut

206 1184 221 1212 1
248 1181 314 1215 Alii
331 1182 521 1215 καίνειν.--2
546 1182 615 1215 Alii
630 1185 735 1216 cedere
750 1194 768 1215 α
784 1185 918 1215 cadendo
934 1184 1065 1215 dictum.

812 1279 955 1312 NOTAE

161 1353 310 1385 tentibus
354 1354 491 1395 spiculis
536 1355 687 1386 induant.
747 1355 861 1386 Caesar

160 1405 218 1436 lib.
236 1414 259 1435 ι.
286 1404 365 1436 belli
382 1406 512 1436 civilis:
544 1406 554 1422 ‘
572 1405 758 1437 Caesariani
775 1406 861 1436 mili-

161 1459 211 1485 tes
243 1455 360 1495 positis
394 1457 508 1496 scalis,
531 1456 717 1487 Brundusii
747 1465 859 1487 muros

162 1505 362 1544 ascendunt,
378 1505 436 1536 sed
455 1506 575 1536 moniti
592 1516 609 1536 a
624 1505 862 1546 Brundusium,

162 1561 198 1585 ut
223 1555 347 1586 vallum
364 1565 491 1587 caecum
508 1555 686 1597 fossasque
703 1562 861 1597 caveant,

160 1605 360 1645 subsistunt,
374 1610 409 1638 et
424 1607 524 1647 longo
538 1607 660 1638 itinere
677 1607 719 1638 ab
743 1608 782 1638 iis
800 1608 865 1638 cir-

161 1655 334 1687 cumducti
373 1657 415 1687 ad
452 1662 589 1698 portum
635 1657 866 1698 perveniunt.'

161 1704 260 1735 Idem.

204 1754 211 1774 ¹
238 1755 376 1796 Caedem]
403 1756 431 1786 A
461 1758 561 1795 coedo,
587 1756 677 1797 quod
707 1766 726 1787 a
754 1756 860 1792 καίνω,

162 1804 295 1840 occido,
326 1805 416 1837 unde
441 1811 476 1837 et
501 1807 590 1837 cnido
607 1806 749 1848 Antiqui
772 1808 862 1839 dice-

163 1855 259 1886 bant.
283 1855 383 1886 Idem.

203 1909 226 1924 ¹¹¹
252 1905 394 1946 Caedere]
418 1906 525 1947 Lege,
550 1907 667 1938 caedere
687 1917 705 1937 a
727 1908 863 1938 cadendo

161 1956 291 1994 dictum,
309 1960 347 1986 ut
363 1956 394 1986 in
411 1966 517 1997 marg.
538 1957 606 1988 Sed
624 1963 763 1998 etymon
780 1958 862 1988 illud

161 2007 257 2038 Festi
290 2006 413 2038 falsum
445 2013 507 2041 est.
565 2009 655 2040 Vide
687 2007 864 2040 ‘caedem-¹

161 2057 260 2089 Idem.

203 2113 218 2127 ¹²
244 2109 389 2139 Coedz'tz'oe
426 2109 579 2150 tabernae]
611 2110 662 2140 Ex
693 2109 861 2140 hocloco

159 2160 380 2200 Sipontinus:
406 2165 415 2178 ¹
431 2160 589 2192 Caeditiae
612 2160 766 2192 tabernae.
794 2170 860 2190 non

160 2220 179 2240 a
203 2210 368 2241 caedendo
384 2210 486 2241 dictae
503 2215 593 2246 sunt,
610 2210 669 2241 sed
691 2221 711 2241 a
735 2210 861 2241 domini

159 2261 294 2291 nomine
311 2260 368 2301 qui
380 2260 542 2291 Caeditius
553 2260 751 2296 vocabatur,
765 2270 784 2291 a
795 2270 861 2300 quo

160 2309 194 2339 in
213 2310 266 2340 via
292 2310 405 2350 Appia
428 2309 607 2341 aedificatae
634 2310 735 2341 sunt!
781 2310 860 2341 Non

161 2359 262 2399 longe
275 2360 315 2389 ab
330 2360 446 2390 eadem
463 2360 516 2391 via
529 2361 620 2392 circa
631 2361 791 2391 Vestinos
804 2361 861 2391 ali-

162 2409 239 2439 cubi
265 2418 402 2448 campus
421 2410 555 2441 nomine
573 2411 739 2451 Coeditius,
763 2412 861 2452 cujus

162 2459 316 2490 meminit
332 2459 424 2490 Plin.
446 2459 536 2491 unde
554 2462 702 2501 optimus
719 2472 834 2493 caseus
851 2473 860 2501 ς

163 2515 198 2541 et
221 2510 314 2541 circa
336 2510 526 2542 Sinuessam
551 2512 722 2543 Coeditz'am'
737 2513 860 2544 coloni.

162 2560 263 2591 Idem.

205 2614 219 2629 ⁰
245 2608 407 2649 Coelassis]
429 2610 625 2642 Caelaveris.
662 2612 671 2628 ‘
690 2610 860 2651 Caelasso‚’

164 2662 174 2677 ‘
188 2661 377 2696 caelaver03
392 2663 400 2678 ‘
414 2662 569 2701 amasso‚'
594 2663 603 2679 ‘
622 2662 801 2700 amavero,'
825 2668 860 2694 et

164 2710 299 2752 similia,
322 2721 419 2752 quam
445 2711 682 2744 formationem
702 2712 816 2744 Latini
842 2722 861 2743 a

916 1354 1046 1385 Graeeis
1072 1354 1227 1385 mutuati.
1286 1354 1337 1384 Ex
1369 1353 1501 1386 aoristis
1539 1355 1617 1386 snb-

910 1404 1072 1445 junctivi.
1099 1404 1197 1435 Idem.

958 1459 974 1480 P
999 1454 1161 1493 Coelibem]
1185 1453 1299 1494 Κοίλιψ
1316 1460 1378 1490 est,
1394 1454 1521 1486 Carens
1537 1465 1617 1486 con-

916 1506 1046 1544 cubitu,
1076 1510 1113 1536 ut
1152 1505 1285 1546 αἰγίλιψ,
1323 1507 1450 1537 Carens
1491 1507 1616 1547 capris,

914 1555 1074 1596 κερκόλιψ,
1103 1565 1222 1587 carens
1247 1556 1378 1588 cauda:
1403 1556 1504 1593 κείειν,
1524 1557 1618 1596 κοῖος,

914 1607 1003 1638 unde
1030 1606 1199 1646 ὀρεσκοΐος,
1226 1607 1258 1637 in
1287 1606 1458 1638 montibus
1480 1607 1619 1638 cubans.

916 1658 966 1688 Ea
984 1662 1036 1687 est
1054 1666 1133 1687 vera
1149 1657 1366 1697 etymologia.
1390 1657 1460 1687 Jos.
1477 1656 1560 1687 Scal-

962 1705 1125 1746 Caelibem]
1151 1706 1227 1737 Hoc
1255 1707 1347 1737 Festi
1375 1708 1522 1747 Etymon
1546 1708 1618 1738 vul-

916 1765 958 1796 go
992 1760 1170 1796 receptum
1191 1755 1282 1795 fnit;
1303 1766 1380 1787 nam
1404 1761 1439 1787 et
1464 1758 1619 1788 Donatus

917 1807 1007 1847 apud
1022 1807 1162 1838 Terent.
1187 1811 1195 1824 ‘
1208 1806 1377 1846 Roman&
1394 1807 1515 1848 inquit,
1529 1808 1537 1824 ‘
1552 1817 1619 1838 cae-

917 1858 1033 1896 libem,
1058 1858 1153 1898 quasi
1180 1857 1329 1889 coelitem
1362 1856 1505 1889 dicunt?
1548 1857 1619 1888 Sed

918 1912 1031 1938 tamen
1064 1907 1185 1938 falsum
1217 1913 1279 1940 est.
1339 1907 1428 1939 Nam
1459 1908 1566 1939 coelebs
1599 1918 1619 1938 a

919 1958 1056 1998 Graeco,
1067 1958 1183 1998 κοίλιψ,
1195 1958 1228 1989 id
1246 1963 1311 1999 est,
1324 1968 1443 1990 carens
1459 1959 1617 1990 concubi-

918 2013 968 2048 tu,
984 2014 1023 2040 ut
1039 2008 1173 2049 αἰγίλιψ,
1187 2019 1306 2041 carens
1317 2009 1443 2049 capris,
1456 2010 1617 2049 κερκόλιψ,

917 2069 1037 2090 carens
1061 2059 1183 2090 cauda·
1226 2058 1257 2090 A
1288 2058 1379 2090 κείειν
1404 2065 1457 2091 est
1479 2061 1571 2101 κοῖος,
1597 2070 1617 2091 a

918 2119 995 2150 quo,
1011 2114 1046 2140 et
1063 2109 1173 2149 λείπω,
1191 2108 1309 2149 κοίλιψ.
1334 2111 1416 2141 Dae.

958 2166 973 2186 ‘¹
999 2161 1113 2201 Coella]
1131 2161 1247 2192 Gloss.
1264 2162 1271 2177 ‘
1288 2160 1471 2191 Cellarium
1488 2164 1524 2191 et
1540 2161 1618 2192 Cel-

916 2210 1145 2246 laromarium,
1168 2208 1317 2248 ταμεῖον.’
1363 2210 1479 2250 Lege:
1515 2212 1616 2242 Cella-

914 2261 998 2291 rium
1020 2265 1051 2292 et
1077 2262 1193 2300 Cellar,
1219 2260 1392 2291 Omarz'um,
1437 2259 1616 2291 Omarium

916 2316 952 2342 et
979 2311 1174 2342 Aumatium
1201 2310 1388 2341 dicebatur.
1432 2311 1615 2342 Petronius

916 2361 1007 2401 apud
1040 2360 1282 2401 Fulgentium:
1329 2360 1389 2390 ‘in
1429 2360 1615 2391 aumatium

917 2416 1044 2442 memet
1058 2412 1168 2452 ipsum
1185 2409 1341 2450 conjeci!
1363 2409 1527 2441 Jos.Scal.

964 2463 1076 2503 Coella]
1110 2461 1138 2493 A
1171 2461 1336 2492 caelaudo.
1398 2461 1523 2492 Melius
1554 2471 1615 2502 pel·

918 2512 1061 2551 simplex
1079 2521 1114 2542 e.-
1138 2512 1216 2541 cella
1230 2511 1396 2542 acelando.
1422 2510 1511 2541 Dae.

959 2567 969 2583 f
985 2561 1095 2601 Cana]
1108 2562 1203 2593 Idem
1214 2562 1265 2592 in‘
1277 2562 1477 2602 prandium.’
1487 2563 1496 2579 ‘
1507 2562 1614 2594 Pran-

915 2612 1030 2649 dium,·
1046 2613 1166 2653 inquit,
1183 2617 1192 2630 ‘
1204 2622 1223 2643 a
1236 2612 1361 2644 Graeco
1382 2617 1436 2644 est
1461 2612 1612 2652 ‹iictum3

914 2672 990 2693 nain
1019 2662 1239 2693 meridianum
1263 2662 1375 2694 cibum
1399 2672 1529 2694 coenam
1556 2674 1611 2695 vo-

914 2713 1037 2744 cabant
1050 2724 1057 2743 :
1068 2712 1077 2726 '
1094 2717 1128 2745 et
1146 2713 1178 2744 in
1192 2722 1273 2745 voce
1289 2713 1298 2730 ‘
1310 2713 1472 2746 scensas!
1485 2715 1494 2732 ‘
1508 2715 1610 2746 Scen-
