1835 2906
361 147 421 175 υΕ
454 141 722 173 vunssoaum
759 138 1162 170 SiGNlFch'rloNE
1198 137 1288 166 [AB.
1323 137 1417 166 x11.
1543 126 1626 166 453

191 237 342 279 Naeniae
387 238 485 279 Dcae
525 236 735 278 sacellum
775 235 887 275 ultra
927 235 1097 286 portam
1135 227 1171 269 V
1173 229 1389 271 iminalem.
1464 228 1625 284 [FEST.

193 336 196 338 -
249 306 369 347 Nunc
390 312 548 346 tantam
569 303 688 344 habet
710 300 952 343 aedicutam.⁷

188 374 353 416 Naevia
367 372 500 414 silvai
521 372 784 425 dictajuxta
800 369 963 416 urbem,
982 365 1097 419 quod
1114 363 1259 405 Naevii
1276 363 1422 417 cujus-
1450 362 1626 417 [PAUL.

245 442 345 482 dam
366 440 527 481 sueritss

190 505 374 548 Naeviam
394 506 538 548 silvam
561 507 794 548 vocitatam
815 509 942 545 extra
959 501 972 524 k
995 499 1131 542 urbem
1168 497 1223 538 ad
1247 496 1423 537 milliare
1465 496 1626 550 [FEST.

244 579 453 629 quartum,
476 575 597 629 quod
630 572 780 614 Naevii
812 567 1026 623 cujusdam
1058 566 1115 607 ibi
1151 564 1289 605 domus
1304 562 1458 618 fuerit,
1492 577 1517 602 a
1552 575 1630 616 quo

243 656 418 683 nemora
450 642 612 683 Naevia
649 637 860 693 appellata
896 636 1016 676 etiam
1032 632 1182 689 faisse,
1207 629 1372 672 Verrius
1392 630 1467 679 ait,
1497 641 1632 681 quam

244 709 466 763 obprobrii
486 709 584 749 loeo
604 706 724 761 objici
743 704 795 746 ab
828 703 1007 759 antiquis
1034 701 1171 751 solere,
1194 699 1313 753 quod
1334 700 1378 740 in
1400 710 1452 738 ea
1472 695 1633 736 morari

245 774 479 816 adsuessent
494 773 648 828 perditi
667 788 712 813 ac
733 785 904 827 nequam
925 770 1126 818 leomineS‚
1146 768 1273 810 testis
1293 772 1360 808 est
1380 764 1444 805 M.
1462 761 1566 803 Cato
1589 761 1633 800 in

243 856 305 892 ea,
326 857 447 896 quam
465 841 622 896 scripsit
652 841 694 881 in
718 838 784 880 Μ.
806 839 998 881 Coelium
1034 838 1071 878 si
1106 850 1152 878 se
1184 832 1491 889 appellavisset,
1523 841 1635 869 orsus

245 909 389 949 iterum
411 923 437 950 a
456 913 582 963 porta
607 908 766 950 Naevia
787 911 920 960 atque
941 903 1083 945 exinde
1103 904 1146 944 in
1166 915 1328 944 nemora
1349 897 1494 939 Naevia
1516 912 1540 936 a
1562 894 1636 935 do-

245 991 307 1016 mo
324 976 469 1030 procul
491 975 661 1016 Naevia:
692 973 783 1015 inde
803 972 950 1013 dicunt
970 970 1239 1026 proverbium
1260 974 1401 1008 natum
1423 978 1499 1006 esse
1520 979 1544 1004 a
1566 962 1635 1003 do-

246 1059 306 1085 mo
332 1042 474 1084 Naevia
494 1043 603 1097 quod
618 1043 798 1084 refertur
820 1054 846 1081 a
867 1038 1055 1081 verrios>

786 1160 1025 1174 oeeoneeme

230 1243 248 1270 7
273 1241 311 1271 In
330 1240 380 1271 ed.
399 1240 488 1270 Scal.
506 1239 576 1269 haec
595 1238 644 1268 ita
659 1242 800 1268 extant:

229 1284 382 1314 PAULth.
402 1282 533 1312 Noeniae
551 1282 637 1311 Deae
656 1280 815 1311 sacellum
830 1285 929 1311 extra
942 1282 1075 1319 portani
1087 1273 1290 1307 Viminalem
1303 1271 1414 1302 fuerat
1426 1269 1633 1301 dementum.

192 1326 284 1355 Nunc
300 1329 420 1355 tantum
434 1324 523 1354 habet
537 1323 698 1355 edit-ulum.

230 1368 374 1398 FEs'rus.
400 1389 408 1397 .
433 1390 440 1397 .
467 1389 474 1397 .
500 1366 657 1396 sacellum
675 1365 765 1396 ultra
782 1369 911 1405 portam
936 1385 943 1393 .
968 1386 975 1394 .
1001 1384 1008 1392 .

403 1432 410 1440 .
436 1431 443 1438 .
468 1431 476 1440 .
500 1409 689 1439 aediculam.

230 1455 250 1482 8
274 1452 418 1484 Quidam
436 1451 493 1482 lib.
509 1452 694 1489 suerat.--9
718 1450 757 1480 In
774 1449 826 1480 ed.
844 1450 932 1480 Scal.
949 1448 1019 1479 ita:
1539 1480 1545 1487 .

232 1495 375 1525 Noen'am
390 1495 500 1524 silvam
518 1494 696 1524 vocitatam
713 1498 810 1522 extra
826 1491 931 1522 urbem
953 1492 993 1520 acl
1015 1489 1148 1520 milliare
1164 1493 1331 1529 quantum,
1355 1482 1442 1525 quod
1460 1481 1560 1512 naevri
1577 1490 1635 1512 cu-

179 1536 305 1574 jusdam
329 1537 372 1567 ibt
387 1538 493 1567 domus
509 1536 611 1573 fuerit
634 1545 652 1565 a
675 1545 733 1575 quo
756 1544 892 1565 nemora
913 1533 1051 1564 Naevius
1075 1534 1233 1573 appellata
1259 1530 1353 1561 etiam
1373 1527 1490 1564 fuisse,
1505 1524 1635 1555 Verrius

187 1579 234 1610 ait
260 1590 356 1620 quam
384 1580 427 1609 ob
453 1579 569 1619 probri
597 1578 670 1608 ioca
691 1577 783 1615 abjici
804 1577 842 1607 ab
863 1575 1001 1616 antiquis
1015 1576 1120 1613 solere,
1136 1573 1224 1615 qnod
1243 1574 1274 1603 in
1293 1581 1333 1602 ea
1357 1567 1479 1600 morari
1503 1565 1636 1614 .³‘¹?“⁴‘³.⁸·

187 1625 253 1652 sent
280 1623 396 1661 perditi
420 1632 456 1651 «w
479 1630 607 1660 nequam
635 1620 793 1650 homiues.
821 1620 916 1649 testis
942 1623 995 1648 est
1023 1618 1073 1648 M.
1104 1618 1183 1648 Cato
1211 1617 1243 1646 in
1269 1624 1304 1645 ea
1330 1621 1422 1652 quam
1448 1611 1573 1657 sempsit
1601 1616 1636 1655 ¹.ss

188 1664 238 1694 M.
256 1665 396 1695 Coeliuui
417 1665 444 1694 si
465 1673 500 1694 se
521 1663 751 1704 appellavisset
767 1671 869 1701 orsus,
884 1661 945 1692 iter
960 1670 1045 1691 eram
1061 1669 1080 1690 a
1096 1664 1193 1700 porta
1210 1656 1331 1689 Naevia
1347 1660 1448 1695 atque
1461 1660 1501 1682 ex
1516 1652 1587 1681 znde
1603 1658 1636 1680 zn

190 1716 324 1736 nemora.

233 1749 346 1779 Noevz'a
361 1758 379 1778 a
395 1749 480 1778 domo
496 1748 599 1787 procul
612 1747 726 1777 Naevia
737 1748 818 1777 uncle
834 1746 952 1777 dieunt
969 1744 1180 1786 proverbium
1197 1745 1304 1774 natum
1316 1749 1380 1772 esse
1391 1749 1410 1769 α
1422 1738 1507 1768 domo
1522 1733 1637 1766 Naevia

192 1792 270 1830 quod
288 1790 436 1821 refertur
454 1800 473 1821 a
488 1790 622 1821 Verrio.

235 1834 323 1865 Vide
352 1832 450 1864 infra.

845 1894 991 1926 NOTAE

233 1973 240 1992 i
265 1972 377 2002 Noevia
414 1970 509 2010 silva]
542 1970 651 2001 Varro
681 1969 740 2000 lib.
767 1978 814 1999 1v.
842 1968 885 1999 de
940 1969 1018 2009 quod
1045 1968 1079 1998 in
1110 1976 1145 1997 ea
1173 1964 1288 1996 morari
1308 1962 1486 1993 adsuessent
1522 1956 1639 1998 perditi

192 2024 318 2064 Lingua
336 2024 408 2054 Lat.
431 2027 439 2040 ‘
452 2021 609 2062 Sequitur
631 2027 728 2060 porta
754 2020 885 2060 Naevia,
940 2018 1085 2057 homines,
1100 2017 1186 2048 testis
1200 2017 1247 2046 est
1262 2013 1310 2044 M.
1329 2013 1407 2042 Cato
1423 2011 1455 2040 in
1469 2018 1505 2039 ea
1520 2008 1550 2037 in
1570 2006 1639 2036 Ca»-

190 2075 279 2115 qnod
295 2076 326 2105 iu
345 2073 537 2104 nemoribus
561 2071 701 2102 Naeviis.
746 2070 884 2101 Naevius
940 2071 1014 2101 lium
1025 2069 1052 2098 si
1068 2078 1100 2099 se
1114 2067 1317 2107 appellasset:
1341 2073 1360 2092 a
1383 2070 1442 2101 qua
1456 2059 1536 2089 silva
1551 2060 1641 2097 porta

190 2125 279 2154 enim
309 2124 394 2163 loca,
420 2123 476 2153 ubi
503 2132 543 2152 ea
566 2122 615 2152 sic
638 2119 886 2160 dicta,coluit.'
952 2119 1080 2150 Naevia:
1113 2121 1204 2156 atque
1233 2125 1268 2145 ea
1272 2133 1388 2146 ......
1401 2110 1486 2142 Quae
1521 2115 1641 2146 seque-

193 2174 244 2204 Ex
261 2174 309 2204 liis
327 2174 417 2204 Festi
440 2173 539 2203 rerba
556 2171 743 2210 intelliges:
768 2169 892 2201 refere-
947 2170 1068 2201 bantur
1097 2173 1227 2199 tantum
1274 2161 1471 2195 indicabant
1515 2157 1640 2188 Silvam

193 2224 294 2254 batur
313 2225 359 2254 M.
381 2224 520 2254 Catonis
545 2223 648 2260 locus,
665 2232 706 2252 ex
725 2221 891 2251 Oratione
949 2220 1115 2258 Naeviam,
1131 2227 1205 2258 quae
1222 2213 1397 2255 opprobrii
1413 2211 1486 2241 loco
1503 2206 1643 2247 objicie-

193 2274 227 2303 in
243 2273 383 2304 Coelium
402 2274 428 2303 si
443 2283 478 2303 se
492 2272 728 2313 appellaverit.
747 2271 891 2302 Prover-
947 2270 1059 2308 batur,
1074 2268 1207 2299 venisse
1224 2265 1256 2295 in
1285 2260 1511 2304 proverbium,
1537 2255 1640 2296 idque

193 2324 286 2355 bium
305 2328 429 2361 autem,
445 2323 533 2364 quod
552 2323 691 2353 Verrius
709 2321 891 2360 referebat,
946 2319 1162 2361 proverbium
1179 2316 1281 2346 etiam
1295 2313 1337 2344 ab
1358 2313 1432 2352 ipso
1448 2306 1572 2339 Verrio
1592 2313 1645 2335 re·

194 2374 323 2414 ignoro.
348 2373 425 2403 Ant.
441 2372 527 2411 Aug.
946 2370 1041 2401 ferri.
1064 2368 1226 2399 Jos.Scal.

238 2423 370 2463 Naevia]
408 2422 504 2452 Infra
543 2421 677 2452 omnino
715 2427 893 2452 succentu·
990 2420 1005 2439 k
1030 2418 1173 2449 Noevia'm
1200 2415 1312 2445 silvam
1340 2411 1505 2442 vocitatam
1533 2405 1639 2446 extra]

194 2474 350 2505 riandum
369 2474 437 2504 ita:
473 2473 618 2502 Naeviam
641 2472 752 2503 silvam
776 2473 892 2503 vocita-
947 2470 1078 2501 Naeviae
1104 2471 1213 2508 portae
1239 2468 1274 2495 et
1296 2462 1425 2494 Naeviae
1448 2459 1552 2499 sylvae
1575 2466 1644 2487 meu

196 2529 259 2556 tam
274 2528 366 2555 extra
389 2523 492 2553 urbem
507 2522 547 2552 ud
551 2542 674 2552 ......
689 2521 893 2552 milliarium.-
946 2519 1047 2550 miuit
1063 2518 1171 2548 Varro
1186 2515 1244 2546 lib.
1260 2522 1310 2544 ιν.
1335 2511 1377 2542 de
1391 2511 1428 2542 L.
1444 2509 1482 2540 L.
1503 2509 1513 2525 ⁴
1525 2505 1644 2547 Sequi-

196 2576 276 2614 quod
295 2574 400 2604 Noevii
419 2573 578 2611 cujusdam
594 2571 638 2602 ibi
658 2572 893 2609 domusfuerz'ae:
947 2575 1001 2600 tur
1018 2572 1118 2608 porta
1135 2565 1268 2603 Naevia,
1281 2561 1368 2603 quod
1395 2560 1429 2591 iu
1450 2556 1645 2590 nemoribus

196 2635 216 2653 α
245 2634 301 2663 quo
330 2633 453 2654 nemora
483 2622 596 2653 Noevia
619 2622 774 2661 appellata
791 2621 895 2659 fuisse
947 2619 1091 2652 Naeviis.
1138 2615 1277 2648 Naevius
1300 2613 1388 2645 enim
1413 2612 1500 2645 loca,
1525 2607 1580 2639 ubi
1604 2615 1646 2637 ea

198 2673 265 2703 uit.-
288 2683 376 2713 quam
396 2672 550 2712 obprobrii
586 2672 648 2701 laco
678 2671 769 2708 objici
790 2672 896 2710 solere,
950 2670 996 2701 sic
1024 2669 1129 2706 dicta,
1156 2664 1287 2698 coluit!
1335 2663 1446 2695 Livius
1472 2658 1644 2692 etiamlib0
