1835 2906
382 142 442 171 DE
478 139 750 170 VERBORUM
785 135 1191 167 SIGNIFICATIONE
1226 135 1317 164 [AB.
1352 135 1444 164 ΧΗ.

1531 122 1615 164 459

234 237 275 277 in
294 235 472 277 carmine
491 232 702 279 Saturnio,
721 231 828 288 quod
849 229 1006 286 quidem
1028 228 1140 268 duces
1162 228 1238 282 ipsi
1254 229 1444 270 consueti
1460 234 1551 267 sunt
1572 229 1615 267 z'n

234 301 391 342 tabellis
420 300 581 356 publice
598 314 761 355 ponere,
784 299 827 339 iu
852 312 928 354 quo
950 297 1283 337 nominabantur
1304 296 1372 351 qui
1394 294 1533 336 navali
1553 310 1616 335 co-

234 381 333 410 rona
357 368 495 409 donati
517 375 649 409 erant.

180 436 402 491 Nunquam
417 440 430 465 ⁵
456 435 628 489 ponitur
649 449 726 491 pro
744 434 865 475 nulla
886 440 1011 480 tenus,
1029 445 1104 486 pro
1120 444 1196 471 non
1220 431 1278 470 z'ta
1295 447 1306 468 :
1341 438 1375 470 ec
1399 444 1476 470 non
1497 430 1618 471 etiam

235 502 440 558 significat
461 508 512 544 ut
532 517 629 544 nec.

180 570 369 612 Navalis
382 575 396 591 ⁶
417 574 547 623 porta
566 583 592 611 a
613 569 777 610 vicinia
797 566 1019 608 navalium
1040 565 1177 606 dicta.

1441 564 1619 615 [PAUn.

181 635 355 677 Navalis
377 644 514 691 porca,
534 637 630 677 item
651 634 809 676 navalis
828 634 961 687 regio,
983 633 1154 674 videtur
1173 636 1346 685 utraque
1366 628 1419 669 ab
1454 630 1618 682 [FESTV.

238 704 445 744 navalium
465 703 616 744 vicinia
635 703 694 743 ita
716 702 935 756 appellata
952 698 1103 756 faisse.

180 770 370 812 Navalis
392 769 572 821 scribam¹
593 771 668 824 qui
699 771 743 811 in
777 781 889 810 nave
920 767 1179 821 apparebat,
1198 766 1309 806 inter
1341 765 1461 806 aliud
1485 777 1620 818 genus

236 838 477 880 scribarum
499 838 693 880 minimae
720 836 942 891 dignitatis
971 835 1234 876 habebatur:
1264 833 1385 887 quod
1415 831 1622 886 periculis

784 966 880 982 eoem
884 965 1019 978 meo

223 1047 241 1073 5
267 1044 351 1076 Ead.
367 1044 421 1076 ed.
441 1045 648 1085 Neumquam.

836 1151 975 1183 NOTAE

183 1233 241 1264 sed
259 1233 397 1263 civicam
414 1243 567 1273 agenere
584 1234 728 1265 humano
744 1235 878 1274 accepit

181 1282 279 1322 ipse.’
326 1282 420 1313 Idem
445 1283 503 1313 lib.
527 1293 596 1314 vn.
623 1292 698 1324 cap.
723 1286 776 1315 30.
800 1288 807 1301 ⁸
828 1284 877 1315 M.

182 1333 325 1363 Varroni
350 1333 496 1373 Magnus
524 1334 709 1373 Pompeius
733 1334 877 1374 piratico

182 1392 225 1413 ex
249 1383 335 1413 bello
351 1383 505 1414 navalem
526 1383 642 1415 dedit!
687 1385 739 1415 Ex
762 1384 812 1415 his
827 1385 877 1415 in-

182 1433 316 1474 telliges
335 1433 430 1464 Festi
447 1433 563 1472 verba,
581 1434 695 1474 paucis
716 1435 880 1475 exceptis,

181 1493 255 1524 quae
270 1484 368 1523 plane
383 1484 512 1524 ignoro.
544 1484 642 1515 Adde
660 1485 750 1516 Gell.
768 1485 827 1517 lib.
844 1495 880 1516 v.

181 1542 257 1574 cap.
273 1537 304 1565 5.
320 1534 396 1565 Ant.
410 1533 495 1573 Aug.

230 1584 359 1624 Navali]
386 1583 500 1616 Prima
523 1585 617 1615 Festi
641 1585 746 1616 verba
761 1586 879 1626 incipi-

183 1637 256 1670 unt,
279 1633 332 1673 qui
352 1633 472 1673 primus
492 1634 525 1664 in
547 1634 692 1665 hostium.
736 1635 880 1667 Deside-

184 1687 300 1713 rantur
313 1691 393 1722 ergo
408 1683 649 1723 praecedentia,
662 1695 736 1725 quae
753 1695 795 1716 ex
811 1686 881 1726 epi-

184 1737 274 1763 tome
291 1733 339 1763 ita
354 1733 585 1773 supplebimus
602 1744 610 1764 ε
636 1736 752 1766 Navali
772 1747 882 1769 corona

183 1783 258 1814 solet
280 1784 402 1824 donari,
419 1785 472 1824 qui
492 1785 611 1824 primus
625 1786 658 1817 in
673 1787 807 1819 hostium
828 1799 883 1820 na·

183 1844 249 1864 rem
269 1838 409 1865 armatus
423 1836 621 1876 transilierit,
643 1837 764 1876 cujusve
779 1849 882 1879 opera,

184 1894 313 1915 manuve
328 1885 418 1916 navis
432 1885 564 1917 hostium
574 1891 663 1927 capta
668 1888 783 1925 fuerit.
817 1889 883 1920 Ita·

185 1944 242 1973 que
258 1935 386 1974 adeptus
402 1938 448 1966 est
470 1945 536 1966 eam
555 1937 603 1968 M.
626 1937 738 1978 Varro,
752 1940 884 1971 donante

187 1984 246 2015 Cn.
264 1984 374 2024 Pomp.
392 1985 522 2026 Magno,
537 1986 613 2018 bello
625 1988 767 2028 piratico.
803 1990 884 2020 Item

185 2033 225 2065 A.
248 2034 394 2069 Anicius,
410 2035 485 2066 bello
500 2041 607 2068 contra
623 2039 751 2070 Nabim.
797 2041 882 2073 Quae

185 2084 373 2124 sequuntur
402 2085 467 2115 alio
494 2087 680 2126 pertinent.
725 2088 773 2119 M.
800 2089 883 2120 Var-

184 2133 259 2165 roni
276 2144 433 2165 coronam
451 2136 603 2167 navalem
621 2137 749 2177 datam,
764 2143 883 2169 auctor

188 2183 330 2214 Plinius.
374 2185 419 2215 Et
434 2185 543 2216 Varro
570 2186 644 2226 ipse
661 2188 691 2218 in
710 2197 748 2218 ιι.
775 2188 816 2218 de
834 2189 883 2219 Re

189 2233 319 2264 Rustic.
356 2235 474 2266 scribit
504 2235 594 2266 bello
625 2237 767 2278 piratico
797 2237 885 2269 inter

185 2284 312 2315 Delum
338 2290 374 2316 et
405 2286 559 2319 Ciliciam
593 2290 740 2322 Graeciae
771 2292 883 2323 classi-

190 2334 251 2364 bus
268 2344 303 2365 se
320 2335 508 2375 praefuisse.
540 2338 583 2370 A.
598 2338 738 2371 Attilius
758 2347 884 2381 praetor

189 2393 265 2414 cum
291 2384 398 2415 classe
423 2385 542 2417 missus
572 2393 625 2420 est
653 2390 686 2421 in
713 2391 885 2422 Graeciam

189 2433 232 2464 ad
249 2434 391 2465 tuendos
401 2436 519 2466 socios.
545 2437 657 2469 Livius
671 2439 757 2470 libro
770 2449 884 2472 xxxv.

190 2483 276 2515 Quae
301 2490 502 2525 sequuntur,
527 2491 565 2517 ut
594 2487 679 2527 dixi,
704 2489 885 2521 manifesto

190 2533 231 2563 ad
248 2534 314 2565 alia
338 2535 521 2575 pertinent.
556 2537 600 2568 Et
629 2538 784 2580 Carmen,
801 2546 884 2580 puto

190 2584 331 2623 Saliare,
358 2586 390 2615 in
420 2586 647 2618 testimonium
674 2589 885 2629 produceba-

193 2637 258 2664 tur.
279 2635 347 2665 Jos.
365 2634 449 2666 Scal.

240 2683 355 2715 Navali
369 2686 495 2726 corona]
523 2687 654 2719 Corona
671 2689 797 2720 navalis
815 2693 886 2721 tota

932 1235 973 1257 ex
987 1235 1079 1265 auro,
1096 1225 1211 1256 rostris
1223 1224 1357 1255 navium
1376 1222 1547 1262 insignita.
1574 1221 1624 1252 Ea

932 1277 1092 1307 donatum
1110 1275 1158 1306 M.
1172 1275 1359 1306 Varronem
1372 1277 1519 1304 testatur
1535 1271 1624 1302 Plin.

932 1333 968 1358 et
983 1327 1056 1367 ipse
1070 1327 1178 1356 Varro
1191 1325 1251 1357 lib.
1269 1334 1307 1356 ιι.
1322 1325 1363 1355 «le
1382 1325 1422 1355 R.
1440 1324 1482 1355 R.
1506 1322 1627 1354 scribit

933 1377 1020 1408 bello
1038 1376 1180 1417 piratico
1205 1375 1293 1406 inter
1317 1374 1439 1406 Delum
1457 1378 1492 1404 et
1513 1372 1627 1404 Cilici-

933 1437 985 1458 am
1012 1426 1155 1458 Graeciae
1183 1424 1347 1457 classibus
1374 1433 1409 1454 se
1438 1421 1627 1463 praefuisse.

933 1476 976 1508 A.
994 1476 1132 1508 Attilius
1154 1479 1279 1516 praetor
1295 1483 1369 1505 cum
1386 1473 1494 1504 classe
1510 1472 1627 1502 missus

933 1532 985 1559 est
1008 1527 1040 1557 in
1064 1526 1232 1558 Graeciam
1263 1524 1303 1555 ad
1336 1522 1476 1554 tuendos
1506 1521 1630 1559 socios,

934 1578 1008 1609 Liv.
1023 1577 1080 1607 lib.
1098 1585 1210 1607 xxxv.
1226 1575 1268 1606 de
1289 1573 1448 1605 Saturnio
1464 1571 1629 1609 carmine,

935 1629 1022 1670 quod
1040 1629 1072 1659 in
1088 1628 1210 1660 tabulis
1225 1627 1329 1658 duces
1351 1625 1485 1666 publice
1504 1631 1630 1664 ponere

934 1679 1098 1719 solebant,
1125 1677 1265 1709 Attilius
1297 1674 1558 1707 Fortunatianus
1587 1673 1630 1703 de

933 1729 1090 1761 Saturnio
1114 1733 1243 1760 metro:
1267 1729 1277 1745 ‘
1296 1726 1396 1768 Apud
1423 1730 1552 1756 nostros
1575 1734 1631 1755 au-

937 1780 1027 1815 tem‚’
1064 1779 1186 1820 inquit,
1221 1779 1230 1796 ‘
1250 1778 1282 1808 in
1314 1776 1438 1808 tabulis
1469 1774 1631 1815 antiquis,

936 1840 1018 1871 quas
1030 1828 1268 1869 triumphaturi
1282 1826 1385 1858 duces
1402 1826 1434 1857 in
1460 1825 1631 1865 Capitolio

936 1879 1097 1919 figebant,
1112 1878 1330 1918 victoriaeque
1345 1886 1412 1907 suae
1427 1876 1562 1906 titulum
1573 1875 1633 1906 Sa-

937 1929 1056 1960 turniis
1072 1928 1224 1960 versibus
1238 1925 1540 1968 prosequebantur,
1553 1923 1635 1955 talia

938 1979 1049 2020 reperi
1077 1978 1247 2018 exempla,
1272 1987 1315 2008 ex
1343 1975 1465 2016 Regilli
1493 1975 1631 2006 tabula:

938 2030 1064 2061 Duello
1074 2038 1193 2069 magno
1203 2025 1544 2066 dirimendo‚regibus
1554 2023 1632 2055 sub-

938 2079 1094 2121 igendis.'
1122 2079 1203 2110 Dac.

982 2134 995 2150 ⁰
1020 2128 1169 2168 Navalis]
1195 2127 1334 2159 Navalis
1363 2129 1461 2166 porta
1488 2124 1632 2165 regionis

938 2180 1080 2211 decimae
1103 2185 1247 2220 quartae,
1271 2188 1291 2208 a
1317 2176 1495 2208 Navalium
1510 2173 1635 2206 vicinia.

939 2232 1122 2273 appellata.
1144 2231 1212 2261 Jos.
1227 2229 1310 2260 Scal.

986 2281 1119 2313 Navalis
1132 2279 1238 2321 porta]
1262 2279 1303 2309 In
1321 2277 1458 2318 regione
1476 2278 1527 2307 14.
1541 2279 1634 2306 trans

938 2334 1104 2372 Tiberim,
1121 2333 1239 2364 eadem
1256 2332 1264 2348 ‘
1283 2328 1497 2371 portuensis,¹
1534 2329 1635 2359 Nunc

937 2387 946 2401 ‘
964 2390 1062 2424 porta
1087 2381 1195 2423 ripae‚'
1216 2381 1270 2412 vel
1285 2381 1295 2397 ‘
1308 2380 1455 2418 vinaria,'
1470 2379 1558 2419 quod
1575 2387 1634 2409 ex-

939 2440 993 2465 tra
1006 2443 1078 2465 eam
1096 2433 1173 2462 vina
1191 2436 1344 2469 externa,
1361 2429 1506 2459 maxime
1525 2432 1635 2459 tamen

941 2486 1114 2524 Campana
1133 2487 1167 2514 et
1183 2483 1308 2520 Tusca,
1324 2479 1522 2510 vendantur.
1548 2479 1633 2510 Duc.

982 2533 997 2554 d
1021 2532 1153 2563 Nat-alis
1191 2530 1306 2570 scriba]
1343 2529 1485 2561 Navalis
1522 2528 1636 2560 scriba

940 2585 1084 2623 dictum,
1106 2588 1173 2614 tam
1199 2587 1340 2622 propter
1362 2580 1518 2619 scribam,
1534 2589 1637 2621 quam

941 2640 1082 2676 propter
1106 2632 1267 2664 Navalis:
1290 2631 1368 2673 quia
1391 2635 1426 2662 et
1446 2634 1570 2669 nautae,
1598 2633 1635 2661 et

941 2686 974 2718 id
993 2695 1099 2727 genus
1115 2683 1284 2716 hominum
1296 2682 1382 2714 male
1397 2681 1491 2714 audit
1505 2692 1513 2712 ;
1531 2680 1634 2713 etiarn
