1835 2906
360 180 423 210 DE
457 177 729 208 VERBORUM
765 174 1171 206 SlGNlFch'rloNE
1206 174 1299 204 Lm.
1332 176 1361 204 1.

1530 163 1585 205 91.

205 275 378 317 dentia:
413 278 464 314 ut
498 276 687 322 scutum,
727 269 916 324 gladius,
948 268 1098 322 pugio,
1127 268 1234 316 sica,
1270 271 1312 308 et
1345 280 1398 308 ea
1427 267 1586 321 quibus

204 355 342 396 prope
361 341 612 395 praeliatur:
646 340 760 380 sicut
780 339 881 387 tela,
903 337 1062 390 quibus
1083 336 1272 390 procul.c

149 407 609 450 Armataddicebatur
629 407 752 458 virgo
784 403 1057 452 sacrificans,
1094 403 1166 444 oui
1202 403 1364 443 lacinia
1401 405 1516 455 togae
1546 403 1589 442 in

207 477 426 518 humerum
449 478 543 517 erat
568 474 748 529 rejecta.

809 472 1004 525 Legibus
1027 472 1157 511 etiam
1181 469 1472 510 Laurentium
1492 482 1590 510 san-

206 546 339 587 citum
362 548 443 593 est,
464 557 518 584 ne
538 554 717 596 pomum
736 554 793 581 ex
813 540 960 581 alieno
981 540 1147 592 legatur
1167 538 1212 578 in
1232 550 1415 586 armum,
1437 537 1482 577 id
1505 542 1590 592 est,

206 612 321 667 quod
342 612 505 652 humeri
524 623 630 651 onus
662 609 736 650 sit.

151 680 413 721 Armentum
429 684 443 700 ὃ
473 678 518 718 id
532 690 665 731 genus
687 676 861 731 pecoris
882 674 1144 728 appellatur,
1161 672 1279 728 quod
1300 675 1366 713 est
1383 672 1590 713 idoneum

207 747 263 787 ad
285 759 400 799 opus
422 758 658 786 armorum.
710 743 914 785 Invenies
937 746 1083 784 tamen
1106 740 1332 782 foeminine
1354 736 1594 780 armentasf

207 814 328 867 apud
352 813 543 853 Ennium
569 812 784 866 positum.

151 880 391 921 Armillasg
421 894 478 920 ex
500 894 623 930 auro,
646 893 758 934 quas
792 879 873 920 viri
905 877 1119 919 militares
1154 876 1210 916 ab
1246 873 1609 928 Imperatoribus,

208 948 354 988 donati
375 942 540 1001 gerunt,
562 948 706 989 dictas
728 960 825 988 esse
857 946 1128 993 existimant,
1160 942 1277 997 quod
1312 941 1479 995 antiqui
1511 941 1592 982 hu-

208 1028 351 1056 meros
384 1029 484 1057 eum
516 1016 709 1057 brachiis
743 1028 887 1056 armos
905 1014 1148 1056 vocabant:
1178 1010 1290 1051 unde
1311 1022 1430 1051 arma
1451 999 1506 1049 ab
1526 1009 1593 1049 his

209 1082 502 1136 dependentia
522 1089 625 1124 sunt
644 1090 818 1124 vocata.

804 1237 943 1269 NOTAE

197 1331 209 1347 ὓ
223 1325 309 1357 Sicut
325 1328 397 1367 tela,
412 1327 520 1368 quibus
534 1326 656 1368 procul]
673 1326 761 1357 Nam
779 1325 849 1356 tela

155 1376 313 1409 dicuntur
330 1387 552 1419 qnaecnmque
569 1378 601 1408 in
617 1379 729 1408 hostes
743 1375 850 1407 mitti-

155 1435 240 1457 mus.
288 1428 382 1468 Vlrg.
413 1427 544 1458 AEneid.
569 1436 623 1459 lx.
661 1431 670 1445 ‘
689 1426 849 1457 Telorum

155 1476 328 1509 effundere
353 1484 472 1510 contra
496 1479 607 1510 Omne
635 1487 739 1519 genus
762 1477 850 1507 Teu-

156 1528 227 1559 cri-²
286 1530 386 1561 Unde
415 1536 450 1561 et
479 1530 611 1561 missilia
641 1529 732 1560 dicta
761 1532 849 1560 snut.

155 1578 271 1610 Idem:
296 1581 305 1597 ‘
324 1581 449 1620 pellere
474 1581 560 1612 vallo
578 1579 763 1611 Missilibus
778 1587 850 1609 cer-

156 1629 254 1661 tant.’
298 1631 386 1662 Vide
408 1631 417 1648 ‘
436 1630 524 1662 tela?
571 1630 782 1670 Quandoque
800 1633 848 1660 ta-

109 1724 111 1726 ,
156 1688 233 1711 men
249 1680 426 1722 utriusque
443 1680 598 1712 vocabuli
621 1679 851 1719 appellatione

156 1730 314 1761 latissime
330 1735 472 1762 utuntur
488 1741 553 1761 non
570 1731 669 1761 modo
684 1729 851 1769 juriscon-

158 1780 250 1819 sulti,
267 1780 325 1810 sed
342 1781 406 1820 ipsi
423 1790 555 1821 quoque
573 1784 721 1811 oratores
736 1784 771 1810 et
787 1779 851 1809 his·

158 1829 278 1860 torici:
303 1839 377 1860 nam
404 1840 495 1860 arma
518 1837 638 1861 vocant
655 1830 766 1860 omnia
781 1829 852 1870 qui·

157 1878 220 1910 bus
238 1879 311 1920 quis
326 1880 511 1911 instructus
526 1885 578 1911 est
593 1880 633 1910 ad
653 1881 852 1920 propulsan-

161 1930 236 1960 dam
254 1935 312 1962 aut
329 1930 537 1962 inferendam
553 1932 633 1967 vim,
647 1935 684 1961 ut
707 1930 852 1971 gladios,

158 1981 287 2021 hastas,
314 1981 432 2022 fustes,
460 1992 553 2012 saxa.
602 1981 854 2022 Cujuscumque

160 2031 262 2062 etiam
287 2033 370 2063 artis
392 2033 615 2070 instrumenta
637 2043 723 2063 arma
739 2032 855 2064 dicun-

160 2087 228 2120 tur,
254 2087 292 2113 nt
319 2082 449 2113 Graecis
476 2082 568 2113 ὅπλα.
617 2083 720 2113 Telum
742 2089 855 2113 autem

161 2141 258 2163 omne
275 2132 309 2164 id
325 2142 391 2174 quo
410 2133 481 2174 quis
506 2143 541 2163 se
567 2132 654 2173 tegit
671 2142 711 2164 ac
728 2136 855 2163 tuetur.

161 2184 258 2216 Idem.

203 2234 218 2254 ‘¹
241 2233 389 2274 Armata]
404 2233 564 2275 intellige
577 2235 775 2274 Maximam,
790 2234 855 2265 vir-

161 2284 272 2324 ginem
285 2285 470 2316 Vestalem.
516 2284 557 2315 In
575 2285 746 2316 veteribus
762 2294 857 2315 num-

162 2335 224 2364 mis
253 2334 372 2364 visitur
404 2344 495 2374 saepe
518 2335 583 2366 hoc
610 2335 729 2366 habitu
756 2335 859 2366 sacri-

162 2383 269 2415 ficans
291 2385 443 2415 Maxima
478 2385 584 2425 virgo,
611 2385 733 2416 lacinia
772 2389 859 2424 togae

165 2443 252 2474 pone
269 2433 408 2474 rejecta,
427 2438 462 2465 et
484 2435 577 2466 disco
600 2435 756 2466 libatorio
780 2435 861 2465 dex-

165 2488 219 2514 tra
236 2483 348 2514 vinum
365 2483 555 2523 invergens.
586 2485 769 2524 Eleganter
782 2494 861 2515 vero

163 2536 173 2552 ‘
186 2544 318 2573 pomum
328 2534 359 2563 in
370 2544 496 2564 armum
513 2534 651 2575 legere‚'
666 2535 753 2575 quod
766 2535 861 2565 Grae-

166 2585 198 2615 ci
212 2584 362 2615 dicerent
378 2583 553 2623 ἀνδραχθές.
571 2585 606 2615 ἐκ
626 2585 680 2615 τοῦ
695 2584 860 2624 ἀλλοτρίου

168 2634 280 2674 χωρίου
295 2634 410 2674 καρπὸν
425 2634 581 2674 ἆνδραχθῆ
595 2634 636 2673 μὴ
661 2633 858 2675 ἐπιφορτισά-

169 2695 222 2714 τω.
245 2685 312 2715 Jos.
328 2685 412 2716 Scal.

213 2734 357 2775 Armata]
398 2735 452 2766 De
482 2735 699 2767 Laurentium
731 2734 858 2775 legibus

903 1324 981 1355 nillil
999 1322 1086 1354 alind
1105 1331 1258 1363 umquam
1275 1320 1354 1359 legi.
1379 1320 1460 1350 Dae.

947 1379 959 1395 θ
982 1373 1179 1413 Armentum]
1202 1371 1255 1403 Ab
1292 1376 1299 1388 ‘
1318 1369 1498 1410 armando‚'
1520 1373 1529 1386 ‘
1547 1378 1597 1398 arc

905 1424 1135 1462 rnamentum,'
1151 1426 1158 1441 ‘
1173 1422 1387 1455 armentum.’
1425 1420 1545 1460 virgil.
1556 1420 1597 1450 de

905 1477 1019 1518 equis:
1046 1475 1163 1506 ‘Bello
1181 1479 1355 1505 armantur
1371 1471 1597 1513 equi‚bellum

904 1527 978 1558 haec
995 1531 1149 1557 armenta
1165 1523 1359 1555 minantur.’
1404 1523 1470 1554 Sed
1489 1521 1600 1552 verius

905 1578 948 1609 ab
964 1580 1132 1608 ammento.
1177 1577 1285 1606 Varro
1310 1574 1366 1605 lib.
1382 1582 1430 1604 lv.
1448 1572 1489 1603 de
1506 1572 1544 1602 L.
1559 1572 1599 1601 L.

904 1630 913 1645 ‘
932 1632 1096 1662 armenta,
1124 1626 1212 1667 qnod
1238 1625 1340 1656 boves
1361 1624 1438 1654 ideo
1455 1622 1601 1653 maxime

906 1679 1129 1719 parabantur,
1167 1681 1204 1707 ut
1241 1676 1319 1706 inde
1355 1674 1523 1713 eligerent
1557 1671 1601 1702 ad

907 1727 1090 1759 arandum:
1115 1726 1193 1757 inde
1211 1728 1388 1756 aramenta
1400 1724 1492 1754 dicta
1510 1726 1599 1763 post-

905 1787 946 1808 ea
972 1777 1076 1809 tertia
1103 1777 1201 1807 litera
1236 1773 1386 1806 extrita!
1445 1774 1519 1805 Nec
1545 1771 1603 1803 ob-

906 1834 996 1859 stare
1023 1827 1125 1858 debet
1160 1826 1248 1867 quod
1285 1825 1382 1864 Virg.
1415 1832 1519 1864 equos
1551 1831 1604 1852 ar·

907 1884 1020 1910 menta
1048 1875 1185 1916 dixerit,
1218 1886 1294 1907 nam
1333 1880 1368 1906 et
1402 1874 1490 1905 idem
1522 1873 1604 1904 alibi

907 1929 950 1960 de
973 1928 1082 1958 cervis
1099 1927 1203 1957 dir-it:
1229 1929 1238 1942 ‘
1252 1926 1334 1956 Tres
1349 1926 1466 1956 littore
1484 1933 1602 1955 cervos

909 1978 1083 2019 Prospicit
1100 1981 1265 2017 errantes,
1287 1977 1346 2007 hos
1363 1981 1434 2006 tota
1449 1980 1605 2006 armenta

910 2026 1119 2069 sequnntur-‚³
1142 2028 1237 2058 Idem.

953 2077 964 2099 f
985 2077 1167 2117 Armentas]
1205 2077 1306 2108 Hunc
1338 2076 1436 2107 Ennii
1472 2085 1604 2105 versum

911 2128 1017 2159 refert
1035 2128 1187 2158 Nonius:
1214 2127 1343 2167 ‘ipsius
1367 2126 1408 2156 ad
1434 2130 1605 2155 armentas

911 2179 1069 2211 easdem-³
1129 2178 1195 2209 Ubi
1223 2177 1324 2208 facile
1354 2176 1463 2218 quivis
1490 2177 1605 2215 legen-

911 2231 990 2261 dum
1011 2229 1156 2261 viderit:
1181 2230 1232 2260 Ad
1258 2231 1397 2259 armenta
1425 2225 1516 2266 ipsiu'
1541 2235 1605 2256 eas-

908 2282 986 2312 dem.
1011 2279 1118 2310 Idem.

952 2335 965 2357 g
990 2329 1157 2369 Armillas]
1183 2327 1238 2358 Ab
1263 2326 1374 2356 armis.
1430 2325 1526 2357 Armi
1551 2335 1606 2356 au-

911 2386 980 2412 tem
1008 2381 1219 2410 humerorum
1246 2387 1320 2408 cnm
1347 2377 1492 2408 brachiis
1515 2386 1607 2407 com-

913 2431 1066 2461 missura.
1123 2427 1254 2458 Graeeis
1286 2425 1390 2466 ἁρμὸς,
1415 2436 1608 2467 compages„

913 2480 1072 2512 Armillas
1100 2483 1211 2509 autem
1238 2487 1279 2508 ex
1309 2487 1389 2508 auro
1415 2478 1607 2508 militarium

916 2532 1060 2562 virorum
1078 2532 1274 2559 ornamenta
1285 2527 1401 2566 fuisse,
1415 2528 1496 2558 etin
1513 2527 1608 2557 sinis-

914 2582 974 2612 tris
992 2580 1114 2619 gestari
1132 2579 1243 2618 solita,
1264 2579 1376 2609 velex
1399 2578 1529 2608 Sabinis
1545 2578 1610 2608 illis

913 2636 1030 2662 notum
1061 2634 1113 2659 est
1143 2629 1199 2670 qui
1235 2628 1413 2668 Tarpeiam
1447 2627 1609 2667 virginem

914 2681 1042 2722 clypeis
1057 2679 1256 2714 obruerunt,
1267 2689 1340 2710 cum
1358 2679 1414 2709 illa
1431 2678 1479 2708 eis
1495 2682 1609 2717 portas

916 2729 1129 2773 prodidisset.
1175 2728 1263 2760 Vide
1289 2729 1380 2759 Flor.
1409 2728 1467 2759 lib.
1485 2736 1509 2759 1.
1533 2736 1609 2767 cap.
