1835 2906
178 107 262 148 422
614 110 767 142 SEXTt
802 109 1007 140 POMPEI!
1043 109 1180 140 rursm

231 213 272 254 is
309 210 405 252 dies
437 209 578 249 festus
616 210 709 249 erat
744 207 982 255 tibicinum,
1020 205 1095 259 qui
1132 203 1376 245 Minervam
1409 203 1626 244 colebant,

236 277 540 330 Quinquatrus
572 274 746 329 proprie
780 273 877 315 dies
912 273 1054 314 festus
1085 265 1177 313 erat
1212 271 1443 321 Minervae,
1466 269 1630 311 Martio

235 357 398 387 mense.

180 413 447 460 Minutum,m
479 416 523 452 et
544 410 753 459 minuere,
774 421 834 450 ex
855 407 1017 450 Graeco
1049 409 1217 460 μειοῦν“
1253 405 1418 447 dictum
1448 405 1630 459 [PAUL.

235 479 373 522 videri
401 483 563 532 potest.

180 547 348 601 Minyae
366 550 427 571 ¹2¹¹
449 545 557 587 dicti
578 543 863 596 Argonautae,
885 542 1006 597 quod
1035 541 1235 596 plerique
1263 554 1416 583 eorum
1443 554 1500 582 ex
1528 539 1632 579 filiis

236 615 407 668 Minyae
429 613 597 654 fuerant
614 612 713 653 orti.

180 681 478 723 Mirachidion
493 685 524 709 ¹³
542 685 558 701 ⁰
579 679 733 733 primae
752 678 1080 718 adolescentiae.

180 748 434 797 Miracula,p
455 761 556 801 quae
578 751 679 788 sunt
693 751 727 777 ¹4
750 747 883 798 digna
914 746 1203 786 admiratione
1233 743 1437 792 dicimus,
1467 741 1632 795 [FESTe

237 815 407 868 antiqui
427 814 470 854 in
491 814 620 855 rebus
644 813 845 867 turpibus
865 813 1116 853 utebantur.

181 881 367 923 Mitiorq
386 881 602 922 decebant
622 881 970 934 comparativum
990 893 1017 921 a
1032 881 1157 921 miro.
1200 879 1423 929 Titinius;
1454 877 1633 930 [PAUL.

238 948 394 989 Mirior
415 949 593 1002 inquam
614 949 697 990 tibi
713 953 744 977 ¹⁵
764 948 933 989 videor.

782 1057 1022 1069 eeeeeeeeeeee

225 1120 261 1148 ll
300 1117 428 1149 Scribit
454 1118 541 1149 Scal.
569 1117 695 1156 μινύειν,
721 1118 810 1159 quod
844 1118 967 1158 probat
992 1117 1164 1148 Dac.—l2
1196 1116 1275 1147 vet.
1308 1115 1366 1146 lib.
1395 1114 1635 1154 almam—13

181 1159 379 1200 Legendum
397 1167 512 1191 monet
538 1162 624 1192 Dae.
644 1161 847 1195 Miracidion,
865 1166 902 1191 ut
920 1162 968 1190 vir
985 1161 1076 1191 doct.
1095 1161 1127 1190 iu
1146 1169 1249 1200 marg.
1265 1158 1320 1190 ed.
1337 1158 1427 1189 scat.
1443 1157 1638 1197 conjicit.—

184 1206 223 1234 14
239 1203 301 1234 Ed.
314 1203 403 1234 Scal.
418 1207 592 1235 uuna—15
608 1204 753 1236 Quidam
772 1204 830 1234 lib.
847 1203 904 1234 tibi
921 1203 1034 1243 inquit.

836 1290 976 1321 NOTAE

180 1353 292 1386 Juniae
308 1353 383 1384 idus
404 1354 444 1385 ab
467 1353 686 1385 similitudine
704 1355 880 1395 majorum,

182 1404 272 1444 quod
292 1404 448 1435 tibicines
467 1412 537 1436 turn
556 1404 667 1435 feriati
687 1414 746 1445 per
763 1405 880 1435 urbem

180 1458 347 1493 vagantur
363 1458 398 1484 et
414 1457 620 1485 conveniunt
635 1456 676 1485 ad
696 1456 802 1486 aedem
817 1456 881 1486 Mi-

180 1503 321 1534 nervae.'
345 1504 486 1534 Minores
498 1510 595 1535 vocat
608 1504 711 1536 ovid.
726 1514 774 1535 vr.
789 1506 881 1536 Fast.

180 1558 188 1570 ‘
203 1554 247 1585 Et
266 1554 337 1594 jani
355 1555 579 1595 quinquatrus
598 1555 722 1595 jubeor
742 1565 882 1586 narrare

180 1605 338 1636 minores.
387 1605 488 1637 Nunc
505 1605 585 1637 ades
602 1616 621 1636 ο
637 1607 771 1646 coeptis,
795 1605 883 1637 flava

182 1654 348 1694 Minerva,
363 1656 458 1687 meis.
476 1656 545 1686 Cur
563 1665 666 1695 vagus
684 1656 813 1688 incedit
832 1662 882 1688 to·

182 1711 216 1736 ta
240 1706 368 1737 tibicen
394 1707 427 1738 in
449 1706 556 1737 urbe?
603 1707 693 1739 Quid
720 1708 783 1739 sibi
807 1718 882 1748 per-

181 1766 287 1796 sonae,
303 1757 382 1798 quid
402 1762 481 1799 toga
497 1759 598 1797 longa
615 1759 730 1789 volunt
743 1758 766 1789 ἓ·
796 1758 882 1790 vide

182 1813 217 1839 et
234 1808 365 1838 Livium
384 1808 439 1839 lib.
460 1817 509 1839 ix.
537 1809 634 1839 Idem.

225 1863 247 1878 ¹¹²
272 1858 450 1898 Minutum]
482 1859 644 1889 Minutum
661 1864 713 1889 est
732 1869 750 1889 a
767 1860 882 1895 minuo,

181 1907 272 1948 quod
299 1917 318 1938 a
341 1906 452 1945 μινύθω
477 1908 528 1938 vel
552 1907 658 1948 μινύω,
676 1908 766 1949 quod
791 1918 810 1939 a
835 1921 882 1946 μι-

182 1958 264 1997 νυὸς,
278 1958 394 1990 Attice
415 1968 476 1999 pro
498 1959 613 1999 μικρὸς,
632 1969 768 1999 parvus.
816 1961 881 1991 Eu-

180 2008 283 2039 statli.
320 2008 414 2039 Bene
431 2008 546 2049 itaque
563 2010 730 2048 Scaliger,
745 2011 801 2050 qui
821 2021 882 2050 pro

181 2059 285 2095 μειοῦν
300 2059 481 2100 legendum
500 2066 613 2091 monet
628 2060 754 2097 μινύειν.
784 2062 883 2093 Idem.

225 2115 237 2129 ¹¹
264 2111 403 2151 Minyoe]
422 2110 644 2151 Argonautae.
659 2111 798 2142 Pindar.
814 2113 882 2143 ΟΔ.

185 2169 235 2191 ιν.
254 2160 360 2201 Pyth.
389 2161 468 2198 μετὰ
487 2161 548 2199 ’γὰρ
572 2162 662 2191 Κεῖνο
679 2161 884 2192 πλευσάντων

186 2213 302 2242 Μινυᾶν
318 2211 484 2249 θεύπομποι
500 2211 609 2251 σφίσιν
624 2213 709 2250 τιμαὶ
721 2212 881 2252 φυτευθέν.

184 2262 214 2292 id
233 2268 306 2294 est:
344 2262 416 2293 ‘Ad
441 2263 522 2293 illud
544 2264 632 2293 enim
648 2263 656 2276 '
681 2263 806 2303 (vellus
823 2275 880 2294 au-

183 2312 293 2353 reum)
321 2318 329 2331 ¹
344 2323 418 2344 cum
442 2314 657 2354 navigassent
674 2314 816 2355 Minyae,
832 2315 881 2346 ‹li-

184 2362 251 2392 vini
268 2363 332 2393 inis
350 2363 492 2394 honori-s
510 2365 656 2404 plantati
675 2365 775 2396 suut.’
801 2366 881 2396 Dic-

182 2413 208 2442 ti
225 2419 336 2444 autem
355 2414 476 2455 Minyoe
497 2425 515 2445 a
532 2416 656 2457 Minya,
674 2417 827 2457 Neptuni
846 2416 882 2447 fi·

181 2462 239 2500 lio,
266 2463 307 2493 ad
333 2474 429 2504 quem
457 2471 491 2496 et
518 2466 770 2506 'l‘ritogeneiam
798 2468 882 2499 AEoli

182 2511 284 2543 filiam
310 2515 454 2545 maxima
477 2526 593 2547 eorum
613 2527 691 2557 pars
708 2528 812 2558 genus
831 2528 882 2549 re-

182 2563 329 2594 ferebat.
354 2564 496 2604 Ap01.1.
523 2568 710 2606 Argonaut.
736 2569 801 2599 ἐπεὶ
825 2574 881 2600 Μι-

186 2613 259 2644 νυάο
286 2612 446 2653 θυγάτρων
469 2616 506 2645 Οἱ
531 2619 675 2649 πλεῖστοι
696 2619 746 2650 καὶ
762 2619 882 2660 ἄριστοι

184 2664 237 2704 ἀφ’
250 2665 377 2703 αἵματος
392 2666 596 2705 εὐχετόωντο.
624 2669 663 2701 ld
678 2676 730 2702 est
746 2683 751 2699 ι
770 2673 779 2689 ‘
791 2674 882 2704 Quo-

936 1354 1026 1383 niam
1041 1352 1170 1391 Minyae
1183 1350 1326 1381 filiarum
1342 1349 1502 1390 Plerique
1520 1358 1637 1379 eorum

937 1408 971 1435 et
997 1403 1115 1444 optimi
1134 1413 1152 1433 a
1176 1402 1338 1441 sanguiue
1361 1410 1432 1432 esse
1450 1400 1639 1439 gloriaban-

939 1454 1018 1486 tur.'
1064 1455 1189 1484 Verum
1221 1452 1345 1483 Strabo
1377 1456 1411 1482 et
1442 1451 1638 1482 Eustathius

938 1506 1070 1545 Minyas
1097 1515 1115 1534 a
1148 1504 1260 1543 Minya
1290 1502 1506 1533 Orchomeno
1532 1510 1638 1540 genus

937 1555 1064 1586 habere
1077 1554 1229 1588 tradunt,
1244 1562 1384 1594 quorum
1396 1552 1450 1583 alii
1462 1552 1495 1582 in
1508 1551 1638 1582 Iolcum

939 1605 1130 1645 migrarint,
1150 1615 1170 1634 a
1186 1604 1308 1644 quibus
1333 1602 1549 1643 Argonautas
1572 1601 1639 1632 Mi·

938 1666 1021 1697 nyas
1053 1656 1131 1687 dici.
1182 1655 1270 1685 Vide
1298 1654 1517 1685 Theocritum
1551 1652 1639 1693 tdyl.

939 1716 1077 1739 xv¹.vs.
1100 1708 1170 1737 104.
1199 1706 1294 1736 Idem.

980 1762 995 1777 ⁰
1021 1757 1250 1796 Miruchidion]
1285 1756 1399 1795 Lege:
1434 1754 1640 1791 Miranfflion,

937 1807 1106 1849 μειράκιον,
1123 1806 1322 1847 μειρακίδιον,
1337 1804 1567 1845 μειρακύλλιον.
1598 1804 1642 1835 Α·

938 1862 1079 1901 ristoph.
1105 1861 1202 1892 Idem.

982 1917 997 1937 ν
1022 1911 1198 1951 Miracula]
1237 1911 1306 1941 Pro
1338 1909 1439 1940 rebus
1472 1908 1640 1949 turpibus.

940 1963 1069 1994 Arnob.
1093 1964 1102 1979 ‘
1118 1962 1233 1993 Vertit
1246 1961 1352 1992 Baulo
1368 1965 1471 1996 artes.
1485 1965 1520 1990 et
1539 1969 1638 1999 quam

938 2013 1025 2044 serio
1055 2023 1120 2044 non
1150 2012 1270 2053 quibat
1301 2012 1451 2049 allicere,
1481 2009 1641 2040 ludibrio·

940 2074 1012 2095 rum
1051 2064 1174 2095 statuit
1216 2062 1406 2093 exhilarare
1446 2059 1643 2091 miraculis?

940 2115 1025 2146 lude
1067 2114 1238 2145 miraculae
1285 2111 1482 2142 meretrices
1529 2110 1639 2140 dicim.

940 2166 1054 2196 Plani.
1077 2166 1086 2181 ⁴
1103 2163 1314 2196 Diobotares,
1338 2160 1563 2194 schoenicnlae,
1580 2159 1640 2190 mi-

937 2215 1088 2247 raculaess
1112 2216 1220 2248 Quem
1238 2214 1348 2243 locum
1368 2211 1540 2242 adducens
1556 2211 1639 2240 Var-

937 2277 974 2297 ro
992 2267 1047 2297 lib.
1067 2275 1114 2296 vt.
1138 2268 1146 2282 ⁶
1162 2262 1367 2297 Miraculae,’
1386 2262 1508 2302 inquit,
1523 2262 1532 2278 ‘
1551 2271 1567 2291 a
1582 2261 1642 2291 mi-

938 2318 998 2356 ris,
1013 2317 1045 2348 id
1065 2322 1129 2355 est,
1145 2315 1320 2349 monstris,
1336 2325 1354 2345 a
1371 2325 1436 2356 quo
1457 2314 1573 2345 Attius
1593 2313 1641 2343 ait

938 2377 1097 2409 personas
1121 2366 1296 2403 distortas,
1314 2365 1428 2395 oribus
1457 2363 1641 2402 deformes,

939 2417 1124 2449 miriones.’
1169 2417 1324 2447 Monstra
1349 2415 1449 2446 etiam
1473 2414 1559 2444 dixit
1577 2414 1640 2444 Ca-

939 2471 1010 2501 tull.
1032 2479 1107 2510 quae
1127 2468 1255 2499 Aruob.
1274 2472 1308 2497 et
1327 2467 1447 2497 Festus
1465 2465 1638 2495 miracula.

937 2524 946 2539 ⁴
959 2522 1026 2552 Sed
1045 2526 1078 2551 tu
1094 2529 1170 2551 cum
1187 2519 1350 2559 (lappone
1368 2516 1479 2548 omnia
1490 2520 1640 2546 monstra

938 2571 1045 2603 facis.’
1068 2571 1167 2601 Idem.

981 2628 994 2648 ‘l
1027 2621 1161 2661 Mirior]
1202 2620 1324 2657 Varro,
1353 2618 1449 2655 ’γνῶθι
1480 2614 1636 2646 σεαυτόνῑ

938 2677 945 2689 ¹
961 2672 1051 2705 Quid
1069 2672 1133 2703 ltoc
1151 2670 1265 2701 mitius
1279 2669 1300 2698 θ’
1327 2669 1422 2699 Idem.
