1835 2906
368 141 430 171 DE
464 137 734 169 VERBORUM
768 135 1172 168 SlGNlFlCATIONE
1210 135 1305 167 LIB.
1341 135 1448 166 le.
1549 126 1632 167 59¹.

196 235 444 278 Piacularia
463 232 735 289 appellabant
754 230 947 285 auspicia,
976 228 1023 270 id
1051 236 1122 280 est,
1141 230 1246 270 sacri
1276 229 1337 271 cia
1367 245 1440 271 cen-
1471 231 1639 284 [FEST.

251 304 365 359 tiqna
387 302 584 356 loquendi
606 298 902 347 consuetudine,
925 311 1012 338 cum
1042 303 1114 338 aut
1144 297 1272 338 hostia
1302 297 1352 338 ab
1375 312 1448 338 ara
1470 296 1636 354 effugit,

251 377 329 413 aut
351 383 541 425 percussa
571 367 772 423 mugitum
805 365 927 416 dedic,
961 373 1032 406 aut
1063 365 1106 405 in
1135 363 1263 406 aliam
1292 380 1411 420 quam
1443 368 1638 421 oportuit

252 445 415 494 partem
436 436 611 492 corporis
630 434 793 476 decidit.

196 507 442 549 Piacularis
459 506 613 547 Romae
632 503 780 558 portat
801 501 1049 556 appellatur
1077 504 1251 554 propter
1280 500 1425 554 aliqua
1445 502 1640 554 piacula,

253 588 352 629 quae
373 574 532 615 ibidem
554 572 740 613 fiebant:
772 570 855 619 vel,
877 574 928 610 ut
947 569 1008 610 ait
1028 568 1259 618 cloatius‚⁷
1282 581 1381 609 cum
1403 581 1460 608 ex
1481 582 1609 610 sacro
1623 568 1638 592 8

255 655 332 697 per
361 641 552 695 aliquem
584 638 764 693 piaculo
796 638 999 688 solvitur,
1021 643 1070 678 ut
1105 637 1284 691 aliqua9
1315 636 1469 690 piandi
1495 637 1642 690 propi-

253 709 473 762 tiandique
493 720 631 749 causa
651 707 917 747 immolatur.

198 777 446 820 Piacularis
474 780 599 830 porta
630 774 788 816 Romae
820 774 940 814 dicta
958 776 1133 827 propter
1153 772 1304 826 aliqua
1324 772 1417 826 pia·
1464 771 1643 827 [PAUL.

257 846 371 895 cula,
392 857 493 898 quae
514 843 679 884 ibidem
699 842 877 883 fiebant.

199 912 353 953 Piariu
374 925 466 960 eos,
489 910 628 951 veluti
649 909 828 963 proprio
854 909 1004 958 verbo,
1035 908 1096 948 ait
1124 906 1327 957 Verrius,
1361 907 1436 960 qui
1475 907 1645 961 [FEST.

255 992 412 1033 parum
443 978 530 1020 sint
567 977 765 1027 animati,
796 989 894 1017 cum
924 976 1084 1016 mentis
1114 988 1206 1016 suae
1237 988 1320 1016 non
1355 975 1459 1024 sint,
1495 978 1536 1015 et
1566 987 1647 1028 per

255 1047 458 1100 quaedam
478 1046 615 1087 verba
634 1045 871 1085 liberantur
895 1042 1192 1083 incommodo.
1639 1055 1644 1058 ·

200 1114 406 1155 Piatrixx
428 1113 657 1154 dicebatur
673 1110 890 1159 sacerdos,
913 1123 1012 1162 quae
1033 1108 1211 1161 expiare
1229 1112 1322 1148 erat
1344 1108 1492 1157 solita,
1514 1120 1648 1161 quam

257 1181 436 1235 quidam
467 1180 796 1227 simulatricem,
829 1176 907 1217 alii
939 1189 1107 1228 sagam,
1141 1174 1217 1216 alii
1247 1175 1538 1228 expiatricem
1572 1188 1651 1215 vo-

260 1253 388 1289 cant:
419 1251 463 1289 et
480 1248 703 1301 piamenta
731 1245 862 1286 etiam
883 1242 1155 1291 dicebantur,
1178 1242 1337 1295 quibus
1358 1242 1403 1282 in
1424 1242 1649 1296 expiando

258 1316 407 1356 utitur.

202 1384 378 1425 Piatrix
399 1382 626 1424 dicebatur
648 1379 870 1429 sacerdos,
891 1390 992 1432 quae
1009 1378 1189 1431 expiare
1203 1380 1292 1418 erat
1308 1377 1453 1425 solita,
1473 1375 1597 1429 [PAU
1610 1387 1651 1416 L.

259 1464 389 1505 quam
411 1450 485 1491 alii
507 1462 657 1502 sagam
679 1448 915 1488 vocabant.
976 1445 1208 1486 Piamenta
1237 1458 1412 1499 quoque
1444 1444 1653 1485 diceban-

258 1523 341 1568 tur,
363 1518 527 1572 quibus
548 1517 781 1557 utebantur
800 1514 843 1554 iu
860 1512 1097 1567 expiando.

809 1643 1045 1656 eeeeeeeeeee

247 1737 265 1765 7
288 1733 434 1765 Vet.lib.
455 1732 694 1764 Cluentius.-8
719 1731 780 1761 Vir
808 1730 898 1762 doct.
927 1730 960 1761 in
985 1738 1090 1770 marg.
1117 1728 1172 1761 ed.
1192 1728 1281 1761 Scal.
1307 1728 1393 1770 conj.
1420 1738 1488 1759 cum
1509 1728 1655 1766 facto.—

203 1781 223 1809 9
247 1778 328 1808 Vet.
346 1777 404 1808 lib.
420 1776 564 1814 aliquus.
610 1775 698 1806 vide
716 1774 800 1806 Not.

860 1907 1001 1940 NOTAE

210 1997 338 2030 curim.’
359 1998 522 2029 Jos.Scal.

254 2049 449 2089 Piacularia]
485 2050 494 2066 ‘
521 2048 624 2088 Fugit
658 2057 734 2078 cum
772 2045 906 2078 saucius

211 2104 302 2132 aram
326 2101 470 2138 Taurus,
501 2105 535 2130 et
567 2100 730 2130 incertam
760 2098 908 2129 excussit

211 2150 345 2182 cervice
362 2150 507 2181 securim
520 2149 541 2180 :’
564 2150 660 2189 Virg.
690 2148 813 2180 Hostia
830 2157 909 2178 vero

209 2212 285 2242 quae
302 2200 482 2241 effugerat,
499 2199 619 2241 effugia
635 2199 740 2230 dicta.
772 2198 910 2229 Servius

213 2253 253 2283 ad
285 2251 367 2283 illud
397 2260 437 2282 11.
468 2250 599 2281 AEneid.
619 2251 628 2267 ‘
652 2249 694 2281 ad
721 2258 836 2290 poeuas
866 2248 909 2279 ob

212 2306 328 2333 nostra
354 2305 537 2341 reposcunt
565 2299 722 2340 Effugia!
768 2304 776 2317 ‘
794 2298 910 2329 Verbo

212 2351 407 2389 sacr01·nm,'
421 2350 542 2390 inquit,
556 2351 565 2367 ‘
579 2354 614 2380 et
625 2350 666 2380 ad
680 2358 812 2380 causam
828 2354 910 2388 apto

213 2411 290 2431 usus
321 2405 384 2435 est,
413 2409 488 2431 naui
514 2399 635 2434 hostia,
663 2408 737 2439 quae
764 2398 806 2429 ad
834 2407 910 2428 aras

211 2451 361 2482 adducta
379 2455 431 2481 est
448 2449 661 2489 immolanda,
678 2448 705 2479 si
727 2458 807 2479 casn
826 2445 908 2478 effu-

215 2504 323 2541 geret,
339 2498 465 2540 effugia
480 2499 592 2530 vocari
608 2498 716 2530 veteri
738 2507 830 2529 more
857 2507 908 2528 so-

213 2550 283 2581 let.⁷
309 2550 388 2580 Duc.

255 2602 265 2620 ²
288 2599 465 2630 Piacularis
489 2599 594 2630 Romoe
615 2599 720 2640 porta]
745 2598 844 2632 Quod
867 2598 907 2629 ad

214 2659 287 2680 eam
305 2650 523 2690 purgationes
541 2655 575 2680 et
592 2649 755 2681 sacrificia
774 2649 908 2684 fierent,

214 2710 289 2741 quae
303 2700 426 2741 piacula
441 2699 655 2731 dicebantur.
688 2699 822 2735 Cloatii,
839 2700 908 2731 sive

961 1993 1121 2032 Cluentii,
1137 1992 1241 2024 verba
1257 1996 1420 2032 corrupta
1437 1994 1526 2021 sunt.
1571 1990 1658 2021 Ten-

962 2045 1073 2075 tabam
1087 2054 1094 2074 :
1112 2054 1180 2075 cum
1195 2043 1327 2080 eafacto
1339 2051 1396 2082 per
1411 2042 1540 2081 aliquem
1553 2042 1658 2080 piacu-

962 2096 990 2125 lo
1005 2095 1146 2132 solvitur,
1159 2095 1205 2124 vel
1221 2094 1261 2123 ad
1275 2103 1342 2124 eam
1359 2092 1468 2133 piandi
1487 2092 1661 2132 propitian-

962 2146 1053 2185 dique
1066 2154 1157 2175 causa
1172 2144 1360 2174 immolatur.
1382 2142 1490 2173 Idem.

1006 2200 1019 2215 ¹¹
1045 2194 1153 2234 Piari]
1187 2194 1300 2226 Gloss.
1337 2194 1346 2209 ‘
1364 2193 1481 2232 Piare,
1511 2190 1660 2231 ἆγνίζειν,

962 2246 1125 2287 καθαίρειν,
1143 2243 1378 2284 ἐξιλάσκεσθαι.’
1403 2243 1503 2274 Idem.

1006 2302 1022 2317 x
1047 2297 1193 2336 Piae-ix]
1219 2295 1327 2327 Quam
1345 2292 1430 2324 infra
1456 2291 1661 2323 ‘simulatri-

964 2346 1059 2379 cem'
1080 2352 1190 2384 vocat,
1216 2354 1289 2376 eam
1313 2344 1431 2375 eodem
1454 2352 1553 2374 sensu
1576 2342 1584 2358 ‘
1602 2341 1659 2372 fic·

948 2397 1099 2430 vtricem’
1119 2396 1252 2428 vocavit
1267 2395 1494 2426 Tertullianus
1511 2394 1552 2424 de
1569 2402 1662 2424 carn.

965 2450 1150 2478 resurrect.
1217 2445 1273 2476 Sic
1319 2449 1432 2474 autem
1470 2443 1661 2483 dicebatur,

965 2496 1055 2538 quod
1073 2506 1126 2536 ea,
1151 2505 1224 2536 quae
1252 2495 1285 2526 in
1311 2494 1415 2525 sacris
1432 2493 1497 2524 suis
1514 2503 1592 2525 vera
1609 2503 1661 2523 re-

964 2546 1162 2588 praesentari
1179 2555 1244 2576 non
1268 2548 1439 2585 poterant,
1456 2543 1536 2575 ficta
1560 2549 1593 2575 et
1619 2544 1660 2573 si-

963 2598 1089 2628 mulata
1107 2596 1295 2627 adhiberet.
1340 2596 1435 2635 Virg.
1457 2595 1661 2635 ‘Sparserat

963 2653 998 2679 et
1027 2648 1146 2678 latices
1176 2646 1351 2677 simulatos
1377 2644 1481 2676 fontis
1508 2643 1660 2675 Averni!

962 2699 1018 2731 De
1041 2707 1107 2739 quo
1132 2697 1228 2738 plura
1250 2697 1338 2737 apud
1355 2696 1571 2728 Theocritum
1587 2704 1660 2725 nos-
