1835 2906
367 113 430 143 DE
464 110 736 142 VERBORUM
771 109 1181 141 sleFicATioNE
1227 111 1323 141 Lus.
1356 111 1464 143 XIV.
1551 101 1635 144 593

235 209 367 250 citata
389 213 472 259 est,
494 220 632 262 eaque
651 212 746 249 erat
775 207 869 249 sine
900 206 1089 260 pictura,
1119 206 1215 260 ejus
1245 208 1307 248 rei
1338 213 1634 261 argumentum

237 281 320 317 est.
691 276 867 329 pictura
902 275 948 315 in
979 273 1076 314 aede
1113 273 1363 326 Vertumni,
1400 281 1443 317 et
1479 276 1633 327 Consi,

238 357 422 398 quarum
439 346 483 385 in
507 345 642 386 altera
665 343 730 384 Μ.
754 343 940 385 Fulvius
964 342 1167 393 Flaccus,
1184 344 1227 383 in
1251 345 1389 386 altera
1410 345 1462 386 T.
1498 344 1633 399 Papi-

235 413 325 454 rius
341 418 370 437 ¹¹
420 412 586 454 Cursor
635 412 950 466 triumphantes
1000 412 1065 453 ita
1109 412 1220 465 picti
1270 417 1388 454 sunt.
1465 413 1635 456 Tunica

236 484 379 522 autem
418 481 612 534 palmata
629 480 643 502 ¹³
674 494 701 521 a
730 481 956 521 latitudine
995 480 1220 522 clavorum
1261 479 1500 532 dicebatur,
1533 496 1635 536 quae

236 561 351 588 nunc
375 561 401 589 a
423 562 578 601 genere
601 548 789 603 picturae
809 548 1072 602 appellatur.

183 615 339 658 Pictor
353 622 367 639 ⁶
389 617 550 658 Zeusis
573 617 663 658 risu
685 620 899 667 mortuus,
921 617 1024 658 dum
1046 616 1162 658 ridet
1181 615 1320 658 effuse
1343 618 1505 671 pictam
1536 631 1562 659 a
1589 632 1636 659 se

238 697 369 726 anum
389 688 561 741 γραῦν,“
584 699 662 726 cur
682 685 765 726 hoc
798 685 900 726 loco
931 685 1117 726 relatum
1148 684 1205 726 sit
1226 699 1252 727 a
1273 685 1442 736 Verrio,
1464 700 1563 727 cum
1583 688 1637 727 de

235 753 481 805 significatu
504 755 733 795 verborum
762 754 951 795 scribere
984 753 1494 808 propositum-habuerit,
1515 755 1637 808 equi-

237 821 336 861 dem
359 835 443 862 non
461 821 608 872 video,
623 835 722 863 eum
741 822 987 863 versiculos
1005 834 1180 876 quoque
1203 822 1380 864 addere.

241 889 390 930 tulerit
409 894 452 930 et
467 890 636 944 ineptos
658 891 766 944 pati,
790 890 867 930 sed
890 889 1055 930 nullius
1080 889 1292 931 Praetoris
1316 894 1534 944 praetexto
1558 903 1636 930 no-

235 958 368 1003 mine,
391 959 468 1011 qui
489 964 638 999 tamen
662 963 768 999 sunt
789 958 835 998 ii.
897 958 1017 999 Nam
1039 958 1144 1012 quid
1175 958 1296 999 modi
1326 959 1521 1000 facturus
1543 959 1635 999 risu

237 1025 458 1079 denique?
532 1027 633 1068 Nisi
690 1026 836 1080 pictor
881 1026 973 1068 fieri
1012 1026 1124 1077 vult,
1163 1026 1240 1080 qui
1290 1026 1384 1068 risu
1435 1030 1637 1067 mortuus

238 1098 320 1134 est.
437 1106 483 1147 Λ

793 1203 830 1214 0ae
836 1201 1012 1214 “ottae“

224 1283 261 1311 11
287 1280 349 1311 Vir
364 1280 455 1311 doct.
480 1280 513 1310 in
539 1289 644 1320 marg.
669 1279 723 1311 ed.
741 1280 831 1311 Scal.
859 1281 950 1321 conj.
982 1280 1020 1311 L.
1038 1279 1289 1320 Papir·z'us.-—l2
1312 1279 1391 1310 Vet.
1418 1279 1475 1311 lib.
1506 1277 1634 1319 γράνην.

180 1333 257 1355 mox
275 1334 337 1365 pro
355 1323 512 1354 Praetoris
528 1324 578 1354 vir
594 1323 686 1355 doct.
703 1324 845 1365 conjicit
863 1325 1000 1355 auctoris
1015 1324 1068 1354 vel
1086 1323 1196 1363 poetoe.
1229 1321 1318 1353 Vide
1335 1323 1458 1354 Notas.

837 1454 975 1487 NOTAE

179 1550 234 1581 Sic
263 1550 376 1582 Livius
407 1555 519 1591 togam
548 1552 736 1583 Masinissae
767 1553 880 1584 datam

178 1609 268 1631 nuuc
284 1601 441 1632 lib-xxx.
459 1611 489 1633 c.
504 1605 553 1633 15.
573 1604 581 1618 ‘
597 1602 730 1633 Pictam
745 1603 882 1643 togam‚'

179 1661 269 1682 nuuc
298 1652 355 1682 lib.
382 1661 486 1684 xxxr.
514 1662 542 1684 c.
568 1655 618 1684 11.
644 1653 652 1669 ‘
671 1659 783 1693 togam
807 1663 884 1693 pur—

181 1713 319 1743 puream
339 1703 459 1742 vocat‚'
484 1705 537 1735 hic
556 1705 794 1745 splendidioris
812 1711 884 1736 tan-

179 1761 249 1784 tum
276 1764 447 1794 purpurae,
475 1755 545 1786 illic
575 1756 783 1796 Phrygionis
812 1756 884 1797 pig-

180 1805 284 1835 menti
310 1805 426 1836 habita
454 1806 596 1837 ratione.
642 1806 730 1836 Vide
749 1807 883 1838 Manut.

180 1856 222 1885 de
239 1855 338 1886 rebus
362 1865 423 1896 per
448 1857 628 1897 epistolam
657 1858 810 1898 quaesitis
826 1857 884 1888 lib.

182 1915 223 1936 ιι.
243 1906 308 1946 Ep.
326 1908 356 1936 1.
381 1906 462 1938 Duc.

222 1956 236 1976 b
263 1957 378 1987 Tunica
401 1961 505 1989 autem
528 1959 680 1999 palmata]
707 1959 884 1991 Quomodo

179 2008 315 2047 palmata
337 2018 356 2039 a
381 2008 563 2039 latitudine
583 2010 754 2040 clavorum
774 2010 785 2040 ?
829 2009 883 2040 An

179 2062 280 2098 putat
296 2059 415 2090 Festus
434 2059 614 2099 palmatam
638 2059 786 2090 tunicam
804 2069 822 2089 a
838 2060 883 2089 la-

180 2109 318 2140 ticlavia
335 2110 450 2140 tunica
463 2120 529 2141 non
543 2109 702 2141 differre?
750 2111 885 2142 Ridicu-

179 2160 247 2190 lum
264 2170 271 2190 ι
290 2160 386 2201 quasi
404 2170 482 2192 vero
496 2161 744 2201 triumphantes
756 2161 885 2201 magni-

180 2209 349 2241 ficentiori
366 2215 461 2242 veste
473 2211 525 2242 usi
539 2221 602 2242 uon
617 2211 773 2251 fuissent,
787 2221 885 2252 quam

181 2261 326 2301 vulgari,
344 2261 413 2292 lato
430 2262 539 2294 clavo.
585 2262 725 2293 Scilicet
739 2272 805 2294 non
820 2272 886 2293 me-

182 2311 331 2342 minerat
361 2313 482 2343 Festus
511 2313 645 2352 palmea
668 2312 748 2344 folia
764 2318 799 2344 et
817 2314 887 2353 pal-

182 2371 274 2391 meas
292 2371 432 2393 coronas
451 2362 624 2393 Germana
641 2362 746 2394 fuisse
769 2364 888 2395 Victo-

184 2413 243 2442 riae
262 2413 426 2452 symbola,
451 2413 658 2453 triumphum
676 2415 890 2455 exornatum,

134 2497 143 2504 .
184 2463 293 2503 iisque
320 2472 361 2493 ex
386 2473 467 2494 auro
486 2465 616 2495 tunicas
634 2465 890 2505 elegantissime

184 2513 378 2553 descriptas
411 2514 578 2554 palmatas
618 2524 752 2555 semper
787 2515 890 2546 fuisse

187 2569 338 2595 vocatas,
382 2564 511 2595 Tamen
541 2566 678 2597 Mauut.
701 2566 759 2598 lib.
784 2576 824 2597 11.
849 2566 891 2597 de

186 2614 257 2645 reb.
278 2625 338 2655 per
355 2616 454 2656 epist.
474 2626 579 2657 quaes.
595 2616 695 2657 epist.
708 2619 738 2647 4.
753 2621 894 2648 conatur

189 2666 369 2696 ostendere
399 2666 502 2696 latum
533 2668 665 2697 clavum
698 2678 715 2697 a
746 2669 893 2707 palmata

278 2730 395 2770 Daph.
410 2735 439 2761 et
461 2731 535 2762 γαν.
552 2732 637 2760 (llus,

937 1554 1053 1585 tunica
1071 1563 1134 1585 non
1153 1552 1313 1593 differre3
1332 1552 1389 1584 sed
1407 1551 1544 1583 frustra.
1569 1550 1618 1581 Id.

977 1610 990 1626 c
1014 1605 1140 1645 Pictor]
1165 1605 1251 1636 Sunt
1282 1604 1336 1635 hic
1362 1603 1521 1634 nonnulla
1548 1610 1639 1631 men-

935 1654 1029 1694 dosa,
1058 1665 1132 1695 quae
1162 1665 1227 1685 uon
1251 1654 1351 1686 facile
1373 1653 1546 1685 emendari
1566 1662 1640 1692 pos-

936 1712 1025 1736 sunt.
1049 1707 1126 1737 Ant.
1143 1706 1228 1744 Aug.

980 1756 1106 1796 Pictor]
1121 1755 1330 1795 Legendum,
1339 1755 1454 1794 pictam
1464 1763 1482 1783 α
1495 1762 1526 1784 se
1533 1752 1641 1793 γραῦν.

936 1808 996 1847 Et,
1012 1817 1080 1838 cum
1096 1806 1262 1837 versiculos
1278 1806 1317 1836 ad
1333 1806 1365 1835 id
1380 1805 1500 1844 retulit,
1511 1807 1542 1834 et
1555 1804 1641 1843 inep-

935 1862 982 1889 tia
1011 1858 1094 1898 pari,
1124 1861 1154 1887 et-
1184 1857 1304 1888 nullius·
1322 1859 1480 1896 praetexto
1508 1853 1641 1885 nomine.

936 1909 1026 1940 Nam
1057 1907 1095 1938 τὸ
1123 1908 1277 1938 Praetoris
1307 1905 1434 1938 frustra
1460 1904 1642 1936 emendare

936 1964 1115 1999 conantur,
1125 1968 1200 1989 cum
1211 1956 1389 1989 conflatum
1401 1957 1494 1988 sitex
1503 1964 1644 1996 sequen-

937 2010 962 2042 ti
981 2019 1075 2041 voce.
1120 2009 1242 2050 Itaque
1260 2008 1452 2039 delendum.
1475 2005 1642 2036 Jos.Scul.

979 2061 1092 2092 Pictor
1122 2059 1249 2099 Zeusis]
1287 2057 1446 2090 Delenda
1485 2062 1537 2087 est
1576 2065 1642 2086 vox

937 2121 1040 2146 anum,
1052 2110 1146 2151 quasi
1165 2109 1409 2150 interpretatio
1427 2108 1518 2138 vocis
1535 2107 1642 2146 γραῦν.

938 2162 984 2192 Et
998 2161 1162 2202 deinceps
1179 2160 1373 2202 legendum,
1390 2169 1458 2190 cum
1479 2158 1643 2188 versiculos

937 2221 1056 2252 quoque
1070 2213 1108 2242 (le
1124 2221 1159 2242 ea
1183 2221 1217 2241 re
1239 2210 1396 2249 retulerit,
1415 2213 1444 2239 et
1459 2209 1579 2248 ineptos
1594 2218 1644 2237 sa-

938 2262 992 2300 tis,
1008 2265 1038 2292 et
1055 2261 1171 2292 nullius
1193 2264 1349 2301 proetexto
1375 2259 1507 2290 nomine.
1556 2257 1644 2287 Nam

938 2311 1021 2342 illud
1049 2311 1207 2342 Proetoris
1234 2310 1305 2340 sine
1328 2309 1431 2340 dubio
1461 2306 1644 2339 conflatum

939 2372 982 2393 ex
1012 2362 1171 2402 sequenti
1202 2370 1283 2392 voce
1308 2363 1474 2400 proeteoeto,
1498 2364 1535 2388 ut
1563 2357 1645 2387 illud

937 2412 1046 2453 pretii,
1063 2412 1153 2453 quod
1173 2412 1205 2441 in
1223 2410 1367 2450 schedis,
1385 2410 1394 2426 ‘
1409 2409 1529 2440 nullius
1544 2408 1645 2449 pretii

941 2467 1113 2504 praetexto
1131 2461 1287 2493 nomine?
1332 2461 1503 2492 Versiculi
1522 2471 1538 2491 a
1563 2461 1646 2490 Ver-

942 2514 992 2544 rio
1028 2512 1168 2544 adducti
1199 2512 1247 2542 ita
1279 2511 1418 2552 legendi
1453 2516 1488 2543 et
1525 2511 1645 2541 distin·

943 2564 1090 2606 guendi:
1110 2569 1187 2594 sunt
1201 2564 1288 2594 enim
1301 2563 1455 2594 Senarii:
1476 2563 1557 2593 Nam
1575 2562 1647 2601 quid

942 2616 1025 2646 modi
1045 2614 1192 2652 facturus
1220 2614 1286 2645 risu
1312 2613 1441 2654 denique
1473 2613 1519 2643 Ni
1548 2612 1647 2651 piclm·

936 2666 1014 2705 fipri
1030 2667 1106 2704 volt,
1123 2666 1174 2705 qui
1191 2666 1256 2696 risu
1272 2665 1406 2696 mortuu'
1424 2664 1473 2696 'sk
1503 2665 1589 2693 Dae.

821 2731 928 2769 Pomp.
951 2730 1037 2762 Fest.

1488 2728 1560 2758 21¹
