1835 2906
197 93 282 135 376

645 105 790 135 SEX'I'l
826 105 1025 136 POMPEH
1063 105 1199 135 FESTI

256 198 438 243 Messala
457 216 467 255 ;
490 215 585 242 uam
605 202 773 256 majora
789 201 1045 251 Consulum,
1075 201 1315 249 Paetorum,
1340 200 1637 256 censorumque

254 268 335 309 dici
356 269 432 319 ait,
453 276 491 310 et
511 269 769 323 reliquorum
790 270 988 321 minora;
1020 282 1120 310 cum
1139 268 1204 309 illi
1227 270 1412 324 majores,
1435 267 1477 309 lzz'
1506 277 1639 310 autem

251 337 431 378 minores
452 338 735 397 magistratus
755 339 842 380 dici
861 338 1149 379 consueverint.

195 403 416 459 Majorem
439 405 677 447 Consulem
693 412 707 428 θ
731 406 782 447 L.
807 406 961 448 Caesar
980 411 1108 461 putat
1137 407 1240 457 dici,
1261 407 1333 448 vel
1360 420 1477 456 eum,
1505 417 1639 459 penes

251 485 384 525 quem
419 474 564 514 fasces
585 474 696 523 sint3
729 475 799 515 vel
818 488 932 526 eum,
951 477 1029 529 qui
1050 476 1168 529 prior
1184 475 1328 516 factus
1349 475 1407 516 sit
1428 488 1437 516 ε
1471 474 1641 515 Praeto-

249 553 339 581 rem
360 546 507 584 autem
527 542 738 596 majorem
762 543 1006 594 Urbanum,
1023 544 1213 585 minores
1235 548 1425 584 ceteros.

194 607 343 663 Major
362 609 531 651 Consul
566 610 727 651 dicitur
754 611 825 652 vel
847 612 898 661 is,

932 625 1068 666 penes
1093 625 1222 665 quem
1252 611 1397 652 fasces
1457 609 1637 663 [PAUL.

248 681 377 729 sunt3
410 678 479 718 vel
500 677 555 728 is,
579 678 654 732 qui
681 679 797 731 prior
823 679 964 720 factus
992 685 1081 721 est:
1115 680 1286 721 Praetor
1319 683 1470 720 autem
1496 676 1639 731 major

249 743 473 795 Urbanus,
495 746 685 786 minores
706 747 857 789 ceteri.

191 809 387 864 Majores
418 811 662 853 Flaminesf
682 814 1020 867 appellabantur
1043 814 1217 869 patricii
1240 814 1424 867 generis,
1443 813 1637 855 minores

245 878 413 931 plebei.

188 943 538 990 Maledictoresh
570 948 827 991 dicebantur
877 952 933 991 ab
984 951 1194 1005 antiquis,
1227 951 1301 1006 qui
1351 963 1464 990 nunc
1505 951 1637 991 male-

244 1013 348 1055 dici.

1469 1017 1636 1071 [FEST.

188 1078 487 1123 Maledictores
517 1081 704 1123 dicebant
727 1082 903 1139 antiqui,
941 1099 1038 1140 quos
1072 1098 1151 1126 nos
1197 1085 1469 1139 appellamus
1514 1084 1638 1125 male-

242 1148 361 1193 dicos.

240 1217 531 1259 maledictores.

426 1149 532 1191 Cato
566 1165 655 1191 cum
684 1151 1004 1206 proficisceretur
1026 1153 1066 1193 in
1092 1153 1316 1208 Hispania
1338 1167 1383 1194 re
1406 1152 1590 1193 movendi
1606 1158 1635 1176 ¹²

185 1284 422 1327 Malevolii
457 1286 667 1328 Mercurii
700 1287 869 1340 signum
894 1292 986 1330 erat
1008 1289 1209 1342 proxime
1232 1287 1261 1330 J
1267 1301 1411 1339 anum,
1435 1290 1510 1342 qui
1530 1290 1634 1332 item

788 1386 929 1398 eorem

226 1442 264 1470 12
291 1440 352 1471 Ed.
375 1440 465 1472 Scal.
490 1441 498 1457 ‘
513 1449 548 1471 re
576 1444 738 1474 monendi!

932 1386 1029 1399 eeeee

837 1536 978 1570 NOTAE

224 1610 236 1625 ε
255 1607 408 1647 Majorem
424 1611 600 1652 Consulem]
623 1612 774 1643 Alternis
789 1622 883 1644 men-

182 1656 272 1688 sibus
287 1659 377 1698 apud
406 1661 549 1692 alterum
572 1663 752 1694 Consulem
775 1662 883 1695 fasces

179 1714 290 1749 erant,
317 1721 382 1742 non
401 1722 505 1753 penes
535 1724 635 1745 unum
666 1720 819 1754 tantum3
847 1720 883 1747 et

178 1761 339 1801 majorem
357 1764 537 1795 Consulem
555 1765 684 1797 dietum
705 1765 806 1797 fuisse
824 1776 883 1807 pu·

180 1814 228 1850 to,
253 1812 310 1852 qui
339 1822 395 1843 eos
422 1814 564 1846 haberet
591 1816 696 1857 prior,
724 1826 800 1847 naun
828 1827 879 1847 su-

179 1870 273 1892 mere
288 1871 344 1893 eos
361 1864 506 1904 solebat,
529 1866 586 1906 qui
608 1867 716 1907 major
732 1872 813 1898 natu
831 1877 880 1897 es-

179 1916 240 1942 set.
289 1912 424 1944 Praetor
448 1921 561 1946 autem
590 1916 749 1948 Urbanus
776 1917 882 1956 Major

178 1961 370 2003 dicebatur,
382 1965 461 2006 quia
472 1966 606 2007 dignior
620 1973 693 1999 erat
708 1974 744 1999 et
759 1968 878 2000 hones-

176 2012 255 2053 tior,
269 2013 317 2045 ita
331 2020 367 2045 ut
381 2016 486 2048 veluti
500 2018 637 2059 proprio
649 2024 878 2059 cognomento

176 2064 362 2097 honoratus
377 2068 622 2108 appellaretur.
655 2070 758 2102 Ovid.
777 2070 834 2102 lib.
853 2080 876 2101 1.

177 2116 267 2147 Fast.
305 2118 314 2134 ‘
337 2119 517 2160 Verbaque
552 2119 737 2151 honoratus
772 2121 879 2152 libera

178 2166 313 2198 Praetor
329 2167 454 2201 babet.'
478 2169 577 2201 Idem.

222 2216 235 2235 f
254 2218 392 2257 Majores
418 2220 594 2261 flamines]
632 2221 714 2252 Tres
747 2225 877 2253 tantum

179 2267 288 2308 fuere,
312 2270 367 2310 qui
382 2271 523 2309 majores
540 2271 638 2312 dicti,
657 2272 773 2308 Dialis,
786 2272 878 2303 Mar-

179 2318 280 2359 tialis,
298 2326 332 2351 et
348 2321 554 2361 Quirinalis;
573 2333 658 2364 quos
675 2323 787 2354 Numa
805 2324 879 2355 Rex

180 2368 325 2401 instituit
343 2382 351 2402 ε
378 2372 499 2413 reliqui
515 2383 674 2414 processu
688 2378 877 2415 temporum

178 2419 229 2449 liis
243 2420 349 2452 additi
367 2433 373 2453 :
400 2433 475 2454 narn
499 2424 541 2455 ad
565 2425 756 2465 quindecim
770 2426 878 2457 crevit

180 2479 293 2501 eorum
311 2481 479 2509 numeruS,
504 2475 655 2506 Minores
680 2476 765 2507 dicti
790 2483 878 2508 suut.

180 2521 275 2552 Inter
302 2523 360 2553 hos
389 2526 541 2557 maximae
568 2526 775 2567 dignationis
804 2533 878 2558 erat

181 2573 304 2609 Dialis,
342 2575 486 2607 minimae
526 2579 730 2611 Pomonalis.
793 2580 878 2611 Vide

179 2624 187 2639 ¹
203 2624 364 2656 Maximae
382 2625 607 2665 dignationis?
633 2631 728 2662 Idem.

224 2674 238 2695 ¹¹
262 2674 499 2716 Maudio...]
537 2678 672 2711 Praeter
699 2682 875 2724 Hispania:

939 1612 1161 1647 mentionem,
1175 1618 1293 1642 cetera
1309 1620 1350 1642 ex
1368 1610 1467 1641 Pauli
1485 1609 1635 1650 epitome

938 1663 1183 1703 intelliguntur.
1210 1662 1287 1694 Ant.
1304 1663 1389 1701 Aug.

982 1713 1219 1753 Mulecliclores]
1260 1711 1378 1743 Infra:
1415 1712 1424 1728 ‘
1442 1712 1529 1742 Cato
1559 1720 1635 1742 cum

938 1764 1217 1806 proficisceretur
1249 1765 1282 1794 in
1313 1763 1513 1803 Hispaniam
1534 1761 1563 1794 :'
1601 1762 1635 1792 id

937 1819 1002 1856 est,
1017 1816 1103 1846 Cato
1117 1815 1149 1845 in
1163 1814 1379 1851 caeratione,
1393 1823 1491 1854 quam
1505 1812 1636 1851 habuit,

936 1876 1010 1897 cum
1029 1866 1070 1896 ad
1093 1866 1214 1896 bellum
1239 1864 1463 1904 Hispanicum
1484 1862 1636 1903 proficis-

936 1922 1095 1954 ceretur3
1120 1926 1208 1947 anno
1225 1916 1341 1946 mundi
1359 1918 1455 1946 3755.
1480 1915 1562 1945 Dae.

978 1966 985 1987 ¹
1010 1968 1171 2008 Mutet-oli]
1192 1967 1299 1999 ‚lanus
1318 1966 1351 1996 in
1366 1965 1536 1997 Turdellis
1560 1964 1634 2004 quis

932 2019 975 2050 sit
993 2019 1090 2059 plane
1108 2018 1237 2058 ignoro.
1262 2017 1340 2048 Ant.
1356 2016 1441 2055 Aug.

978 2069 1142 2109 Melet-oli]
1170 2069 1223 2099 Ita
1241 2067 1377 2108 scripsit
1395 2067 1516 2097 Festus
1535 2077 1541 2094 2
1561 2065 1633 2096 Ma—

932 2121 1022 2152 [evoli
1053 2119 1207 2150 Mercurii
1234 2118 1361 2157 signum
1390 2120 1457 2147 erat
1492 2117 1634 2156 proxime

931 2173 1060 2202 Janum.
1110 2170 1173 2205 Qui
1208 2169 1284 2199 ilem
1312 2172 1380 2199 erat
1415 2168 1447 2198 in
1481 2167 1636 2197 Turdellis

934 2221 1123 2259 Mercurius,
1137 2220 1302 2250 malevolus
1315 2218 1546 2259 appellabatur:
1571 2227 1634 2247 ma-

932 2273 1022 2304 levoli
1045 2276 1159 2311 autem,
1180 2272 1258 2311 quod
1283 2271 1316 2302 in
1338 2270 1453 2301 nullius
1475 2269 1634 2300 tabernam

932 2325 1120 2365 spectabant.
1146 2322 1293 2354 Notabis
1310 2328 1422 2352 alitem
1442 2323 1550 2352 locum
1566 2321 1633 2351 Ro-

933 2386 995 2406 mae
1010 2375 1201 2409 Turaeuos,
1225 2374 1320 2414 cujus
1343 2383 1440 2404 nemo
1462 2373 1546 2403 alius
1564 2373 1631 2403 Ve-

933 2432 1041 2458 terum
1059 2425 1265 2457 mentionem
1281 2424 1375 2456 facit.
1397 2425 1467 2455 Jos.
1487 2424 1569 2455 Scal-

977 2478 1125 2510 malevoli
1143 2476 1310 2516 Mercurii]
1336 2476 1408 2507 Has
1434 2477 1569 2506 lacunas
1585 2475 1632 2506 ita

935 2530 1013 2560 olim
1050 2529 1253 2569 expleverat
1293 2528 1456 2567 Scaliger.
1504 2527 1548 2557 Et
1584 2527 1632 2557 ita

934 2586 1051 2622 postea
1069 2581 1102 2611 iu
1120 2579 1261 2611 schedis.
1296 2578 1488 2609 Mercurius
1504 2583 1630 2617 autem,

934 2632 989 2673 qui
1022 2632 1052 2662 in
1083 2632 1205 2661 nullius
1236 2629 1412 2661 tabernam
1447 2632 1631 2668 spectaret,

933 2682 1116 2714 malevolus
1135 2681 1246 2713 dictus
1272 2684 1335 2720 est5
1359 2679 1435 2720 quia
1463 2679 1521 2711 Dii
1541 2680 1629 2720 aspi-
