1835 2906
284 123 370 166 226

730 135 879 166 SEXTI
915 135 1118 166 POMPEH
1154 135 1291 167 FESTI

342 231 710 274 adnumerabant:
741 232 842 273 hinc
879 231 1157 273 deducuntur
1185 245 1392 286 expensa,
1428 233 1522 274 sive
1558 234 1729 288 dispen-

340 303 453 348 sata,
489 299 562 340 vel
593 305 903 353 compensata:
934 301 1037 341 item
1071 300 1396 354 compendium,
1433 301 1729 355 dispendium,

343 366 667 420 assipondium,
687 368 976 421 dupondium.

285 436 557 489 Dispescere
571 433 584 457 f
601 440 668 478 est
686 436 859 490 proprie
875 449 1013 490 pecus
1030 449 1056 478 a
1072 436 1273 490 pastione
1294 435 1525 487 deducere,
1544 442 1595 479 ut
1610 450 1730 478 com-

340 516 533 557 pescere,
553 517 643 545 una
662 517 862 558 pascere,
881 509 939 555 et,
960 506 1004 546 in
1019 518 1106 546 uno
1129 505 1228 546 loco
1251 505 1486 545 continere.

284 570 521 612 Dissulens
538 577 554 601 g
574 584 737 625 porcus
759 571 930 622 dicitur,
954 586 1052 613 cum
1073 574 1119 613 in
1140 573 1313 613 cervice
1335 577 1452 614 setas
1474 572 1645 613 dividit.

283 637 518 688 Distisum,
539 643 580 680 et
599 638 841 692 pertisumh
876 640 1096 691 dicebant,
1131 640 1252 694 quod
1280 652 1396 681 nunc
1417 639 1664 691 distaesum,
1685 644 1730 682 et

339 709 594 757 pertaesum.

284 770 529 812 Dividiami
551 772 829 814 discordiam.

284 837 569 881 Dividiculak
607 840 777 893 antiqui
810 840 1030 889 dicebant,
1063 852 1163 893 quae
1189 853 1304 881 nunc
1332 844 1432 881 sunt
1457 839 1652 889 castella,
1672 853 1728 880 ex

339 906 500 959 quibus
521 919 548 947 a
568 906 663 947 rivo
685 906 900 948 communi
934 920 1094 961 aquam
1120 907 1311 962 quisque
1331 907 1376 947 in
1395 920 1524 947 suum
1545 906 1728 947 fundum

338 972 474 1014 ducit.

284 1039 441 1081 Dium¹
475 1041 644 1095 antiqui
668 1054 726 1082 ex
749 1041 911 1084 Graeco
934 1042 1238 1097 appellabant,
1259 1045 1304 1082 ut
1328 1054 1354 1083 a
1386 1041 1486 1082 Deo
1508 1045 1663 1090 ortum,
1685 1044 1729 1080 et

933 1171 1076 1203 NOTAE

281 1244 600 1277 nonnumerabant:
620 1245 679 1276 sed
694 1245 888 1287 pendebant
900 1255 976 1286 pas-

280 1295 342 1326 sim
359 1295 392 1326 in
407 1296 510 1326 sacris
528 1301 562 1327 et
581 1296 728 1337 profanis
746 1296 865 1327 literis.
905 1296 976 1326 Hu-

274 1346 332 1386 jus
354 1347 457 1377 moris
474 1347 651 1387 vestigium
675 1351 749 1377 erat
765 1347 795 1377 in
820 1346 893 1378 aede
917 1347 976 1378 Sa-

279 1396 370 1426 turni
389 1396 443 1427 ubi
469 1397 596 1427 trutina
620 1397 740 1436 posita.
786 1397 894 1428 Varro
918 1398 976 1429 lib.

279 1455 328 1477 1v.
351 1447 360 1463 ‘
380 1447 447 1477 Per
464 1447 623 1478 trutinam
640 1448 724 1478 solvi
740 1448 888 1488 solitum,
904 1457 977 1478 ves-

277 1496 397 1536 tigium
414 1496 515 1527 etiam
533 1507 622 1528 nunc
645 1503 759 1529 manet
781 1498 813 1528 in
831 1498 902 1529 aide
919 1498 977 1528 Sa-

280 1546 381 1584 turni,
407 1546 496 1586 quod
526 1556 567 1577 ea
592 1547 694 1578 etiam
722 1557 811 1579 nunc
836 1553 977 1589 propter

279 1603 457 1634 pensuram
491 1596 650 1627 trutinam
677 1597 780 1628 habet
811 1597 979 1637 positam.'

278 1645 306 1674 A
323 1645 501 1685 pendendo
519 1646 620 1686 igitur
636 1646 888 1687 dispensatores
905 1647 976 1678 dic-

278 1695 317 1733 ti,
354 1695 410 1735 qui
446 1696 605 1736 pecunias
638 1697 845 1737 pendebant.
891 1697 977 1728 Inde

278 1755 422 1785 expensa,
448 1756 522 1786 quae
550 1746 592 1777 de
619 1747 770 1787 pondere
799 1747 978 1778 detrahun-

278 1802 347 1834 tur,
362 1799 568 1836 compensata,
584 1807 658 1837 quae
681 1797 801 1838 aequali
827 1797 977 1837 pondere

278 1844 369 1875 facta
385 1850 477 1876 sunt.
524 1846 757 1885 Compendium,
774 1857 847 1878 cum
865 1857 977 1888 aequa-

278 1896 328 1926 les
351 1896 475 1936 aliquid
509 1896 666 1927 addendo
693 1897 879 1929 redduntur
908 1899 978 1929 lan-

278 1955 345 1977 ces.
380 1946 597 1987 Dispendium‚
612 1946 771 1987 ponderis
787 1948 979 1988 diminutio,

278 2006 353 2027 cum
379 1996 460 2037 quid
483 1996 623 2037 ponderi
648 1998 850 2036 detrahitur,
863 1999 975 2030 Varro

278 2045 335 2077 lib.
354 2056 405 2077 ιν.
430 2051 439 2064 ‘
457 2046 510 2078 Ab
527 2047 646 2078 eodem
663 2057 731 2078 aere
749 2048 976 2088 impendendo

277 2097 503 2138 dispensator,
529 2104 563 2129 et
592 2098 625 2128 in
651 2098 775 2129 tabulis
797 2099 975 2131 scribimus

277 2157 476 2188 expensum,
492 2153 527 2178 et
554 2148 632 2179 inde
658 2149 764 2188 prima
787 2150 916 2189 pensio,
938 2155 974 2181 et

277 2198 325 2228 sic
343 2203 402 2229 aut
420 2197 578 2238 secunda,
595 2204 653 2229 aut
670 2209 744 2239 quae
766 2199 843 2236 alia,
859 2205 893 2230 et
908 2199 974 2231 dis-

276 2247 438 2286 pendium
463 2247 540 2278 ideo
566 2248 654 2289 quod
678 2248 711 2279 in
740 2248 974 2289 dispendendo

277 2296 363 2327 solet
378 2298 484 2328 minus
501 2296 596 2328 fleri:
621 2297 872 2338 compendium,
884 2298 972 2339 quod

278 2356 354 2376 cum
392 2347 639 2388 compenditur,
671 2358 737 2379 una
774 2348 842 2380 sit.'
885 2349 973 2379 Vide

275 2396 365 2428 Plin.
382 2398 439 2428 lib.
456 2408 544 2429 xxx.
560 2409 635 2440 cap.
649 2402 682 2431 3.
705 2399 790 2430 Inde
806 2403 858 2430 est
870 2400 972 2430 etiam

277 2448 366 2487 quod
385 2457 470 2479 nunc
487 2449 628 2480 dicimus
648 2455 657 2467 ‘
671 2459 787 2490 poenas
804 2448 976 2490 pendere‚’

277 2498 354 2538 quia
377 2498 421 2528 ob
448 2498 607 2530 delictum
624 2500 770 2531 Veteres
794 2499 972 2540 pecuniam

277 2556 344 2578 non
371 2551 592 2588 numeratam,
618 2550 677 2580 sed
703 2559 839 2590 pensam
867 2549 972 2580 solve-

276 2597 371 2628 bant.
393 2597 479 2627 Vide
495 2597 504 2613 ‘
524 2599 696 2637 pendere?
713 2601 794 2631 Dac.

319 2646 331 2667 f
348 2648 547 2688 Dispescere]
585 2648 669 2679 Vide
705 2653 714 2666 ⁶
731 2648 973 2690 compescere.’

281 2696 376 2728 Idem.

1074 1251 1090 1273 ε’
1114 1245 1294 1286 Dissulcus]
1329 1245 1560 1278 Glossarium:
1594 1244 1603 1262 ⁴
1617 1245 1728 1276 Disui-

1032 1297 1092 1332 cis,
1108 1296 1338 1337 χυροσδιαίτης,
1353 1295 1503 1335 διαύλαξ.’
1547 1297 1645 1337 Lege,
1660 1297 1728 1335 χοῖ-

1031 1359 1082 1387 ρος
1096 1347 1249 1386 &axaf-rm.
1272 1348 1341 1378 Jos.
1357 1347 1439 1378 Scal.

1076 1397 1254 1437 Dissuccus]
1303 1398 1446 1436 Porcus,
1477 1396 1532 1437 qui
1574 1401 1663 1427 setas
1694 1397 1727 1427 in

1033 1447 1145 1478 fronte
1168 1448 1215 1477 ita
1235 1447 1359 1478 divisas
1375 1447 1490 1485 habet,
1507 1451 1543 1477 ut
1559 1446 1591 1476 in
1616 1445 1728 1476 medio

1032 1497 1128 1538 quasi
1145 1497 1255 1527 sulcus
1269 1495 1445 1527 efficiatur.
1463 1496 1614 1527 Glossar.
1630 1497 1638 1513 ‘
1652 1496 1729 1526 Dis-

1032 1549 1157 1585 sulcus,
1180 1547 1286 1587 χοῖρυς
1302 1546 1466 1586 διχαίτης.’
1492 1546 1573 1577 Duc.

1073 1596 1087 1617 ¹¹
1112 1598 1280 1634 Distssum,
1295 1600 1325 1628 et
1338 1596 1506 1637 pertisum]
1534 1596 1583 1627 Ut
1601 1606 1620 1627 a
1635 1597 1644 1613 ‘
1659 1605 1725 1627 cae-

1032 1647 1099 1687 d0,'
1116 1647 1124 1663 ‘
1138 1647 1256 1678 occido
1271 1646 1291 1677 :’
1324 1647 1372 1678 sic
1397 1657 1416 1677 a
1440 1648 1448 1663 ‘
1462 1645 1591 1682 taedet,’
1608 1650 1616 1663 ‘
1631 1646 1726 1677 disti-

1032 1697 1129 1737 snm‚’
1168 1702 1176 1715 ‘
1195 1695 1393 1736 distaesum,’
1431 1702 1466 1727 et
1505 1701 1513 1713 ‘
1537 1695 1727 1737 pertisum,’

1031 1749 1040 1765 ‘
1054 1748 1257 1790 pertaesunss
1284 1749 1381 1779 Idem.

1073 1798 1080 1819 ³
1103 1798 1282 1839 Dividiam]
1307 1798 1437 1829 Glossae
1455 1808 1462 1829 :
1489 1801 1497 1815 ‘
1515 1796 1666 1832 Dividia,
1684 1798 1726 1827 δι-

1031 1847 1161 1888 χόνοια.’
1186 1849 1275 1879 Vide
1293 1848 1561 1889 Conjectaneum
1575 1848 1725 1878 tertium.

1031 1900 1100 1931 Jos.
1115 1900 1196 1931 scal.

1072 1948 1250 1989 Dividiam]
1267 1949 1492 1980 Discordiam.
1504 1946 1618 1979 Attius
1628 1946 1727 1977 Phoe·

1028 1998 1146 2029 nissis:
1172 2000 1180 2016 ‘
1198 1999 1251 2029 Ne
1268 2000 1382 2029 horum
1397 1998 1532 2029 dividiae
1550 1996 1724 2027 discordes

1026 2049 1205 2090 dissipent,
1225 2049 1426 2079 Disturbent
1455 2052 1563 2078 tantas
1589 2051 1625 2077 et
1653 2051 1722 2076 tam
1760 2081 1765 2083 =

1027 2101 1173 2144 optimas
1190 2100 1320 2131 Civium
1337 2098 1496 2129 divitias)
1543 2097 1651 2130 Quem
1676 2097 1725 2127 Ιο-

1026 2159 1101 2180 cum
1120 2148 1261 2179 afferens
1281 2148 1411 2180 Nonius
1423 2147 1576 2178 similiter
1588 2147 1724 2177 (lividius

1026 2198 1252 2229 dissensiones
1271 2198 1528 2238 interpretatur.
1563 2198 1606 2228 Et
1624 2198 1723 2228 Glos-

1026 2249 1148 2278 sarium
1165 2258 1174 2278 :
1189 2248 1197 2263 ‘
1216 2247 1524 2288 Dividia‚6ax6voia‚
1536 2247 1722 2279 dissentio.'

1027 2296 1203 2338 Significat
1241 2297 1343 2328 etiam
1381 2298 1501 2328 dividia
1539 2297 1725 2336 tristitiam,

1026 2348 1178 2380 taedium.
1201 2348 1314 2379 Plaut.
1330 2348 1453 2379 Bacch.
1469 2356 1516 2378 iv.
1532 2350 1564 2379 6.
1588 2352 1596 2365 ‘
1608 2347 1722 2378 Nimio

1027 2398 1116 2429 illaec
1142 2407 1196 2429 res
1223 2402 1275 2428 est
1302 2407 1431 2437 magnae
1458 2397 1596 2428 dividiae
1620 2396 1722 2427 mihi!

1027 2448 1113 2479 Vide
1127 2448 1227 2478 Varr.
1245 2448 1300 2478 lib.
1316 2457 1367 2479 vr.
1392 2448 1471 2479 Dae.

1070 2496 1084 2517 Κ
1108 2496 1306 2537 Dividicula]
1352 2498 1498 2529 Castelia
1525 2501 1621 2528 erant
1646 2497 1720 2528 loca

1027 2558 1101 2590 quae
1126 2558 1245 2589 aquam
1273 2548 1441 2588 publicam
1459 2546 1668 2586 recipiebant
1685 2553 1719 2576 et

1026 2599 1059 2629 in
1089 2599 1178 2629 varia
1203 2598 1276 2629 loca
1306 2596 1553 2630 tramittebant,
1582 2596 1669 2627 unde
1700 2606 1719 2627 a

1027 2650 1035 2666 ‘
1051 2646 1258 2686 dividendo,’
1274 2647 1282 2663 ‘
1297 2645 1480 2676 dividicula
1494 2645 1502 2658 ’
1519 2644 1620 2676 dicta.
1646 2645 1696 2676 111.

1072 2697 1079 2718 ¹
1100 2696 1213 2735 DIum]
1239 2697 1277 2726 Et
1300 2696 1369 2725 dius
1385 2695 1507 2725 heroum
1522 2695 1647 2735 uliquis,
1663 2696 1716 2730 ἃς.
