1835 2906
189 69 273 111 572

617 78 767 109 SEXTI
803 79 979 110 POMPEI
989 80 1003 109 I
1039 79 1175 110 FESTI

244 175 396 218 sini81¹1
415 175 544 229 regis,
567 176 639 216 cui
670 188 913 228 cognomen
945 175 1030 215 suit
1061 175 1268 224 Lucullo,
1299 179 1467 228 partem
1489 176 1628 217 Italiae

245 250 530 297 occuparunt.

595 243 746 296 Hujus
766 243 939 284 suerunt
958 246 1142 296 nepotes
1160 242 1372 293 Facinus,
1392 255 1418 284 a
1434 256 1521 297 quo
1543 243 1630 284 Pa-

242 312 466 362 cinates,9⁰
487 314 532 352 et
550 310 744 360 Pelicus,
767 324 794 351 a
814 323 900 364 quo
922 310 1111 363 Peligni.

187 379 359 421 Pellem
379 380 539 420 habere
552 384 568 400 ⁰
602 378 826 419 Hercules
855 377 1041 430 fingitur,
1072 382 1123 419 ut
1141 377 1337 420 homines
1357 379 1502 420 cultus
1523 378 1630 419 anti-

243 448 320 501 qui
342 447 653 488 admoneantur
672 459 680 483 :
711 446 905 498 lugentes
927 457 1104 499 quoque
1125 444 1284 486 diebus
1301 446 1449 487 luctus
1470 446 1513 486 in
1534 444 1629 498 pel-

241 515 359 556 libus
380 518 491 556 sunt.

186 582 417 633 Pellexit,p
445 583 490 624 in
509 582 705 623 fraudem
726 581 918 622 induxit.

186 650 447 700 Pellicator,
467 651 544 704 qui
565 649 730 702 pellicit
749 649 805 689 ad
824 648 1032 690 fraudem.

185 717 403 758 Pellicesq
433 730 547 758 nunc
579 716 754 770 quidem
786 717 1068 770 appellantur
1097 716 1254 758 alienis
1274 717 1629 767 succumbentes,

240 799 326 826 non
348 786 492 826 solum
512 785 721 835 foeminae,
743 784 817 825 sed
840 785 971 826 etiam
993 790 1167 826 mares.r
1210 784 1395 838 Antiqui
1415 798 1509 826 eam
1531 797 1629 839 pro-

236 854 332 907 prie
355 854 557 907 pellicem
579 852 874 902 nominabant,
892 866 993 906 quae
1013 865 1194 894 uxorem
1216 853 1392 894 habenti
1411 853 1627 893 nubebat:

239 922 312 962 cui
334 922 477 974 generi
508 922 740 962 mulierum
761 921 891 962 etiam
916 933 1054 975 poena
1074 921 1321 962 constituta
1343 926 1412 961 est
1432 933 1459 961 a
1481 920 1629 961 Numa

242 988 463 1044 Pompilio
500 989 585 1031 hac
616 989 736 1043 lege:
767 1000 964 1030 PELLEX
1001 999 1141 1030 ARAM
1173 988 1395 1030 JUNONIS
1420 999 1485 1028 NE
1508 999 1629 1029 TAN-

783 1135 800 1145 ο
808 1134 1028 1146 'omoeoeee

226 1227 245 1255 8
267 1223 321 1254 ΑΙ.
343 1222 485 1260 Volsinii,
507 1222 642 1259 Volsuri,
670 1227 705 1254 et
738 1223 915 1256 Volsci.—9
938 1223 1004 1255 Alii
1038 1222 1182 1263 Pecinus‚
1204 1233 1221 1252 α
1242 1231 1299 1262 quo
1326 1220 1501 1252 Pecz‘nates.
1548 1220 1628 1254 Aut.

184 1267 273 1308 Aug.
297 1267 440 1306 Pz'cz'nus,
456 1277 474 1296 α
491 1276 547 1307 quo
566 1267 725 1298 Picentes.

832 1417 976 1450 NOTAE

180 1516 240 1551 vis,
257 1516 350 1548 miles
362 1517 521 1558 Peligue,
536 1517 669 1549 Sabinis
684 1516 877 1550 Convenit!

178 1567 262 1599 Dae.

222 1623 244 1638 ¹¹²
270 1619 377 1650 Duclu
398 1619 532 1660 Volsini]
549 1620 716 1651 Scribitur
735 1619 877 1655 Volsimi,

184 1669 321 1710 Volsuri‚
337 1675 372 1701 et
393 1672 501 1703 l‘olsei.
532 1671 599 1703 Sed
614 1672 647 1703 in
665 1681 701 1702 re
718 1671 803 1702 adeo
820 1671 875 1702 ob-

179 1722 445 1761 scurajudicare
463 1721 610 1754 difficile.
635 1723 731 1753 Idem.

220 1777 234 1791 ¹¹
251 1773 395 1812 Facinus,
410 1784 429 1804 α
441 1784 497 1814 quo
513 1773 697 1812 Pacinales]
716 1773 769 1804 ΑΙ.
789 1772 876 1804 Peci-

178 1832 235 1853 nus
265 1834 283 1853 ιι
311 1834 367 1864 quo
398 1824 574 1856 Pecinales.
619 1825 682 1855 Vel
707 1825 840 1855 Picinns
860 1834 878 1854 a

177 1882 234 1911 quo
247 1873 401 1904 Picentes.
427 1873 519 1904 Infra
535 1880 647 1905 tamen
666 1875 698 1905 in
713 1885 794 1905 voce
811 1874 877 1914 ‘pi-

178 1922 287 1961 cena‚’
312 1924 456 1954 Picentes
477 1935 542 1955 non
569 1936 587 1956 a
606 1927 723 1966 piceno,
750 1925 809 1956 sed
836 1925 878 1955 ab

177 1981 239 2003 ave
265 1974 334 2013 pico
357 1974 467 2005 dictos
489 1974 603 2015 docet,
627 1976 682 2007 cui
709 1976 879 2007 consentit

175 2024 310 2055 Strabo.
336 2025 432 2057 Idem.

221 2079 234 2093 0
260 2074 376 2106 Pellem
392 2076 518 2116 habere]
543 2077 698 2109 Pellibus
717 2077 879 2115 ferarum,

176 2125 351 2165 praecipue
374 2127 521 2166 leonum,
539 2127 607 2166 tegi
634 2128 787 2159 solebant
813 2129 879 2168 pri-

176 2175 238 2205 mis
263 2176 483 2216 temporibus.
519 2178 615 2217 Virg.
633 2187 675 2209 ιι.
692 2179 767 2209 AEn.
792 2177 879 2209 ‘ful-

178 2225 277 2266 vique
296 2226 464 2258 insternor
481 2228 569 2268 pelle
585 2228 714 2259 leonis.'
739 2229 836 2259 Idem.

221 2280 236 2301 ¹¹
260 2276 414 2318 pellea-it]
431 2278 518 2309 Vide
534 2278 684 2310 ‘adlicit’
701 2283 737 2310 et
753 2280 762 2296 ‘
776 2278 879 2310 lacit.’

180 2326 332 2358 Pellicere
349 2328 452 2359 etiam
479 2329 512 2359 in
539 2332 590 2360 12.
624 2329 694 2360 tab.
719 2339 780 2370 pro
808 2339 880 2361 car-

178 2376 323 2407 minibus
349 2378 484 2410 elicere.
531 2378 632 2410 ‘Neu
658 2380 799 2410 alienam
827 2390 879 2411 se-

180 2430 293 2464 getem
310 2428 514 2467 pellexeris,’
536 2429 600 2461 hoc
616 2434 682 2470 est,
702 2435 739 2460 ut
756 2430 878 2469 virgil.

180 2481 217 2507 et
232 2477 341 2509 Tibul.
365 2479 531 2520 dicerent,
553 2481 754 2512 traduxeris.
779 2482 876 2513 Idem.

222 2531 237 2552 ‘l
254 2527 403 2568 Pellices]
421 2530 450 2560 A
463 2531 587 2562 Graeco
600 2531 774 2570 πάλλακες,
787 2532 877 2565 Geli.

179 2576 239 2607 lib.
268 2586 317 2607 lv.
340 2587 415 2618 cap.
443 2582 474 2609 3.
520 2581 584 2611 Sed
612 2592 687 2613 cum
711 2583 876 2622 pelle.1·sit

179 2628 263 2668 ojus,
294 2627 350 2668 qui
375 2628 500 2660 habeat
537 2640 686 2673 uxorem,
725 2633 875 2671 παλλακὴ

930 1524 1009 1547 vero
1026 1514 1168 1554 coelibis,
1194 1513 1297 1554 magis
1315 1513 1427 1555 placet
1443 1511 1531 1543 Jano
1547 1510 1627 1542 Gni-

929 1567 1054 1604 neimo,
1079 1571 1116 1597 ut
1142 1567 1245 1606 pellex
1261 1565 1305 1596 sit
1332 1575 1351 1595 a
1373 1563 1569 1604 pelliciendo,
1589 1565 1628 1592 ut

930 1618 972 1649 ab
989 1619 998 1635 ‘
1012 1616 1209 1652 illicieudo‚’
1223 1614 1342 1646 ‘iilexl
1374 1616 1501 1646 Contra
1516 1618 1629 1643 tamen

928 1669 1028 1699 Voss.
1046 1668 1078 1698 in
1104 1668 1252 1707 Etymol.
1300 1671 1307 1683 ¹
1321 1666 1404 1698 Quis
1423 1662 1555 1701 nescit‚'
1580 1662 1629 1693 in-

928 1720 1012 1760 quit,
1031 1724 1037 1736 ¹
1054 1729 1129 1749 cuin
1157 1727 1258 1749 voces
1285 1726 1328 1747 ex
1357 1725 1424 1746 una
1451 1715 1566 1755 lingua
1593 1713 1627 1743 iu

927 1771 1025 1802 aliam
1041 1768 1337 1807 transfunduntur,
1348 1765 1629 1808 quemadmodum

929 1821 960 1852 in
975 1821 1060 1852 vinis
1072 1820 1120 1856 fit,
1135 1820 1182 1850 ita
1193 1819 1307 1850 ethaec
1324 1826 1459 1859 quoque
1477 1814 1630 1846 nonnihil

930 1871 1022 1902 abire
1050 1881 1068 1901 a
1086 1871 1192 1912 priori
1216 1869 1359 1901 natura?
1405 1869 1518 1900 Quare
1548 1865 1628 1896 mihi

930 1922 1066 1963 quidem
1084 1921 1223 1952 dubium
1253 1929 1318 1950 non
1346 1918 1397 1957 fit,
1425 1917 1504 1958 quin
1529 1915 1630 1956 pellex

931 1974 974 2004 sit
990 1983 1008 2004 a
1023 1972 1191 2012 παλλακὶς,
1216 1972 1340 2002 extrito
1357 1971 1379 2004 i,
1405 1974 1440 2000 et
1466 1976 1630 1999 converso

930 2036 948 2055 α
966 2025 998 2055 in
1010 2024 1049 2056 e.'
1074 2024 1150 2055 Hoc
1164 2023 1317 2054 Vossius.
1342 2021 1408 2052 Sed
1423 2029 1498 2051 cuin
1516 2018 1629 2051 Graeci

930 2074 1065 2114 πάλλαξ,
1092 2079 1125 2105 et
1140 2072 1266 2111 πάλληξ
1286 2072 1451 2109 dixerint,
1473 2068 1551 2100 inde
1578 2066 1628 2098 fa-

931 2126 1028 2157 cilius
1038 2126 1157 2165 pellex.
1177 2124 1285 2154 Idem.

973 2181 984 2196 Γ
1006 2176 1069 2206 Sed
1082 2175 1177 2206 eliam
1194 2170 1308 2210 mares]
1334 2170 1393 2202 Ait
1409 2179 1508 2200 mares
1525 2168 1628 2199 etiam

926 2229 1051 2270 pellices
1067 2227 1148 2266 dici,
1163 2225 1252 2267 quod
1265 2233 1377 2255 verum
1391 2226 1454 2253 est.
1479 2219 1629 2261 Hesycli.

929 2278 1121 2319 παλλάκιον,
1161 2275 1326 2317 μειράκιον,
1365 2274 1489 2315 pellex,
1532 2280 1629 2312 puer.

931 2332 1041 2363 Gioss.
1052 2335 1137 2361 vett.
1148 2330 1156 2346 ‘
1170 2324 1629 2366 wannaxiyffioncubinaffiuc-

932 2383 1030 2420 cuba,
1047 2380 1185 2422 pellex!
1218 2380 1319 2413 Item,
1346 2379 1354 2394 ‘
1369 2375 1505 2414 πάλληξ,
1524 2384 1628 2415 pupa,

930 2435 1070 2475 pupula,
1099 2429 1311 2464 catulaster!
1346 2428 1447 2467 Item,
1482 2428 1490 2442 ‘
1504 2424 1627 2455 παλλά-

929 2496 1006 2524 κιον,
1037 2479 1303 2515 concubiuatus.’
1361 2477 1428 2508 Ubi
1449 2474 1627 2507 manifeste

928 2534 1106 2575 legendum
1136 2531 1329 2562 concubinus.
1389 2528 1509 2566 Neque
1539 2526 1625 2556 euim

929 2595 1075 2627 unquam
1090 2583 1242 2624 Jmllucion
1267 2580 1309 2611 (le
1326 2578 1531 2610 scortatione
1557 2576 1624 2606 dici

926 2640 1053 2677 potest,
1069 2633 1126 2665 sed
1141 2633 1183 2663 de
1200 2630 1361 2663 scortiilo.
1386 2628 1483 2658 Idem.
