1835 2906
197 127 281 167 112

660 139 806 170 SEXTl
842 140 1045 171 ΡΟΜΡΕΙΙ
1081 140 1217 172 FES'rr

196 232 402 282 Bellulef*
423 233 540 286 apud
557 234 778 285 Plautum,
795 235 1110 277 deminutivum
1122 235 1375 278 adverbium
1389 241 1458 278 est
1474 249 1500 277 a
1516 237 1642 285 bene,

251 300 374 353 quod
396 300 501 341 facit
521 301 649 350 belle,
671 306 717 342 et
736 301 916 342 bellule.

195 366 401 410 Bellumb
431 381 457 408 a
485 369 644 409 belluis
674 369 854 411 dicitur:
897 369 1004 422 quia
1028 370 1280 411 belluarum
1301 370 1361 410 sit
1389 370 1642 424 perniciosa

254 435 490 476 dissensio.

195 502 425 551 Bellutus‚c
445 503 602 543 bestiae
626 503 796 543 similis.

190 569 472 610 Beneficiarii
490 567 507 590 ἀ
529 569 785 611 dicebantur
805 571 983 622 milites,
1005 572 1082 626 qui
1103 572 1324 613 vacabant
1344 572 1536 612 muneris
1558 572 1636 612 be-

245 635 403 677 neficio
423 649 432 676 :
464 649 487 676 e
509 637 727 677 contrario
748 638 973 679 munifices
990 640 1279 689 vocabantur,
1302 639 1376 692 qui
1398 651 1482 679 non
1504 651 1640 679 vaca-

244 704 352 744 bant
369 717 378 753 ;
412 704 492 744 sed
512 717 669 745 munus
686 704 944 757 reipublicae
965 706 1200 748 faciebant.

192 771 492 811 Beneventum
510 776 523 792 e
556 771 727 812 colonia
748 785 848 813 cum
871 772 1174 822 deduceretur,
1203 771 1419 826 appellari
1441 779 1639 826 coeptum

842 908 980 940 NOTAE

188 982 371 1021 repetisset
386 987 480 1022 pater
495 987 658 1023 patratus.
699 984 708 999 ⁴
727 984 791 1014 Sed
810 993 886 1015 cum

187 1032 311 1072 Pyrrhi
324 1033 532 1072 temporibus
546 1033 708 1064 adversus
722 1038 887 1065 transma-

187 1082 297 1113 rinum
314 1082 443 1113 hostem
462 1083 584 1114 bellum
601 1084 743 1115 Romani
758 1085 887 1124 gesturi

186 1138 314 1171 essent,
350 1143 413 1164 nec
448 1133 639 1164 invenirent
671 1135 797 1173 locum,
829 1135 887 1166 nbi

185 1184 274 1214 hanc
292 1184 539 1214 solemnitatem
556 1193 617 1224 per
634 1184 787 1215 Feciales
803 1184 887 1215 indi—

186 1233 285 1264 cendi
301 1234 378 1264 belli
391 1233 619 1269 celebrarent,
631 1234 799 1266 dederunt
809 1244 888 1276 ope-

186 1294 272 1322 ram,
288 1289 326 1315 ut
343 1294 426 1315 unus
444 1284 485 1315 de
510 1285 632 1325 Pyrrhi
649 1285 811 1316 militibus
833 1295 888 1316 ca-

185 1339 340 1375 peretur,
356 1344 454 1375 quem
468 1334 623 1365 fecerant
645 1335 677 1365 in
695 1336 795 1366 Circo
813 1336 886 1366 Fla-

184 1384 287 1415 minio
303 1385 413 1415 locum
441 1393 579 1424 capere,
599 1388 636 1415 ut
653 1385 747 1425 quasi
763 1385 795 1415 in
811 1385 885 1416 hos·

184 1435 234 1465 tili
252 1435 396 1475 locojus
411 1434 489 1465 belli
504 1435 675 1465 indicendi
694 1435 887 1475 implerent.

187 1484 344 1524 Denique
363 1486 396 1515 in
414 1494 454 1515 eo
473 1485 548 1515 loco
572 1490 650 1516 ante
667 1485 784 1516 AEdem
808 1486 887 1516 Bel-

184 1533 272 1565 lonae
286 1539 488 1565 consecrata
504 1539 555 1565 est
572 1536 737 1565 columna.
775 1535 887 1566 Varro

185 1584 218 1614 in
236 1584 363 1614 Caleno
376 1584 424 1614 ita
434 1585 502 1614 ait:
528 1584 641 1615 Duces
653 1594 728 1615 cum
744 1585 886 1624 primum

185 1634 344 1665 hostilem
383 1643 499 1674 agrum
539 1634 733 1674 introirent,
767 1635 886 1666 ominis

186 1695 285 1716 causa
313 1685 407 1726 prius
435 1686 564 1716 hastam
598 1686 630 1715 in
661 1695 736 1716 eum
769 1695 885 1725 agrum

185 1735 383 1774 mittebant,
394 1740 430 1766 ut
443 1735 563 1766 castris
577 1736 686 1766 locum
701 1735 888 1775 caperent!

186 1785 287 1816 Unde
303 1785 462 1816 discimus
477 1794 544 1815 non
562 1785 594 1814 in
612 1785 769 1815 omnibus
792 1785 886 1815 bellis

185 1835 314 1866 hastam
329 1844 431 1875 super
448 1844 520 1864 eam
549 1835 739 1865 columnam
758 1835 887 1875 jecisse

186 1886 371 1923 Romanos,
400 1884 458 1915 sed
492 1889 624 1915 tantum
662 1894 735 1915 enm
767 1885 887 1915 deerat

186 1945 267 1966 vere
282 1934 415 1965 hostilis
430 1935 534 1965 locus.
573 1934 686 1974 Atque
703 1934 791 1965 hunc
817 1945 885 1965 mo-

186 1995 257 2016 rem
274 1984 510 2025 proculdubio
528 1985 622 2015 nobis
639 1985 790 2024 apertius
809 1985 885 2015 Fes-

188 2041 242 2066 tus
259 2036 503 2076 explicaverat,
526 2035 589 2066 nisi
618 2035 723 2066 verba
738 2036 811 2075 ejus
828 2045 886 2066 no-

186 2085 240 2116 bis
281 2085 457 2116 mutilator
498 2084 661 2116 barbarus
700 2085 887 2116 invidisset.

188 2136 296 2166 Porro
327 2135 414 2166 Pub.
445 2136 567 2166 Victor
595 2137 627 2166 in
658 2135 887 2175 descriptione

187 2186 295 2226 urbis,
312 2186 344 2216 in
363 2186 501 2226 regione
524 2189 555 2217 9.
588 2187 597 2202 ‘
614 2185 714 2216 AEdes
736 2186 886 2217 Beuonae

188 2246 306 2267 versus
334 2242 466 2276 portam
496 2236 760 2267 Carmentalem.
798 2235 887 2266 Ante

187 2286 275 2317 hanc
292 2286 399 2317 aedem
416 2287 571 2317 columna
583 2286 685 2316 index
703 2285 781 2317 belli
800 2285 886 2317 infe-

190 2335 310 2365 rendi-¹
335 2336 431 2366 Idem.

233 2390 248 2405 ὃ
272 2385 409 2424 Bellule]
436 2385 463 2415 A
488 2386 587 2426 bene,
616 2386 754 2425 benule,
788 2386 887 2426 belle,

189 2435 328 2466 bellule.
352 2435 451 2467 Idem.

233 2483 247 2504 b
270 2484 409 2524 Bellum]
434 2484 464 2514 A
492 2484 623 2523 belluis,
648 2492 684 2517 ut
709 2488 780 2518 vult
807 2487 886 2517 Fes-

191 2538 258 2565 tus,
278 2534 345 2564 Sed
363 2534 484 2564 belluae
503 2537 614 2574 potius
628 2547 645 2566 a
664 2538 760 2569 bello.
787 2537 886 2568 Prius

190 2582 368 2613 dicebatur
382 2584 525 2618 duellum,
543 2584 619 2614 inde
636 2585 757 2618 bellum.
781 2587 887 2619 Quin-

190 2632 297 2662 tilian.
321 2632 378 2662 lib.
394 2641 420 2663 r.
435 2642 511 2671 cap.
528 2636 559 2662 5.
594 2635 602 2649 ‘
621 2634 688 2664 Sed
706 2636 737 2665 Β
755 2644 888 2676 quoque

191 2682 226 2713 in
240 2682 350 2714 locum
367 2682 506 2713 aliarum
529 2682 681 2714 dedimus
697 2686 888 2726 aliquandi),

941 984 1030 1017 unde
1053 985 1201 1016 Burrhus
1224 988 1259 1016 et
1286 984 1412 1023 Bruges
1437 985 1474 1013 et
1497 982 1642 1012 Βιιῑαήα.

943 1035 1018 1066 Nec
1031 1045 1097 1066 non
1108 1035 1228 1066 eadem
1242 1033 1326 1065 fecit
1338 1043 1379 1064 ex
1396 1033 1508 1067 duello,
1520 1031 1643 1062 bellum.

941 1085 1042 1117 Unde
1058 1086 1199 1117 Duellius
1226 1084 1361 1126 quidam
1386 1083 1504 1114 dicere
1522 1082 1642 1113 Bellios

941 1134 1039 1166 ausi-⁹
1062 1136 1159 1166 Idem.

985 1190 998 1206 ⁰
1020 1185 1180 1225 Bellutus]
1204 1183 1322 1216 Malim
1338 1183 1500 1221 helluatus,
1517 1187 1554 1212 ut
1571 1180 1643 1212 bel-

941 1236 1034 1266 luata
1052 1235 1196 1275 tapetia,
1217 1244 1294 1275 quae
1320 1233 1450 1264 belluas
1468 1230 1641 1269 referunt;

942 1286 1001 1317 sed
1017 1286 1196 1325 legendum
1210 1285 1338 1315 belluas.
1361 1283 1492 1314 Glossae
1507 1281 1643 1312 Isidori:

941 1339 949 1354 ‘
969 1337 1111 1375 belinus,
1128 1336 1274 1367 moribus
1287 1331 1498 1366 belluarum.'
1523 1332 1620 1362 Idem.

982 1386 997 1407 ἀ
1020 1386 1242 1428 Beneficiurii]
1277 1383 1487 1416 Emendabat
1516 1382 1643 1413 Salma-

941 1437 1021 1477 sius,
1045 1437 1099 1477 quz'
1123 1435 1299 1468 muneribus
1324 1433 1469 1466 vacabunt
1486 1432 1643 1473 beneficio.

940 1487 1008 1519 Sed
1037 1488 1116 1528 quia
1140 1496 1200 1526 per
1228 1484 1429 1516 beneficium
1459 1483 1642 1522 imperato-

943 1547 1013 1568 rum
1032 1537 1200 1567 vacabant
1226 1533 1437 1571 muneribus,
1464 1532 1641 1571 legendum

942 1591 994 1616 est
1019 1587 1143 1626 potius,
1167 1586 1219 1625 qui
1242 1583 1393 1615 vacabant
1418 1591 1541 1612 munere
1556 1581 1642 1611 ducis

942 1636 1096 1677 beneficio.
1127 1636 1190 1666 Illa
1206 1644 1331 1665 munere
1346 1633 1445 1671 ducis,
1460 1631 1644 1662 obliterata

942 1685 1070 1727 syllaba
1081 1687 1135 1724 du,
1146 1684 1334 1722 Munerecis,
1350 1683 1382 1713 in
1399 1681 1534 1712 intineris
1551 1685 1642 1720 post-

941 1747 982 1768 ea
996 1742 1168 1776 corrupta.
1204 1733 1418 1765 Beneficiarii
1434 1732 1547 1765 iidem,
1564 1731 1642 1761 inde

941 1793 975 1817 et
993 1787 1154 1817 immunes
1169 1785 1262 1815 dicti.
1288 1784 1335 1814 Ut
1353 1788 1473 1813 contra
1486 1781 1644 1823 rnumfices

940 1836 997 1877 qui
1014 1845 1131 1866 munus
1148 1835 1301 1870 obibant,
1318 1837 1356 1864 ut
1376 1831 1495 1867 fossas,
1518 1832 1642 1861 vallum

940 1890 1127 1923 struerent,
1144 1885 1306 1916 excubias
1332 1890 1367 1914 et
1384 1883 1546 1914 stationes
1572 1882 1642 1913 obl-

945 1941 1033 1974 rent,
1049 1936 1182 1976 aliaque
1200 1934 1232 1965 id
1250 1944 1367 1974 genus.
1393 1934 1492 1964 Idem.

983 1990 996 2005 θ
1019 1984 1248 2024 Beneventum]
1279 1983 1367 2013 Vide
1388 1983 1543 2021 Segesta.
1571 1982 1641 2012 Liv.

942 2035 1066 2066 lib-rx.
1092 2035 1179 2065 Plin.
1196 2034 1253 2064 lib.
1271 2042 1326 2063 ιιι.
1341 2042 1416 2072 cap.
1442 2035 1492 2063 ll.
1524 2032 1643 2071 Steph.

942 2085 984 2116 de
1002 2084 1164 2116 Urbibus.
1189 2085 1268 2115 Aut.
1285 2085 1371 2122 Aug.

985 2134 1212 2173 Beneventum]
1225 2133 1393 2165 Omnibus
1407 2137 1487 2164 nota
1502 2137 1554 2164 est
1564 2143 1641 2163 cau-

941 2194 977 2214 sa
1004 2184 1144 2215 nominis
1175 2184 1206 2214 in
1235 2184 1436 2214 Benevento
1468 2183 1638 2213 mutandi:

941 2245 1039 2265 nemo
1063 2239 1175 2265 tamen
1201 2243 1280 2264 vere
1304 2233 1474 2274 antiquam
1492 2233 1641 2273 appella-

942 2285 1065 2315 tionem
1100 2283 1263 2314 reddidit.
1310 2282 1396 2313 Nam
1421 2283 1462 2312 de
1486 2282 1641 2312 Maloetio

940 2344 1052 2374 nugae.
1085 2333 1152 2364 Sed
1170 2333 1316 2364 Veteres
1342 2333 1435 2373 prius
1452 2332 1523 2362 sine
1540 2331 1641 2363 dubio

941 2384 1102 2414 dixerunt
1128 2381 1308 2422 Μαλόεντα,
1334 2387 1370 2414 ut
1394 2381 1561 2422 Σιπόεντα,
1591 2382 1641 2412 Si·

941 2438 1095 2475 puntum,
1116 2432 1282 2473 Ὀπόεντα,
1296 2434 1483 2474 Opuntum.
1520 2433 1576 2463 Sic
1589 2441 1640 2462 er-

941 2494 983 2525 go
1000 2483 1186 2520 Maloenta,
1204 2484 1408 2522 Maluntum,
1434 2487 1468 2513 et
1484 2482 1641 2513 Maluen-

942 2539 1025 2569 tum,
1054 2540 1090 2564 ut
1107 2533 1303 2565 Auruncum
1337 2537 1372 2563 et
1391 2531 1639 2563 Averruncum.

944 2584 1042 2614 Prius
1058 2583 1222 2624 siquidem
1240 2582 1410 2617 dixerunt,
1425 2581 1640 2621 Sipuentum,

942 2634 1154 2674 Opuentum,
1179 2633 1404 2664 Maluentum.
1437 2631 1491 2661 Sic
1504 2630 1638 2671 ι’Υδρόεν-

942 2696 994 2725 τα,
1012 2684 1250 2725 Hydruntum:
1269 2690 1459 2724 quanquam
1477 2685 1511 2712 et
1529 2681 1636 2721 ipsum
