1835 2906
199 108 281 148 los

655 123 802 153 SEX'PI
839 125 1038 154 POMPEll
1074 125 1205 156 FEST!

254 226 356 263 cunt
381 223 558 276 antiqua
578 225 905 275 consuetudine,
929 238 1014 279 qua
1033 225 1160 281 πύῤῥον
1181 227 1372 279 burrum,
1391 227 1499 279 πύέον
1520 231 1633 272 bux-

251 303 324 331 um
347 290 564 332 dicebant.

624 292 847 334 Balaenam
867 293 1055 334 belluam
1078 294 1302 345 marinam,
1321 296 1464 350 ipsam
1488 298 1634 340 dicunt

252 371 349 398 esse
368 359 607 411 pistricem,
629 361 772 414 ipsam
795 374 893 401 esse
916 366 1076 403 cetum.

196 424 486 472 Balatrones‚f
501 431 544 468 et
564 428 732 469 blateas
758 429 900 469 bullas
924 429 1006 469 luti
1031 443 1087 470 ex
1114 430 1370 473 itineribus:
1413 437 1488 473 aut
1515 434 1632 487 quod

251 493 305 533 de
329 495 713 536 calciamentorum
735 496 871 537 soleis
891 497 1095 547 eraditur,
1116 499 1411 552 appellabant.

195 560 452 602 Barathrum
467 568 482 591 g
505 562 654 604 Graeci
674 565 897 617 appellant
911 565 1054 606 locum
1068 567 1357 619 praecipitem,
1370 566 1482 607 unde
1495 578 1632 606 emer-

251 630 290 682 gi
312 643 399 670 non
420 632 587 683 possit:
619 631 786 673 dictum
812 633 866 673 ab
889 646 956 682 e0,
977 634 1094 687 quod
1118 640 1188 675 est
1207 632 1349 685 βαύός.3

797 741 911 753 eeeeee

914 742 1030 753 ‘‘‘‘‘‘

234 809 251 835 3
274 806 282 822 ‘
297 805 450 837 Fortasse
467 806 601 847 scripsit
615 806 721 848 βαρὺς,
738 818 803 840 non
819 808 935 843 βαθύς.’
961 809 1029 841 Jos.
1045 809 1128 840 Scal.

841 906 980 938 NOTAE

190 968 368 1009 legendum
390 969 603 1010 suspicarer;
627 971 802 1010 Baloenam,
822 971 883 1002 bel-

188 1022 269 1050 inam,
285 1020 447 1059 marinam,
458 1021 554 1060 ipsum
568 1022 674 1052 dicunt
685 1032 761 1062 esse,
777 1023 809 1053 id
825 1026 883 1057 est,

191 1072 311 1100 (letum.
355 1071 441 1101 Saue
471 1071 640 1102 Pistricem
671 1072 881 1112 ineptissime

187 1120 240 1151 liic
264 1121 387 1160 legitur
413 1130 473 1159 pro
500 1121 648 1152 Pristim.
692 1122 881 1162 Quadriga-

189 1170 277 1200 rius:
309 1172 318 1187 ‘
337 1170 494 1210 Quinque
524 1171 673 1202 Pristes:
710 1172 879 1213 navigium

186 1230 226 1250 ea
247 1219 355 1251 forma
371 1230 388 1250 a
403 1221 529 1251 marina
542 1221 652 1252 bellua
665 1221 794 1253 dictum
806 1222 879 1253 est.’

186 1271 364 1311 Virgilius:
390 1271 399 1287 ⁴
417 1271 521 1302 Frons
542 1271 708 1303 hominem
726 1271 879 1312 praefert,

186 1322 219 1352 in
247 1322 378 1362 pristim
405 1322 531 1353 desinit
554 1322 671 1354 alvus!
716 1323 879 1354 Masculi-

186 1382 264 1402 nnm
280 1377 330 1403 est
345 1373 486 1413 πρίστης,
530 1373 598 1404 Sed
616 1373 756 1404 Romani
774 1379 808 1404 et
822 1373 878 1405 de·

183 1422 401 1454 clinationem
426 1429 459 1455 et
477 1433 582 1464 genus
600 1428 786 1456 mutarunt.
807 1425 877 1455 Jos.

184 1473 268 1504 ιςΰαι.

227 1523 383 1564 Baloenoe]
406 1525 445 1556 In
477 1525 543 1556 fine
574 1529 752 1565 corruptus
775 1526 877 1556 locus.

183 1575 378 1614 Legendum
400 1576 601 1616 suspicarer,
631 1576 790 1615 baloenam,
818 1577 876 1607 bel·

181 1627 262 1656 luam
278 1626 549 1667 marinam‚2'1›smn
562 1627 668 1656 dicunt
685 1636 760 1667 esse,
772 1626 805 1657 id
820 1631 876 1662 est.

180 1680 290 1706 cetum.
325 1677 412 1707 Sane
426 1677 587 1717 pistricem
604 1677 809 1717 ineptissime
825 1678 877 1709 hic

181 1727 305 1767 legitur
342 1737 402 1768 pro
445 1729 582 1767 pristim.
611 1728 682 1760 Jos.
713 1729 877 1769 Scaliger.

181 1778 282 1808 Errat
305 1778 353 1807 vir
379 1777 605 1816 doctissimus,
632 1789 673 1809 ex
703 1780 876 1810 veteribus

180 1828 268 1858 enim
285 1833 421 1858 constat
434 1828 499 1859 dici
512 1829 684 1868 pistricem,
696 1830 830 1869 pistrini,
842 1837 876 1862 et

177 1879 311 1919 pristim.
328 1879 415 1910 Dae.

222 1927 233 1948 s
248 1929 448 1970 Balatrones]
465 1928 491 1960 A
503 1929 692 1970 bunis,sive
703 1930 875 1970 ballis,ba-

179 1980 340 2011 latrones.
372 1980 436 2011 Vel
454 1990 472 2010 a
487 1979 632 2021 βάλλειν,
643 1980 772 2021 jacere,
787 1991 876 2021 ‹lute-

178 2040 320 2071 cumque
344 2030 387 2061 de
413 2031 513 2062 coriis
539 2036 740 2062 resecantur
765 2037 800 2063 et
823 2032 875 2072 ja-

177 2079 325 2110 ciuntur.
377 2081 476 2112 Unde
505 2081 694 2112 balatrones
725 2082 874 2113 homines

177 2131 283 2169 nihili,
312 2132 378 2162 διε.
424 2132 625 2172 Quanquam
662 2132 874 2163 verisimilius

176 2185 229 2211 est
266 2181 460 2212 balatrones
491 2181 678 2213 convicium
706 2181 810 2213 fnisse
840 2182 873 2213 in

176 2241 233 2262 eos
249 2242 331 2272 quos
344 2232 638 2273 abominabantur,
651 2237 686 2263 et
699 2232 875 2265 barathro·

176 2291 234 2312 nes
250 2283 359 2322 potius
376 2283 487 2314 dictos
505 2287 664 2325 tanquam
681 2283 799 2323 dignos
816 2284 873 2325 qui

176 2332 210 2362 in
227 2333 420 2364 barathrum
440 2334 693 2365 Atheniensium
709 2343 799 2365 more
815 2334 873 2365 de-

171 2382 373 2421 jicerentur.
419 2384 483 2413 Sed
503 2385 573 2415 liaec
596 2384 705 2415 omnia
719 2394 798 2415 vere
813 2394 872 2415 nu-

177 2443 229 2473 gae
246 2438 335 2463 sunt.
382 2433 520 2464 Balatro
531 2443 595 2465 vox
612 2440 663 2465 est
682 2434 788 2465 adhuc
805 2444 874 2465 om-

177 2483 274 2513 nibus
297 2483 463 2523 ignorata,
480 2489 513 2515 et
531 2485 562 2514 in
583 2496 650 2526 qua
673 2486 874 2527 exponenda

178 2543 276 2573 aeque
299 2532 463 2564 falluntur
486 2543 560 2565 cum
581 2540 712 2567 veteres
729 2542 799 2567 tum
824 2546 874 2567 re—

176 2589 318 2621 cente53
342 2589 394 2615 est
414 2585 502 2614 enini
525 2595 617 2617 mere
646 2587 803 2618 Graecum
821 2587 873 2618 lm-

177 2635 270 2672 !atro,
287 2639 321 2664 et
336 2645 354 2665 a
372 2634 500 2665 balneis
518 2640 675 2668 tractum.
721 2639 769 2669 Ut
786 2649 805 2669 a
818 2650 872 2669 κα-

176 2683 250 2724 λέω,
278 2683 411 2725 καλέσω,
434 2688 600 2726 καλιστρῶ,
628 2687 675 2718 sic
698 2698 728 2728 a,
747 2688 871 2729 βάλλω,

934 971 1035 1009 βαλῶ,
1047 970 1178 1009 βαλίζω,
1190 969 1328 1010 βαλάζω,
1339 969 1520 1012 βαλάστρω,
1532 972 1632 1006 βαλά-

935 1033 1046 1061 στρων,
1064 1023 1223 1061 balastro‚
1234 1023 1375 1058 balatro,
1387 1029 1421 1054 et
1435 1024 1631 1054 balastrnm.

935 1071 1066 1103 Glossae
1104 1072 1242 1103 Isidori:
1274 1074 1282 1089 ‘
1302 1072 1509 1113 ballastrum,
1549 1074 1632 1104 bali-

934 1122 1057 1154 neum!
1104 1124 1188 1154 Erat
1209 1123 1312 1163 igitur
1335 1123 1452 1154 balatro
1476 1125 1631 1164 aquario-

936 1172 1000 1211 lus,
1015 1173 1068 1213 qui
1087 1173 1119 1203 in
1137 1174 1235 1204 domo
1251 1174 1383 1205 lenonia
1398 1174 1632 1206 meretricibus

935 1223 1123 1254 lavantibus
1147 1223 1360 1255 ministrabat
1380 1224 1411 1255 in
1428 1234 1514 1265 aqua
1530 1235 1632 1266 agge-

935 1273 1055 1314 runda,
1068 1273 1191 1309 βαλλὰς
1206 1274 1352 1305 indidem
1374 1275 1483 1306 dictus
1500 1281 1534 1307 et
1551 1278 1631 1311 βαλ-

934 1323 1002 1356 λίω.
1049 1325 1092 1355 Et
1115 1325 1192 1366 quia
1216 1326 1364 1356 homines
1389 1326 1515 1357 sordidi
1534 1332 1567 1358 et
1586 1328 1632 1358 vi-

934 1375 982 1406 les
998 1376 1075 1406 huic
1093 1376 1281 1407 ministerio
1305 1386 1425 1416 operas
1442 1386 1519 1407 suas
1543 1378 1632 1408 loca-

933 1425 1028 1461 bant,
1046 1425 1122 1456 inde
1145 1425 1273 1457 factum
1301 1432 1335 1457 ut
1362 1427 1509 1458 homines
1534 1427 1631 1468 quili-

934 1475 991 1506 bet
1012 1476 1136 1517 impuri
1153 1481 1188 1507 et
1204 1478 1348 1517 nequam
1374 1476 1566 1508 balatrones
1581 1477 1630 1507 di-

933 1532 1104 1557 cerentur.
1151 1527 1267 1558 Possit
1298 1528 1399 1558 etiam
1426 1533 1461 1559 et
1490 1528 1555 1558 alia
1581 1537 1630 1558 ra-

933 1576 979 1607 tio
994 1577 1089 1617 hujus
1105 1578 1246 1608 nominis
1265 1578 1419 1617 inveniri,
1436 1584 1469 1609 ct
1486 1577 1630 1609 fortasse

934 1627 1058 1665 verior,
1073 1636 1114 1658 ex
1133 1627 1250 1658 eadem
1264 1633 1376 1658 tamen
1389 1628 1519 1668 origine
1531 1640 1539 1667 ;
1552 1637 1629 1658 nam

932 1676 1067 1711 βάλλειν
1096 1682 1131 1708 et
1161 1675 1324 1715 βαλλίζειν
1352 1678 1505 1709 absolute
1535 1678 1629 1708 dixe-

934 1733 1010 1758 runt
1030 1727 1288 1758 veteresGraeci
1304 1737 1363 1768 pro
1377 1726 1548 1768 ὀρχεῖσθαι,
1565 1729 1629 1759 sal·

934 1784 1016 1808 tare.
1062 1777 1108 1808 At
1125 1787 1143 1807 a
1158 1775 1292 1811 βάλλειν
1308 1778 1419 1808 Latini
1436 1777 1550 1809 fecere
1567 1778 1630 1809 bul·

932 1829 1007 1858 lare.
1052 1828 1184 1859 Glossae
1204 1829 1425 1860 Graeco-Lat.
1449 1830 1458 1846 ⁴
1476 1827 1628 1867 βαλλίζω,

932 1877 1042 1908 ballo.’
1088 1878 1185 1909 Unde
1211 1885 1360 1910 nostrum
1386 1879 1447 1919 bal,
1475 1880 1566 1910 balet.
1598 1879 1630 1910 A

931 1934 938 1945 ¹
956 1928 1107 1968 ballare?
1145 1930 1153 1945 ‘
1173 1929 1340 1965 ballator,’
1376 1931 1529 1970 saltator,
1566 1939 1630 1970 per

931 1979 1233 2019 transpositionem
1271 1980 1280 1997 ‘
1304 1980 1458 2012 balatro.'
1513 1981 1628 2012 Quare

932 2033 1086 2069 apertum
1107 2035 1159 2060 est
1181 2039 1242 2060 cur
1257 2040 1333 2061 cum
1357 2030 1465 2060 mimis
1483 2030 1628 2061 balatro—

930 2090 989 2111 nes
1014 2081 1197 2120 conjungat
1221 2080 1409 2111 Horatius:
1440 2072 1629 2115 ‘'Mendici,

930 2130 1054 2169 mimae‚
1072 2130 1273 2168 hannones,
1289 2130 1352 2161 hoc
1378 2140 1483 2171 genus
1507 2130 1630 2161 omne.'

929 2182 974 2212 Et
1000 2191 1061 2212 cur
1077 2181 1181 2212 etiam
1205 2181 1377 2212 balatrones
1400 2181 1481 2212 dicti
1499 2181 1629 2212 fuerint

928 2232 1092 2272 homines,
1108 2241 1173 2263 non
1191 2231 1390 2272 quisquiliae.
1416 2232 1514 2263 Idem.

972 2287 987 2308 ἕ
1009 2281 1218 2322 Barnthrum]
1244 2283 1353 2313 Locus
1367 2282 1509 2313 Athenis
1522 2282 1555 2313 in
1569 2283 1627 2313 im·

929 2340 1076 2362 mensam
1112 2331 1329 2363 altitudinem
1363 2332 1556 2373 depressus,
1595 2333 1626 2364 in

927 2392 1026 2423 quem
1057 2380 1202 2413 malefici
1240 2382 1560 2424 praecipitabantur,
1591 2389 1629 2414 ut

927 2434 1060 2473 Spartae
1076 2433 1109 2463 in
1128 2433 1291 2464 Caiadam.
1336 2434 1392 2464 Sic
1409 2433 1519 2464 dictus
1534 2443 1552 2464 a
1569 2436 1625 2469 βα-

928 2484 978 2515 θὺς
1002 2484 1203 2525 profundus,
1220 2485 1286 2524 vel,
1303 2489 1340 2515 ut
1360 2485 1442 2525 legit
1463 2484 1627 2525 Scaliger,

929 2546 945 2567 a
963 2535 1071 2576 βαρὺς,
1088 2535 1212 2576 gravis,
1226 2536 1398 2566 molestus.
1427 2535 1493 2565 Sed
1506 2535 1625 2567 durum

928 2593 1119 2627 utrumque.
1165 2586 1278 2618 Quare
1296 2586 1406 2626 potius
1427 2585 1624 2617 Martinium

926 2646 1061 2678 sequor,
1089 2636 1145 2677 qui
1170 2636 1271 2667 docet
1297 2641 1386 2667 esset
1410 2636 1624 2668 aChaldaico

929 2690 991 2728 ber,
1009 2692 1142 2728 puteus,
1162 2691 1196 2718 et
1212 2687 1301 2722 ahur,
1324 2686 1430 2717 lacus.
1477 2687 1564 2718 Nam
1589 2692 1625 2719 et
