1835 2906
210 123 295 166 530

664 133 814 165 SEXTI
847 133 1054 165 POMPEI!
1091 132 1231 166 FESTI

270 230 453 282 dictum,
475 229 596 285 quod
615 229 679 273 ibi
699 230 896 273 homines
918 243 1031 285 opes
1053 243 1160 273 suas
1183 231 1438 277 conferunt:
1460 233 1675 287 oppidum

270 299 430 341 dicitur
450 303 495 341 et
514 299 641 341 locus
661 299 707 341 in
728 300 879 350 circo‚‘⁵
907 299 1027 341 unde
1051 299 1278 355 quadrigae
1302 301 1575 343 emittuntur.

215 368 311 423 Ops
332 367 502 423 antiqui
521 367 724 412 dicebant
744 368 1027 423 opulentum:
1057 368 1174 411 unde
1195 381 1219 411 e
1240 370 1458 412 contrario
1477 370 1625 424 inops.

215 435 338 492 Opsf
365 437 534 492 antiqui
554 437 761 479 dicebant
780 449 911 491 quem
931 450 1046 479 nunc
1069 438 1328 492 opulentum
1350 438 1461 479 dici·
1510 439 1674 490 [FEST.

267 518 385 557 mus,
416 510 466 547 ut
497 505 751 548 testimonio
783 508 869 555 est,
901 517 987 546 non
1021 505 1167 547 solum
1189 507 1232 548 ei
1253 507 1500 548 contrarius
1530 507 1675 562 inops.

272 604 281 613 .
400 605 410 615 .
660 573 877 623 concedit,
899 586 982 627 ego
1000 587 1138 627 egens
1160 578 1342 617 exortus
1364 587 1476 616 sum.

213 642 429 698 Optatam
448 643 651 693 hostiam,
680 641 757 683 alii
778 641 992 696 optimam
1014 643 1243 698 appellant
1262 656 1377 693 eam,
1399 655 1529 698 quam
1553 642 1677 683 AEdi·

266 712 323 753 lis
346 712 445 754 trib.
466 711 713 754 constitutis
733 709 891 753 hostiis
913 715 1057 765 optat,
1077 725 1210 766 quam
1229 711 1444 754 immolari
1466 710 1589 752 velit.

213 780 394 837 Optima
413 781 525 823 lex.g

970 780 1015 821 in
1038 779 1256 834 Magistro
1276 780 1432 835 populi
1451 778 1675 829 faciendo,

273 850 349 904 qui
370 850 505 903 vulgo
524 849 715 891 dictator
737 848 1003 903 appellatur,
1038 862 1173 903 quam
1193 848 1499 903 plenissimum
1520 853 1676 901 posset

261 918 339 972 jus
360 923 491 969 esse,³
515 916 870 971 significabatur:
892 920 940 958 ut
958 915 1046 958 fuit
1066 916 1211 959 Manii
1229 915 1416 967 Valerii,
1439 915 1505 956 M.
1533 915 1675 966 Fabii,

824 1053 941 1065 eeeeee

252 1135 271 1165 3
296 1133 377 1165 vet.
396 1132 454 1164 iib.
474 1132 549 1173 ejus.

947 1053 1063 1066 eeeee

863 1253 1006 1287 NOTAE

210 1356 263 1379 lv.
315 1345 383 1377 Sed
410 1344 572 1387 oppidum
596 1345 704 1377 minus
732 1350 785 1377 est
813 1355 912 1387 quam

209 1398 302 1434 urbs,
333 1397 398 1429 etsi
428 1397 616 1438 saepissime
647 1396 911 1429 confunduntur.

209 1449 322 1480 Cicer.
346 1447 405 1480 lib.
429 1457 453 1480 1.
476 1448 518 1479 de
539 1447 642 1479 divin.
684 1449 694 1465 ‘
710 1448 840 1480 Pheras
855 1459 912 1479 ve-

207 1499 310 1535 nisse,
326 1509 401 1540 quae
418 1503 494 1530 erat
513 1498 594 1529 urbs
614 1499 646 1529 in
664 1498 839 1530 Thessalia
853 1499 911 1530 ad-

206 1550 346 1581 modum
364 1549 500 1588 nobilis,
520 1549 554 1580 in
578 1559 618 1581 eo
643 1550 746 1591 igitur
762 1550 913 1592 oppido!

208 1600 308 1632 Idem.

251 1657 265 1674 θ
292 1653 452 1694 Oppidum
466 1652 585 1684 dicitur
601 1657 630 1685 et
653 1654 736 1684 locus
759 1654 791 1685 in
815 1654 914 1695 cirw]

207 1704 308 1736 Varr.
334 1704 392 1736 lib.
407 1714 456 1737 ιν.
482 1705 491 1721 ‘
508 1704 548 1736 In
566 1705 667 1736 Circo
691 1705 798 1746 primo
822 1706 914 1738 unde

208 1756 392 1787 mittuntur
408 1756 487 1797 equi
511 1765 600 1787 nunc
625 1755 785 1787 dicuntur
799 1765 912 1788 carce-

209 1816 284 1839 res:
311 1808 442 1839 Nevius
460 1807 624 1848 oppidum
638 1808 802 1849 appellat.
829 1809 913 1840 Car-

208 1867 305 1890 ceres
321 1858 416 1895 dicti,
434 1858 523 1900 quod
549 1858 753 1890 coercentur
769 1860 847 1900 equi
870 1869 912 1891 ue

207 1909 287 1940 inde
315 1914 441 1941 exeant
472 1913 651 1950 antequam
685 1910 912 1950 Magistratus

206 1958 311 1990 misit.
348 1958 536 2000 Oppidum,
549 1959 639 2001 quod
667 1969 687 1990 a
706 1961 792 1991 muri
812 1965 913 2001 parte

208 2011 321 2051 pinnis
338 2011 558 2053 turribusque
575 2019 728 2042 carceres
742 2011 821 2042 olim
838 2011 911 2044 fue-

207 2066 297 2093 runt.
331 2062 478 2103 Scripsit
510 2061 633 2103 potita:
673 2062 824 2094 dictator
852 2063 911 2095 ubi

207 2123 344 2145 currum
369 2114 498 2154 insidit,
524 2112 723 2154 pervehitur
747 2123 851 2155 usque
869 2114 910 2146 ad

207 2164 395 2205 oppidum.'
420 2164 518 2196 Idem.

251 2213 263 2233 f
284 2214 365 2255 Ops]
388 2215 569 2246 Fortasse:
597 2215 664 2255 Ops
689 2214 813 2255 antiqui
832 2216 911 2247 dicc-

207 2266 294 2307 hant,
312 2277 400 2308 quem
421 2277 501 2298 nunc
513 2266 688 2308 opulentum
702 2266 852 2299 dicimus:
875 2272 911 2299 ut

207 2318 381 2349 testimonio
407 2321 453 2349 est
477 2328 537 2349 uon
559 2319 656 2349 solum
681 2317 711 2349 ei.
732 2319 910 2351 contrarius

206 2367 307 2409 inope,
328 2370 381 2400 sed
399 2370 495 2401 etiam
519 2379 607 2410 caps:
631 2371 678 2408 ut,
693 2368 721 2399 is
744 2379 815 2410 caps
830 2370 909 2410 edit,

207 2428 265 2458 ego
289 2430 381 2459 egens
402 2424 529 2452 exortus
551 2431 629 2454 sum.
669 2420 757 2452 Nam
775 2430 810 2451 re
828 2431 910 2452 vera

206 2479 278 2510 caps
304 2476 356 2502 est
385 2471 606 2513 compositum
632 2470 675 2503 ab
704 2481 776 2513 ops:
809 2483 910 2513 caops.

208 2519 280 2551 JoS.
294 2520 382 2552 Scai.
856 2522 861 2528 ”

255 2572 322 2611 Ops
336 2572 457 2613 antiqui
472 2572 629 2613 dicebant]
651 2574 781 2615 Supple
798 2574 908 2607 infra:

209 2622 238 2653 ei
253 2624 428 2654 contrarius
442 2624 541 2664 inops,
554 2626 607 2655 sed
620 2625 714 2656 etiam
731 2635 815 2666 caps,
835 2630 868 2657 ut
883 2626 911 2657 is

209 2684 278 2714 σομε
292 2674 367 2714 edit,
380 2676 433 2715 &a
461 2675 551 2706 Scai.
567 2680 600 2707 et
617 2676 663 2706 ita
679 2676 826 2708 schedae.
864 2678 910 2709 Et

209 2734 329 2757 revera
351 2736 423 2767 caps
448 2730 502 2757 est
527 2726 751 2767 compositum
776 2727 818 2759 ab
843 2738 909 2769 ops,

966 1356 1067 1388 coops.
1095 1348 1160 1388 Ops
1176 1347 1278 1379 etiam
1295 1355 1394 1388 opem
1408 1345 1520 1377 ferens
1535 1343 1672 1387 quidam

967 1399 1243 1440 interpretantur
1269 1410 1312 1431 ex
1337 1399 1395 1430 ilio
1418 1397 1536 1430 Accii:
1560 1398 1569 1415 ‘
1589 1407 1673 1439 quo-

969 1459 1042 1481 rum
1059 1451 1192 1492 genitor
1205 1449 1316 1483 fertur
1329 1459 1403 1481 esse
1416 1458 1478 1490 ops
1492 1447 1673 1489 gentibus.y

968 1502 1052 1533 Dac.

1008 1560 1024 1582 8
1049 1555 1178 1596 Optima
1200 1554 1269 1596 lex]
1294 1554 1349 1585 De
1367 1553 1476 1594 primo
1500 1551 1674 1583 dictatore

965 1615 1083 1638 omnes
1107 1607 1260 1638 historici
1285 1605 1378 1637 varia
1404 1604 1568 1636 scribunt.
1606 1604 1673 1635 Fu-

966 1656 1044 1697 isse,
1065 1656 1124 1699 qui
1150 1657 1202 1689 M.
1226 1656 1401 1688 Valerium
1428 1655 1478 1686 M.
1496 1655 1534 1686 F.
1553 1654 1672 1686 Volusi

969 1708 1016 1739 N.
1028 1708 1256 1748 prodiderint,
1270 1707 1417 1739 affirmat
1429 1705 1542 1738 Livius
1558 1704 1618 1737 lib.
1631 1713 1672 1736 ¹1.

970 1758 1081 1800 Hujus
1112 1759 1283 1801 opinionis
1316 1758 1421 1789 fuisse
1451 1758 1590 1788 Festum
1619 1756 1675 1787 vel

967 1809 1127 1841 Verrium
1145 1815 1302 1851 apparet,
1323 1809 1386 1840 nisi
1411 1806 1502 1849 quod
1518 1806 1672 1838 Manium

968 1869 1043 1891 euni
1067 1861 1233 1902 appellat,
1257 1869 1324 1891 non
1355 1859 1525 1890 Marcum.
1568 1855 1673 1888 Hunc

967 1911 1205 1951 magistratum
1221 1911 1328 1943 solum
1343 1909 1414 1941 sine
1427 1908 1672 1950 provocatione

968 1961 1073 1994 fuisse
1094 1973 1210 1994 omnes
1231 1961 1424 1994 affirmant:
1449 1961 1565 1993 datam
1584 1965 1673 2001 post-

967 2023 1009 2045 ea
1024 2024 1098 2046 csse
1123 2014 1400 2056 provocationem
1423 2013 1512 2044 solus
1535 2012 1672 2049 Festus,

966 2070 1005 2096 ut
1017 2065 1180 2106 arbitror,
1195 2071 1314 2097 auctor
1331 2069 1403 2096 est:
1430 2072 1619 2105 quanquam
1637 2062 1670 2093 id

967 2116 1044 2148 elici
1064 2117 1168 2157 possit
1194 2126 1236 2147 ex
1262 2116 1373 2147 verbis
1398 2114 1484 2155 legis
1501 2113 1671 2153 Horatiae,

966 2172 1001 2197 et
1019 2167 1143 2198 Duiiiae
1161 2166 1250 2208 apud
1274 2167 1346 2198 Liv.
1372 2166 1431 2197 lib.
1448 2174 1506 2197 111.
1531 2170 1567 2196 et
1587 2165 1670 2196 Dio-

965 2226 1039 2258 nys.
1053 2218 1110 2249 lib.
1124 2227 1205 2250 xm.
1227 2217 1307 2249 Ant.
1324 2217 1411 2256 Aug.

1011 2268 1140 2308 Optima
1155 2267 1220 2308 lex]
1243 2267 1477 2308 Supplendum
1503 2271 1538 2297 et
1563 2266 1670 2297 corri-

964 2318 1111 2359 gendum
1130 2324 1227 2360 puto,
1241 2319 1370 2359 Optima
1385 2319 1453 2357 lege
1465 2327 1534 2348 cum
1548 2316 1670 2348 diceba-

965 2372 1028 2408 tur,
1044 2369 1076 2400 in
1092 2370 1255 2409 magistro,
1271 2370 1323 2409 ὅγε.
1348 2368 1430 2400 nihil
1449 2373 1561 2399 tamen
1579 2365 1670 2398 affir-

964 2431 1031 2452 mo.
1069 2421 1160 2453 Vide
1182 2431 1298 2462 supra,
1316 2425 1392 2461 post
1411 2420 1524 2460 opima.
1564 2419 1667 2450 Nunc

964 2472 1064 2504 video
1093 2473 1141 2504 ita
1167 2472 1309 2504 sensisse
1338 2471 1436 2503 Fulv.
1463 2470 1575 2502 Ursin.
1608 2469 1668 2510 qui

966 2523 1106 2564 margini
1126 2523 1289 2564 ascripsit
1305 2524 1313 2540 ‘
1328 2523 1484 2554 Fortasse
1501 2531 1568 2551 cum
1584 2520 1666 2551 dice-

965 2574 1082 2606 batur!
1118 2573 1216 2606 Infra
1239 2583 1299 2614 pro
1327 2572 1478 2612 magister
1503 2582 1522 2602 a
1543 2572 1666 2612 populo,

964 2625 1147 2666 legendum
1171 2625 1321 2665 magister
1332 2623 1436 2665 populi
1453 2628 1489 2654 et
1516 2632 1579 2663 pro
1602 2633 1666 2653 ma-

962 2678 1155 2717 gistratuum
1194 2675 1376 2716 legendum
1421 2674 1667 2713 magistrorum.-

966 2733 1002 2759 ut
1020 2728 1052 2759 in
1070 2726 1185 2759 sched.
1212 2726 1293 2757 Duc.
