1835 2906
197 161 280 203 146

649 168 796 199 SEXTI
834 167 1033 197 ΡΟΜΡΕΗ
1070 165 1205 196 FES'rl

198 264 474 306 Cavitionem
488 268 504 293 Ρ
535 261 754 311 dicebant,
776 273 908 315 quam
928 258 1061 301 modo
1082 258 1267 299 dicimus
1286 258 1545 300 cautionem.

199 332 381 374 Caulaeq
412 343 439 371 a
471 342 581 372 cavo
616 329 779 369 dictae:
811 327 1053 381 antiquitus
1086 326 1199 366 enim
1228 329 1327 366 ante
1349 339 1474 366 usum
1498 327 1637 365 tecto-

254 411 348 440 rum
368 410 473 439 oves
494 397 539 437 in
561 396 693 437 antris
715 395 1042 436 claudebantur.

200 465 395 507 Cavumr
425 478 452 506 a
473 464 583 506 chao
605 463 783 511 dictum,
804 475 863 502 ex
881 461 977 514 ejus
992 461 1023 484 ¹⁸
1055 460 1281 501 inanitate.

200 533 428 575 CELERES
443 538 454 554 ⁵
476 531 649 584 antiqui
673 530 890 579 dixerunt,
910 541 1023 582 quos
1054 541 1170 568 nunc
1199 527 1368 580 equites
1392 526 1592 574 dicimus,
1614 539 1640 565 a

257 600 407 641 Celere
427 597 701 640 interfectore
723 595 867 646 Remi,
887 597 961 649 qui
981 595 1107 636 initio
1130 608 1157 634 a
1177 593 1372 635 Romulo
1395 594 1450 633 iis
1470 604 1642 646 praepo-

256 669 370 709 situs
390 666 488 715 fuit,
519 664 595 718 qui
629 663 830 716 primitus
863 662 995 703 electi
1029 662 1202 702 fuerunt
1220 674 1278 702 ex
1301 659 1486 713 singulis
1505 658 1640 699 curiis

255 735 368 783 deni,
398 733 583 785 ideoque
605 730 778 771 omnino
800 729 976 770 trecenti
998 729 1132 769 suere.

200 801 436 842 Celibari¹⁹
465 797 614 839 hasta*
649 800 784 850 caput
814 796 1021 836 nubentis
1053 796 1323 845 comebatur‚
1356 808 1455 848 quae
1484 794 1525 834 in
1547 805 1642 834 cor—

255 880 359 922 pore
380 864 638 919 gladiatoris
660 863 860 904 stetisset
891 863 1049 916 abjecti
1081 863 1325 916 occisique,
1359 867 1408 902 ut
1440 859 1644 914 quemad-

256 934 435 976 modum
456 932 535 973 illa
556 930 794 984 conjuncta
814 930 945 970 fuerit
966 943 1062 970 cum
1085 942 1269 982 corpore
1291 927 1557 980 gladiatoris,
1578 926 1642 966 sic

258 1003 361 1055 ipsa
380 1014 479 1042 cum
500 999 593 1040 viro
615 998 697 1038 sit:
727 997 797 1038 vel
820 997 927 1050 quia
946 1001 1156 1037 matronae
1186 995 1214 1036 J
1220 995 1373 1035 unonis
1406 993 1569 1034 Curitis
1598 993 1643 1032 in

258 1069 392 1111 tutela
413 1068 514 1117 sint,
546 1078 647 1121 quae
680 1066 741 1107 ita
774 1064 1080 1118 appellabatur
1111 1076 1139 1105 a
1171 1061 1350 1104 ferenda
1376 1062 1512 1110 hasta,
1543 1073 1642 1114 quae

812 1173 1049 1185 NNW‘N‘O

245 1245 286 1275 18
309 1242 374 1276 Ed.
389 1242 478 1274 Scal.
493 1245 524 1273 et
539 1241 702 1279 ejus—19
728 1239 783 1271 ΑΙ.
800 1239 947 1270 coelibari.

849 1335 997 1369 NOTAE

202 1403 365 1435 verbum:
401 1412 474 1435 cum
505 1411 609 1443 genus
638 1401 701 1432 hoc
729 1401 900 1432 hominum

201 1455 288 1486 male
317 1464 451 1495 semper
483 1453 639 1485 audierit.
694 1452 900 1483 Glossarium

201 1514 301 1535 vero:
328 1504 542 1542 ‘Cavillatio‚
569 1502 686 1542 ἐνέδρα,
701 1501 805 1540 ἀπάτη
826 1514 900 1541 παρ-

202 1553 402 1593 εγχείρησις.’
425 1555 494 1584 Jos.
508 1553 592 1584 Scal.

246 1603 417 1644 cavillum]
460 1604 555 1635 Idem
593 1603 683 1644 quod
731 1604 899 1634 cavillatio.

204 1657 294 1687 Dae.

244 1711 261 1732 Ρ
287 1705 496 1745 Cavitionem]
534 1706 697 1736 Plautus:
730 1706 739 1722 ‘
765 1705 899 1745 Oppor-

203 1761 285 1788 tune
314 1756 393 1787 mihi
418 1757 531 1788 cavita
555 1762 606 1787 est
629 1756 702 1787 haec
725 1755 900 1796 Epistola)

207 1808 279 1836 Jos.
297 1806 378 1836 Scnl.

250 1855 458 1895 Cat-itionem]
477 1854 505 1885 A
521 1864 639 1893 caveo,
653 1855 813 1893 cavitum‚
826 1864 901 1885 cau-

204 1908 303 1943 tum;
325 1904 463 1942 cavino,
495 1904 622 1934 cautio.
661 1905 774 1935 Plaut.
798 1905 903 1935 Pseu·

205 1953 273 1983 dol.
291 1962 331 1985 u.
346 1956 377 1984 3.
401 1954 410 1971 ‘
428 1954 516 1984 Nam
542 1954 614 1993 ipsa
630 1954 708 1984 milii
727 1953 902 1994 Opportu—

206 2002 295 2033 nitas
319 2012 386 2033 non
414 2003 526 2042 potuit
545 2004 770 2042 opportunius
790 2002 902 2033 Adve-

206 2052 291 2092 nire,
315 2062 414 2093 quam
439 2053 513 2083 haec
536 2052 650 2083 cavita
675 2058 728 2083 est
750 2053 827 2082 mihi
844 2062 902 2092 op-

207 2107 353 2142 portune
380 2102 550 2143 epistola!
596 2103 794 2142 Quanquam
825 2102 902 2132 libri

206 2151 280 2184 fere
311 2163 426 2185 omnes
456 2154 585 2184 habent
614 2163 681 2184 non
704 2153 818 2191 carita,
843 2152 902 2183 sed

206 2207 327 2234 cavata.
372 2203 469 2235 Quod
502 2203 584 2234 satis
614 2203 749 2244 placet:
785 2207 904 2242 cavata,

209 2257 315 2283 eruta.
340 2253 422 2284 Dae.

250 2307 265 2327 ‘¹
302 2303 424 2342 Caulae]
459 2302 489 2332 A
518 2301 666 2333 cavitate
693 2302 801 2333 dictas
832 2302 905 2333 vult

208 2352 344 2391 Festus,
373 2354 485 2383 Varro
514 2353 629 2383 etiam.
683 2352 739 2382 Sic
767 2352 904 2383 Lucret.

210 2401 297 2432 dixit
323 2403 332 2418 ‘
349 2402 463 2432 caulas
488 2400 646 2437 aetheris,’
672 2401 704 2431 id
730 2405 795 2441 est,
822 2410 907 2431 cava

211 2452 301 2483 coeli.
344 2451 412 2481 Sed
426 2452 542 2482 melius
566 2452 622 2482 alii
639 2461 658 2481 a
674 2451 798 2482 Graeco
814 2449 906 2489 αὐλὴ,

210 2502 294 2540 aula,
310 2501 428 2532 addito
443 2512 473 2540 c,
488 2502 585 2532 caula.
611 2501 748 2532 Servius
766 2501 807 2531 ad
824 2501 906 2531 iilud

212 2559 267 2581 lx.
282 2550 415 2581 AEneid.
430 2549 496 2580 ‘Ac
512 2551 616 2581 veluti
635 2552 735 2591 pleno
748 2551 847 2591 lupus
858 2551 906 2581 in-

213 2599 354 2629 sidiatus
371 2599 448 2630 ovili
463 2600 545 2630 Cum
562 2599 676 2630 fremit
701 2601 741 2631 ad
759 2602 872 2632 caulas
887 2599 906 2629 :'

213 2649 222 2665 ‘
240 2648 366 2684 Cauiae,
380 2649 588 2679 munimenta
613 2654 648 2679 et
671 2655 770 2690 septa
786 2652 909 2682 ovium.

214 2698 277 2730 Est
292 2698 380 2730 enim
394 2698 550 2730 Graecum
567 2708 702 2739 nomen,
717 2711 732 2730 c
743 2700 909 2733 detracto.

955 1401 1043 1432 Nam
1068 1400 1182 1432 Graeci
1206 1400 1303 1430 αὐλὰς
1320 1402 1441 1429 vocant
1457 1396 1648 1428 animalium

955 1450 1201 1490 receptacula.'
1234 1451 1366 1481 Glossae
1381 1448 1518 1488 Cyn-ini:
1536 1446 1650 1482 (αὐλὴ,

954 1502 1015 1531 τῶν
1029 1499 1191 1539 προβάτων
1206 1498 1400 1530 stabulum!
1449 1498 1534 1529 Inde
1550 1498 1582 1527 in
1598 1507 1650 1527 sa-

955 1551 1022 1582 cris
1039 1551 1168 1582 aedibus
1191 1555 1225 1581 et
1250 1551 1282 1580 in
1307 1548 1534 1580 tribunalibus
1551 1552 1650 1586 septa

956 1611 1030 1641 quae
1059 1600 1175 1631 turbas
1202 1599 1380 1640 prohibent
1408 1598 1523 1628 caulas
1553 1606 1650 1627 voca-

954 1661 1040 1682 mus.
1074 1650 1251 1682 Quomodo
1265 1649 1378 1681 Graeci
1395 1656 1528 1688 quoque
1546 1645 1651 1676 αὐλάς.

954 1700 1048 1731 Suid.
1069 1699 1149 1736 αὐλὴ
1175 1699 1211 1730 τὸ
1232 1700 1284 1729 νῦν
1308 1699 1434 1739 ἀρχεῖον
1452 1695 1650 1733 καλούμενον.

957 1751 1045 1781 Nam
1063 1750 1173 1790 ἀρχεῖα
1195 1749 1304 1781 eidem
1321 1754 1397 1780 sunt
1419 1748 1459 1778 τὰ
1479 1746 1576 1787 χωρία
1590 1747 1653 1776 τῶν

957 1803 1077 1841 κριτῶν.
1121 1800 1317 1832 Secretaria
1334 1800 1466 1830 scilicet
1487 1798 1651 1838 judicum.

957 1852 1043 1882 Inde
1065 1852 1195 1883 Glossae
1214 1850 1336 1881 Isidori
1356 1861 1363 1880 ε
1391 1852 1400 1867 ⁴
1418 1849 1553 1886 Caules,
1576 1857 1653 1878 can-

959 1901 1036 1932 celli
1069 1901 1248 1932 tribunalis
1281 1900 1337 1931 nbi
1369 1905 1447 1930 sunt
1471 1896 1653 1929 advocati?

959 1952 1048 1982 Nam
1082 1956 1258 1991 utrumque
1289 1949 1449 1980 dicebant
1485 1948 1588 1978 caules
1617 1950 1653 1976 et

957 2001 1071 2036 caulas,
1088 2006 1122 2031 et
1136 2001 1285 2038 furcilles
1301 2006 1335 2030 et
1347 1998 1505 2035 furcillas.
1525 1996 1632 2027 Idem.

1000 2056 1012 2071 f
1036 2049 1169 2088 cavum]
1205 2050 1306 2079 Varr.
1333 2048 1390 2078 lib.
1418 2056 1466 2078 ιν.
1493 2045 1534 2076 de
1559 2046 1597 2076 L.
1615 2046 1652 2076 L.

958 2102 966 2118 ⁸
984 2101 1056 2141 Ego
1083 2101 1190 2140 magis
1216 2105 1299 2140 puto
1320 2109 1339 2129 a
1354 2099 1436 2129 chao
1464 2106 1595 2135 cavum,
1618 2101 1654 2126 et

956 2149 1034 2181 hinc
1047 2149 1192 2181 coelum.'
1228 2149 1339 2180 Chaos
1354 2158 1371 2179 a
1387 2146 1456 2186 χάω
1469 2148 1533 2178 hio.
1565 2145 1652 2176 Vide

957 2202 966 2217 ‘
985 2201 1129 2232 cohum.'
1151 2201 1251 2231 Idem.

1001 2256 1012 2271 ⁸
1036 2250 1172 2290 Celeres]
1211 2251 1241 2281 A
1279 2250 1398 2281 Celere
1432 2246 1653 2279 interfectore

959 2302 1055 2333 Remi
1080 2302 1188 2333 dictos
1212 2301 1308 2332 multi
1335 2300 1569 2331 consentiunt:
1597 2299 1654 2328 sed

959 2362 1025 2383 non
1043 2351 1178 2383 dubium
1196 2356 1245 2382 est
1262 2351 1339 2391 quin
1356 2351 1434 2381 celer
1447 2349 1491 2379 sit
1503 2358 1521 2378 a
1533 2348 1655 2379 Graeco

960 2401 1066 2440 κέλης,
1088 2411 1192 2442 eques
1215 2401 1270 2441 qui
1300 2400 1396 2440 privo
1424 2408 1511 2440 equo
1536 2398 1655 2429 currit.

962 2451 1075 2489 Κέλης,
1094 2451 1221 2481 AEolice
1239 2449 1355 2490 Κέληρ,
1372 2449 1472 2480 celer.
1495 2447 1594 2478 Idem.

1005 2501 1172 2533 ‘Celiburi
1201 2500 1306 2540 hasla]
1346 2497 1511 2530 Ovidius:
1552 2496 1560 2511 ‘
1579 2496 1653 2527 Nec

963 2552 1037 2592 tibi,
1069 2561 1144 2592 quae
1170 2549 1306 2589 cupidae
1337 2552 1466 2578 matura
1497 2545 1655 2576 videbere

963 2602 1078 2640 matri,
1090 2601 1207 2631 Comat
1222 2598 1390 2636 virgineas
1403 2596 1499 2625 hasta
1514 2604 1656 2626 recurva

964 2650 1102 2681 comas!
1145 2647 1232 2679 Vide
1260 2645 1435 2677 Plutarch.
1465 2645 1497 2674 in
1526 2641 1656 2677 Quaest.

965 2701 1062 2732 Rom.
1077 2699 1133 2741 qui
1149 2696 1288 2737 δοράτιον
1304 2700 1415 2727 vocat.
1438 2694 1534 2725 Idem.
