1835 2906
176 119 258 160 150

182 222 466 265 Centuriatus
487 234 587 276 ager
603 226 620 244 ¹¹
639 221 682 262 in
696 221 889 263 ducenta
900 226 918 252 4
929 221 1085 275 jugera
1106 219 1324 261 definitus.

630 127 776 159 SEXTt
810 126 1010 157 POMPEII
1046 125 1181 156 FESTI

1384 218 1503 269 Quia
1524 219 1615 260 Ro-

236 291 380 331 mulus
401 289 598 330 centenis
620 289 794 330 civibus
814 289 999 329 ducenta
1013 287 1171 340 jugera
1192 286 1360 327 tribuit.

177 357 503 399 Centurionus⁰
525 360 668 404 antea,
689 356 763 409 qui
786 368 896 395 nunc
913 354 1121 396 Centurio
1139 367 1151 406 ;
1181 359 1226 394 et
1249 353 1455 394 curionus
1477 356 1523 393 et
1544 352 1618 392 de-

235 426 441 466 curionus
463 423 734 465 dicebantur.

177 491 460 545 Cercolopis⁵
474 497 491 522 P
514 503 648 543 genus
670 490 939 544 simiae‚quae
957 489 1151 531 ultimam
1175 494 1339 542 partem
1360 488 1512 530 caudae
1535 487 1617 527 vil-

233 559 372 601 losam
392 559 535 599 habet.

775 620 1015 634 “COO'lN‘OO

217 702 236 731 4
262 698 328 730 Alii
344 698 397 730 bic
415 702 450 729 et
467 697 527 729 inf.
542 699 734 730 ducena.-5
760 696 830 729 Alii
849 697 1036 737 Cercalopex
1052 701 1088 728 et
1105 698 1269 737 Cercolips.

822 795 853 826 N
860 793 960 826 OTAE

176 868 351 906 centuriis,
364 878 439 899 cum
457 877 475 898 a
498 868 686 899 consulibus
705 867 873 900 vocaban-

177 924 241 950 tur.
289 918 372 949 Haec
392 918 494 949 verba
512 918 614 958 (Item
633 918 770 958 curiata)
795 919 873 949 hinc

177 966 336 1008 fuganda,
356 973 392 998 ut
416 967 542 1008 optime
564 969 692 1000 monuit
707 969 874 1008 Scaliger.

175 1018 296 1059 Neque
315 1017 404 1048 enim
421 1017 537 1048 eadem
561 1018 689 1049 curiata
707 1022 741 1049 et
757 1023 874 1048 centu-

178 1067 265 1098 riata
295 1067 441 1098 coniitia.
488 1063 561 1097 Illis
594 1067 738 1107 populus
774 1067 872 1097 Rom.

176 1126 237 1157 per
253 1117 376 1152 curias,
394 1126 459 1147 non
476 1117 660 1151 centurias,
683 1116 872 1148 distributis

177 1167 333 1198 curiatim
350 1165 546 1206 suffragium
564 1166 709 1197 ferebat.
734 1167 817 1198 Duc.

220 1222 234 1237 ¹¹
259 1216 461 1248 Centuriatus
474 1216 566 1256 ager]
584 1215 676 1256 Ager
689 1216 871 1247 ducentum

177 1266 345 1307 'ugerum,
374 1276 473 1307 quem
499 1268 548 1298 sic
572 1267 778 1307 appellatum
804 1267 874 1297 vult

178 1317 292 1348 habita
331 1318 460 1348 ratione
496 1321 716 1348 centenorum
750 1317 872 1347 civium

176 1368 294 1408 quibus
311 1372 385 1398 erat
402 1368 609 1405 attributus;
633 1377 697 1398 non
717 1377 796 1398 vero
813 1377 872 1398 nu·

176 1417 429 1457 merijugerum
440 1417 561 1457 quibus
573 1417 770 1455 constabat;
785 1417 873 1457 quod

176 1468 374 1499 notandum.
409 1467 498 1498 Hinc
515 1467 749 1506 intelligendus
764 1468 873 1498 Varro

176 1518 235 1549 lib.
252 1527 276 1548 1.
291 1518 334 1548 de
352 1519 401 1548 Re
416 1518 512 1548 Rust.
527 1527 603 1556 cap.
615 1519 667 1548 10.
680 1518 689 1534 ‘
704 1516 873 1557 Antiquus

176 1573 295 1598 noster
311 1572 390 1598 ante
409 1567 534 1598 bellum
558 1567 725 1598 Punicum
748 1567 873 1607 pende-

177 1617 236 1648 bat
254 1617 332 1647 bina
342 1618 477 1657 jugera,
496 1616 586 1657 quod
602 1626 620 1646 a
645 1616 790 1647 Romulo
806 1616 874 1656 pri-

177 1677 268 1699 mum
291 1667 401 1698 divisa
417 1666 618 1698 dicebantur
640 1666 773 1701 viritim,
798 1675 874 1706 quae

176 1718 265 1759 quod
289 1717 457 1748 liaeredem
479 1721 714 1757 sequerentur,
731 1715 874 1747 113118111-

177 1777 232 1798 um
247 1767 475 1807 appellaruut,
487 1766 558 1796 lime
574 1770 692 1806 postea
704 1777 721 1797 a
739 1771 874 1797 centum

176 1816 329 1847 centuria
353 1815 471 1846 dicta.’
515 1816 641 1846 Tamen
666 1816 802 1856 propius
820 1827 876 1847 ve-

177 1875 215 1897 ro
231 1874 304 1896 esse
322 1865 480 1903 arbitror,
501 1873 619 1904 agrum
644 1865 797 1905 quamvis
815 1865 875 1896 du-

177 1925 298 1946 cenum
316 1915 488 1955 jugerum,
505 1914 594 1955 quod
613 1914 727 1954 primis
745 1919 874 1955 tempo-

177 1965 272 1996 ribus
288 1970 508 1996 centenorum
526 1968 658 1994 tantum
675 1963 792 2004 fuerit,
806 1974 874 1995 cen-

176 2015 290 2046 turiati
306 2024 427 2045 nomen
446 2014 635 2045 retinuisse.
659 2014 756 2045 Idem.

219 2070 234 2085 ⁰
261 2064 483 2104 Centurionus]
507 2064 726 2095 Centenariae
749 2065 874 2096 civium

177 2120 326 2146 catervae
354 2114 551 2155 praefectus,
575 2114 695 2145 Curio:
720 2115 791 2145 sive
809 2115 873 2146 Cu-

177 2166 303 2204 nonus,
327 2166 430 2197 curiae
456 2165 651 2206 praefectus,
678 2164 761 2202 Clief
783 2166 874 2196 d'une

175 2217 323 2255 paroisse,
336 2216 488 2247 Decurio
498 2216 569 2246 sive
582 2216 809 2256 Decurionus,
818 2217 874 2257 qui

176 2266 294 2297 decem
312 2267 485 2307 equitibus
502 2271 641 2307 praeest.
666 2267 765 2297 Idem.

220 2320 235 2340 Ρ
261 2316 450 2356 Cercolopis]
482 2316 677 2356 Legendum
705 2316 778 2347 sine
808 2317 875 2347 ulla

177 2366 418 2403 controversia,
433 2367 606 2406 Cercolips:
622 2366 684 2397 hoc
698 2372 746 2397 est
756 2366 873 2404 Simia,

177 2424 251 2454 quae
270 2415 412 2445 caudam
438 2425 501 2446 non
526 2417 642 2447 habet.
688 2416 872 2447 Martialis:

177 2468 185 2481 ‘
203 2463 236 2494 Si
255 2463 332 2494 milii
358 2464 466 2494 cauda
490 2463 591 2504 foret,
608 2465 874 2506 Cercopitliecus

177 2512 293 2543 eram)
353 2512 526 2553 Cercolips
559 2515 661 2552 igitur
693 2516 874 2556 opponitur

178 2562 436 2602 Cercopitheco,
459 2568 494 2592 et
520 2564 691 2603 proprium
719 2566 874 2596 Latinum

178 2620 298 2642 nomen
325 2611 440 2649 habet,
460 2612 571 2642 Cluna.
619 2613 665 2644 At
683 2615 803 2644 Festus
820 2614 874 2645 hic

178 2661 360 2693 manifesto
373 2666 477 2695 errat,
491 2662 546 2703 qui
566 2667 663 2702 putat
677 2673 693 2693 3
711 2662 873 2702 κέρκος,81

924 866 1014 898 λίπος
1040 866 1180 903 factum,
1203 867 1280 898 ideo
1296 865 1386 908 quod
1407 875 1566 905 crassam,
1586 869 1623 897 et

925 917 1076 948 villosam
1102 918 1254 948 nltimam
1282 916 1399 947 caudae
1418 921 1548 955 partem
1566 916 1623 945 lia-

925 966 1031 998 beret.
1079 966 1185 1008 Atqui
1204 966 1286 997 talia
1309 975 1374 997 non
1399 965 1441 996 ab
1466 965 1540 995 aliis
1564 974 1622 995 no-

926 1017 1083 1054 minibus,
1099 1017 1158 1047 sed
1181 1027 1201 1047 3
1224 1015 1336 1047 verbis
1353 1019 1623 1055 componuntur:

925 1073 963 1098 ut
992 1067 1126 1106 αἰγίλιψ·
1155 1067 1238 1106 παρὰ
1267 1066 1305 1097 τὸ
1333 1066 1493 1097 λείπεσθαι
1525 1065 1625 1104 αἰγός.

925 1119 1016 1159 quod
1038 1128 1140 1158 capra
1167 1123 1305 1149 careat:
1330 1117 1409 1157 quin
1435 1121 1470 1147 et
1497 1117 1624 1146 11111111111

927 1172 979 1198 est
995 1177 1098 1207 genus
1114 1168 1230 1198 talium
1246 1167 1436 1198 Simiarum.
1471 1165 1625 1197 Catullus

927 1228 1059 1258 quoque
1086 1218 1201 1248 harum
1224 1217 1393 1247 simiarum
1417 1215 1623 1245 mentionem

929 1268 1016 1299 facit
1041 1268 1072 1298 in
1096 1268 1359 1308 epigrammate:
1385 1265 1395 1282 ‘
1412 1271 1447 1296 et
1475 1265 1624 1305 trepidas

927 1319 1056 1358 lingere
1093 1317 1313 1358 Cercolipas!
1379 1318 1489 1349 Quam
1536 1316 1624 1346 enim

928 1374 1064 1408 apertus
1085 1377 1214 1408 sensuS,
1239 1377 1353 1398 omnes
1381 1366 1517 1397 vident:
1543 1365 1625 1406 quid

928 1418 1016 1448 enim
1054 1417 1189 1454 foedius,
1228 1427 1327 1458 qnam
1365 1420 1461 1446 nates
1499 1415 1626 1452 Simiae,

930 1468 1119 1507 praesertim
1158 1467 1367 1506 Cercolipis?
1436 1465 1625 1496 Politianus

929 1522 1041 1548 tamen
1060 1518 1178 1548 maluit
1194 1517 1392 1547 Curbatinas.
1439 1515 1536 1548 Quod
1553 1515 1626 1554 ipse

930 1577 995 1598 non
1022 1567 1242 1608 excogitavit.
1287 1566 1355 1597 Sed
1381 1567 1428 1597 ita
1452 1566 1482 1595 in
1510 1574 1627 1595 manu-

929 1617 1064 1657 scriptis
1083 1617 1227 1648 viderat.
1261 1616 1316 1647 Ita
1333 1616 1421 1647 enim
1439 1615 1540 1645 habet
1557 1624 1625 1645 ma-

929 1666 1123 1706 nuscriptus
1141 1666 1294 1697 Catullus
1317 1665 1448 1697 clariss.
1464 1670 1501 1696 et
1515 1663 1627 1695 erudi-

930 1715 1049 1746 tissimi
1063 1717 1205 1756 CuJacii,
1219 1717 1253 1748 J.
1269 1718 1306 1747 C.
1322 1725 1361 1746 ac
1377 1715 1544 1746 senatoris
1560 1723 1628 1745 am·

930 1765 1084 1805 piissimi.
1128 1766 1194 1797 Sed
1213 1775 1277 1797 non
1295 1764 1493 1804 defuerunt,
1513 1765 1567 1805 qui
1593 1764 1627 1794 in

930 1815 1103 1846 Politiano
1134 1816 1313 1846 candorem
1345 1815 1445 1846 animi
1477 1814 1628 1855 require-

931 1870 1018 1897 rent.
1050 1866 1148 1897 Quod
1163 1865 1254 1896 docti
1269 1865 1329 1895 viri
1346 1865 1401 1896 hic
1418 1864 1629 1896 substituunt

932 1916 1118 1955 Cercalopex
1139 1926 1199 1955 pro
1219 1916 1388 1956 Cercolips,
1412 1920 1449 1946 ut
1472 1914 1561 1956 quod
1580 1914 1628 1945 in-

930 1965 1065 2004 geniose
1096 1966 1323 2006 excogitatum
1361 1966 1405 1996 sit
1441 1964 1629 2002 laudamus,

930 2015 977 2045 ita
1003 2015 1093 2056 quod
1122 2016 1267 2047 alienum
1294 2025 1313 2045 a
1343 2014 1434 2045 Festi
1458 2014 1629 2044 sententia

930 2064 1112 2104 rejicimus.
1136 2066 1205 2094 Jos.
1222 2064 1304 2094 Scal.

974 2113 1165 2153 Cercolopis]
1189 2112 1386 2153 Legendum
1406 2113 1575 2152 Cercolips,
1591 2117 1628 2144 ut

929 2162 1016 2193 benc
1045 2163 1218 2202 Scaliger:
1255 2163 1315 2193 sed
1347 2161 1477 2192 fallitur
1509 2163 1627 2193 Festus

929 2214 985 2254 qui
1004 2217 1102 2253 putat
1117 2212 1326 2251 diciaxe'pnos
1339 2211 1461 2251 cauda,
1477 2216 1511 2243 et
1524 2211 1628 2250 λίπος,

929 2263 1112 2303 pinguedo,
1129 2262 1218 2303 quod
1236 2262 1375 2293 caudam
1392 2262 1551 2302 pinguem
1570 2262 1627 2292 ha-

930 2312 1021 2351 beat,
1037 2317 1073 2343 et
1090 2312 1263 2350 viliosam3
1284 2311 1410 2342 dicitur
1422 2312 1510 2342 enim
1528 2322 1627 2343 cerco-

928 2362 997 2402 lips,
1013 2362 1068 2402 qui
1086 2361 1228 2392 caudam
1246 2370 1309 2391 non
1327 2361 1463 2399 habeat,
1481 2360 1626 2401 3κέρκος,

928 2418 964 2443 81
992 2412 1094 2442 verbo
1115 2411 1224 2450 λείπω,
1258 2412 1384 2451 linquo·
1432 2411 1480 2442 Ut
1506 2411 1626 2451 αἰγίλιψ

930 2467 1028 2502 petra
1046 2462 1173 2492 dicitur
1192 2461 1274 2501 παρὸ,
1294 2460 1331 2491 τὸ
1350 2459 1508 2492 λείπεσθαι
1529 2461 1627 2501 αἰγὸς,

931 2512 1017 2553 quod
1035 2513 1147 2552 capris
1173 2512 1339 2542 destituta
1362 2512 1415 2546 sit,
1439 2511 1477 2541 τὸ
1497 2513 1626 2542 cer-cato-

927 2573 1000 2603 ραν,
1015 2563 1103 2603 quod
1116 2573 1135 2593 a
1146 2563 1225 2593 viris
1237 2562 1346 2592 doctis
1359 2570 1426 2591 orae
1439 2561 1625 2601 ascriptum

928 2612 1050 2647 fuerat.
1069 2613 1147 2653 quia
1164 2613 1255 2643 Festi
1272 2611 1449 2642 sententiae
1466 2612 1624 2643 adversa-

931 2668 997 2702 tur,
1013 2662 1246 2702 rejiciendum.
1272 2660 1351 2691 Duc.
