1835 2906
353 150 415 180 DE
450 148 722 180 VERBORUM
758 147 1165 179 SlGNlFch'rloNE
1201 150 1293 180 Llss.
1329 151 1369 180 V.

156 243 367 294 Enubro,¹<
397 244 624 286 inhibenti.

153 311 441 367 Enunquam,¹
471 312 714 366 ecquando.

1513 141 1597 182 287

153 380 318 421 EPEUS
333 386 359 403 ¹¹¹
390 394 545 421 nomen
567 380 794 434 cujusdam
814 379 939 428 fabri,
962 380 1036 433 qui
1054 392 1215 433 equum
1238 380 1429 422 Dureum
1449 382 1562 422 fecit.

152 448 418 502 Epicrocum
433 454 450 470 ¹¹
481 461 616 501 genus
637 447 810 488 amiculi
832 460 963 489 croco
994 449 1193 498 tinctum,
1218 453 1361 499 tenue,
1388 455 1432 490 et
1453 449 1598 503 perlu—

208 516 366 557 oidum.

153 582 395 637 Epilimma
411 590 443 608 ¹0
457 590 472 606 ⁰
502 598 640 637 genus
666 584 870 626 vilissimi
891 583 1113 637 unguenti.

151 651 416 706 Epistylium
431 659 447 683 Ρ
478 654 610 701 trabs,
632 665 732 706 quae
753 665 883 705 super
902 653 1129 694 columnas
1151 652 1342 705 ponitur.

151 718 381 772 Epolonos
397 726 412 749 ‘³
444 720 651 760 dicebant
680 720 862 774 antiqui,
883 733 994 775 quos
1027 733 1140 761 nunc
1161 720 1373 774 epulones
1395 720 1597 761 dicimus.

208 787 372 828 Datum
393 792 539 829 autem
562 793 631 830 est
650 787 720 829 his
737 801 909 838 nomen,
925 789 1041 842 quod
1062 788 1217 842 epulas
1237 788 1457 829 indicendi
1477 788 1503 829 J
1510 788 1597 837 ovi,

208 856 456 909 ceterisque
479 856 595 906 Diis,
612 861 879 910 potestatem
900 857 1125 897 haberent.

152 922 340 977 Epulam
357 929 370 945 Γ
399 924 569 977 antiqui
591 925 725 966 etiam
747 924 1019 977 singulariter
1039 938 1240 978 posuere.

750 1056 886 1067 eeeeeee

197 1127 235 1155 10
260 1124 313 1155 Al.
337 1125 519 1164 Epulimma.

890 1055 990 1067 eeeee

804 1219 945 1253 NOTAE

193 1297 209 1318 Κ
243 1297 384 1338 Emcbro]
419 1298 646 1329 Glossarium:
682 1297 691 1315 ‘
705 1297 846 1337 Enibra,

152 1348 295 1379 ἐνάντια.’
308 1349 317 1366 ‘
329 1348 503 1384 Embrum,
515 1347 705 1387 πραγμάτιος
716 1347 846 1383 ἐπιβλα-

150 1398 231 1435 βής.’
248 1400 336 1440 lege,
361 1398 513 1429 Enibrum
525 1397 705 1437 πράγματος
717 1398 847 1434 ἐπιβλα-

151 1448 217 1484 βές.
268 1450 277 1466 ‘
290 1449 417 1480 Enibel·
454 1449 561 1489 picus,
595 1448 676 1489 ὄρνις
705 1448 846 1489 πονηρά.’

151 1503 159 1518 ‘
173 1501 308 1540 Inebra,
324 1501 429 1540 ὄρνεον
450 1499 674 1538 nawen-ruem:
705 1501 846 1531 Servius

150 1551 183 1581 in
206 1550 427 1591 fragmentis:
452 1551 461 1566 ⁴
474 1550 578 1581 Certa
593 1560 718 1591 genera
735 1551 846 1581 avium

151 1601 194 1632 ab
209 1601 392 1641 auguribus
417 1601 645 1641 appellantur,
667 1611 740 1642 quae
768 1610 847 1640 pen-

150 1652 203 1682 nis
216 1653 268 1682 vel
287 1652 399 1682 volatu
417 1651 528 1682 omnia
548 1656 688 1691 possunt
712 1650 845 1681 facere:

152 1712 226 1743 quae
243 1702 271 1732 si
299 1701 428 1733 fuerint
452 1711 637 1741 prosperae,
659 1702 850 1741 Praepetes,

153 1754 179 1783 si
207 1752 370 1786 adversae,
394 1751 541 1791 Inebrae,
570 1751 752 1783 dicuntur!
782 1752 849 1782 Jos.

151 1803 236 1833 Scal.

195 1853 337 1894 Enubro]
361 1852 533 1884 Enubrum
551 1852 748 1892 auspicium,
766 1862 847 1884 enu-

152 1905 221 1935 brae
245 1914 337 1943 aves,
359 1913 433 1944 quae
461 1907 687 1934 remorantur.
734 1902 847 1934 Gloss.

152 1958 160 1972 ⁴
179 1955 327 1990 Enubra,
340 1953 486 1985 ἐναντία.’
508 1953 729 1984 Lconn-aria.
747 1955 755 1971 ‘
769 1954 848 1984 Eni-

152 2005 212 2036 bei·
239 2005 354 2045 piscis,
381 2005 460 2045 ὄρνις
482 2002 622 2043 πονηροίῖ
654 2003 683 2036 I.
700 2004 770 2034 avis
785 2004 845 2034 im-

153 2056 274 2097 proba,
289 2055 449 2086 infausta.
481 2055 620 2086 Enuber
638 2059 763 2089 autem,
775 2056 846 2085 sive

151 2107 267 2146 eniber,
279 2106 401 2143 enuber,
410 2106 462 2136 vel
474 2106 590 2144 imber,
600 2105 642 2135 ab
652 2105 846 2141 inhibendo,

150 2162 188 2188 ut
207 2167 227 2188 a
249 2162 258 2176 ‘
271 2155 501 2197 prohibendo,’
525 2155 716 2196 ‘proebeix’
760 2156 847 2187 Vide

151 2210 160 2226 ‘
176 2208 324 2240 inebrae.'
348 2209 430 2240 Duc.

196 2258 426 2299 ¹Emmquam]
460 2258 574 2290 Gloss.
611 2259 621 2276 ⁴
638 2259 850 2300 Enunquam,

153 2310 267 2348 εἴποτε,
284 2309 334 2339 καὶ
346 2308 447 2340 ποτέ.’
470 2309 652 2340 Liviuslib.
664 2319 698 2340 x.
714 2311 723 2327 ‘
734 2310 849 2340 Enun-

154 2369 252 2400 quam
275 2359 376 2389 fando
401 2359 542 2390 audistis
560 2360 722 2400 patricios
740 2361 850 2400 primo

154 2419 227 2441 esse
254 2409 376 2449 factos,
401 2419 465 2440 non
496 2409 538 2440 de
564 2411 648 2440 coelo
665 2410 848 2449 demissos,'

155 2461 253 2491 Idem.

195 2516 218 2531 ¹¹¹
233 2511 351 2551 Epeus]
373 2509 483 2540 Faber
496 2509 553 2549 qui
567 2518 688 2550 equum
701 2509 844 2549 ligneum

154 2561 338 2592 {edificavit
350 2570 414 2601 quo
428 2559 532 2598 Troja
549 2564 662 2599 capta.
696 2559 846 2599 Virg.11.

155 2611 285 2641 AEneid.
310 2611 372 2641 ‘Et
391 2611 461 2651 lpse
478 2609 543 2640 doli
560 2608 745 2640 fabricator
758 2610 845 2650 Epe-

155 2662 215 2692 us.'
245 2662 338 2692 Idem.

199 2716 213 2731 ¹¹
246 2712 443 2752 Epicrocum]
480 2710 684 2742 Glossarium
702 2721 710 2741 ι
743 2711 751 2727 ‘
767 2710 846 2751 Epi-

903 1306 1051 1338 crocum,
1061 1298 1191 1333 ἐσθῆτος
1199 1295 1285 1327 εἶδος·
1295 1297 1313 1332 ἢ
1321 1294 1461 1335 σχοινίον
1471 1293 1600 1335 ἂρμένου

901 1347 1096 1389 urai-dffepou.5
1142 1347 1229 1378 Vide
1255 1347 1442 1378 Varronem
1466 1346 1523 1377 lib.
1550 1356 1597 1377 vr.

900 1400 970 1430 Jos.
988 1399 1072 1430 Scal.

944 1449 1144 1490 Epicrocum]
1169 1448 1286 1480 Genus
1312 1448 1415 1479 vestis
1439 1456 1458 1478 a
1475 1447 1599 1478 Graeco

902 1499 951 1530 ἐπὶ
967 1505 1002 1530 et
1032 1498 1150 1539 κρόκος,
1175 1498 1262 1540 quod
1292 1507 1392 1528 croco
1414 1497 1522 1527 tincta
1543 1497 1598 1527 sit.

904 1551 1044 1582 Naevius
1060 1550 1149 1591 apud
1161 1550 1372 1580 Varronem:
1389 1548 1398 1565 ‘
1413 1547 1600 1578 Diabathra

901 1602 933 1631 in
951 1601 1094 1640 pedibus
1116 1599 1274 1632 habebat,
1299 1603 1334 1628 et
1356 1602 1430 1628 erat
1456 1597 1598 1627 amictus

902 1649 1085 1690 epicroco.'
1114 1649 1226 1680 Gloss.
1249 1647 1488 1688 ‘Epicrocurn‚
1508 1647 1598 1682 ἐσθῆ-

899 1712 951 1732 τος
964 1699 1063 1731 εἶδος.’
1088 1700 1170 1731 Duc.

941 1757 955 1771 0
978 1750 1161 1791 Epilimma]
1187 1750 1289 1789 Lege,
1303 1752 1339 1779 ut
1352 1751 1426 1779 erat
1442 1748 1476 1778 in
1493 1756 1598 1787 marg.

898 1802 1084 1841 Epalimma.
1114 1801 1238 1832 Graece
1262 1798 1448 1836 ἐπάλειμμα,
1467 1798 1509 1828 ab
1524 1798 1598 1828 ἐπα-

900 1852 1008 1892 λείφω,
1024 1862 1150 1891 unguo.
1175 1851 1275 1882 Idem.

942 1908 957 1929 Ρ
983 1901 1187 1943 Epistylium]
1214 1901 1266 1931 Ab
1281 1900 1331 1930 ἐπὶ
1347 1903 1382 1930 et
1403 1898 1518 1937 στήλη,
1542 1908 1598 1928 co-

897 1955 1024 1992 lumna,
1049 1952 1138 1994 quod
1163 1961 1264 1992 supra
1292 1951 1479 1982 columnam
1505 1949 1598 1990 poni-

900 2010 956 2036 tur
971 2014 978 2034 :
997 2004 1093 2043 vulgo
1106 2002 1304 2042 Architrave.
1321 2000 1429 2030 Idem.

942 2059 958 2080 q
981 2054 1149 2094 Epolonos]
1170 2051 1271 2091 Apud
1294 2052 1464 2082 Romanos
1483 2049 1509 2079 is
1527 2058 1598 2079 mos

901 2109 987 2143 erat,
1011 2109 1061 2143 ut,
1078 2102 1253 2144 placandae
1268 2101 1411 2140 alicujus
1432 2099 1499 2129 Dei
1523 2098 1597 2136 irae,

902 2155 1025 2195 epulae,
1043 2153 1208 2192 convivia,
1230 2152 1262 2182 in
1288 2151 1374 2182 illius
1388 2149 1514 2189 templo
1539 2158 1596 2178 ex-

902 2205 1111 2238 hiberentur,
1127 2213 1203 2244 quae
1219 2202 1284 2232 alio
1300 2200 1433 2231 nomine
1448 2199 1598 2229 lectister-

900 2258 953 2289 nia
976 2256 1188 2290 dicebantur,
1204 2253 1291 2293 quod
1309 2251 1381 2281 Diis
1409 2249 1595 2290 epulaturis

898 2307 980 2339 lecti
1003 2309 1248 2337 sternerentur.
1294 2302 1337 2332 Et
1364 2300 1404 2331 iis
1432 2299 1596 2331 conviviis

899 2355 1121 2398 procurandis
1136 2357 1305 2395 praeerant
1322 2351 1488 2383 triumviri
1503 2351 1597 2390 Epu-

899 2409 967 2439 loni
981 2408 1076 2445 dicti,
1092 2405 1147 2447 qui
1164 2408 1280 2445 postea
1297 2401 1509 2443 septemvffi,
1521 2405 1594 2431 tan-

901 2459 975 2489 dem
993 2455 1174 2488 decemviri
1201 2453 1285 2484 facti
1309 2457 1398 2484 sunt.
1444 2451 1596 2491 Epolonos

900 2514 1014 2539 autem
1044 2506 1181 2545 antiqua
1211 2502 1380 2535 scribendi
1415 2506 1596 2533 consuetu·

901 2559 980 2589 dine
996 2566 1062 2596 qua
1076 2556 1179 2594 epolus
1195 2563 1255 2594 pro
1270 2553 1384 2593 epulas,
1397 2553 1450 2592 &aa
1475 2551 1584 2582 Idem.

943 2612 954 2627 r
976 2605 1122 2646 Epulum]
1148 2604 1226 2635 Non
1242 2603 1373 2642 mirum,
1389 2611 1464 2633 cum
1482 2601 1594 2641 adjec-

902 2659 971 2690 tive
992 2660 1151 2687 sumatur.
1194 2653 1403 2692 Intelligitur
1423 2652 1511 2683 enim
1537 2651 1594 2681 da-

903 2719 998 2749 pem;
1017 2712 1050 2739 et
1069 2706 1194 2747 epulae,
1209 2705 1327 2745 dapes.
1371 2703 1429 2734 sic
1452 2702 1591 2742 ‘Epulae
