1835 2906
371 148 433 177 DE
467 147 737 177 VERBORUM
776 146 1186 176 SIGNlFch'rloNE
1224 147 1315 178 [AB.
1349 146 1415 177 Vl.

1531 135 1613 177 271

225 245 331 285 tia¹0
366 248 588 284 necaretur
609 257 618 285 :
660 243 898 296 Virgilius:
935 242 994 282 Et
1026 254 1144 283 caesa
1176 241 1421 295 jungebant
1451 241 1617 283 foedera

224 324 362 364 porca
380 324 390 352 :
420 311 489 351 vel
510 312 616 364 quia
638 312 681 351 in
703 311 870 352 foedere
891 309 1188 362 interponatur
1208 309 1331 349 fides.

169 378 374 419 Foliump
406 391 431 419 a
465 378 622 419 Graeco
644 378 781 426 venit,
817 376 935 430 quod
959 376 1020 416 illi
1043 375 1196 416 dicunt
1223 374 1376 427 φύλλον,
1400 377 1477 417 sed
1512 377 1614 418 ideo

223 459 301 498 per
322 459 457 486 unum
479 446 530 495 L,
551 447 657 499 quia
676 445 844 497 antiqui
866 457 950 484 nou
972 444 1253 496 geminabant
1274 449 1577 485 consonantes.

167 513 440 554 Folliculare
456 519 472 542 ‘³
495 513 745 566 appellatur
767 524 867 565 pars
884 512 1006 561 remi,
1025 525 1124 565 quae
1140 510 1340 552 folliculo
1360 515 1426 552 est
1439 516 1611 561 tecta,¹¹

222 593 246 620 a
270 593 359 633 quo
381 581 475 622 vita
494 581 770 621 follicularis.

166 647 364 688 Foinites
379 653 391 669 s
415 653 517 689 sunt
538 648 700 689 assulae
722 660 780 688 ex
802 647 1046 697 arboribus,
1068 636 1169 687 (ium
1192 646 1434 695 caeduntur,
1457 659 1614 686 excus-
1660 639 1663 642 ’

222 728 298 764 sae,
319 715 463 765 dictae,
481 715 596 768 quod
619 715 664 754 in
697 728 747 755 eo
769 727 899 767 opere
923 716 1143 767 occupati,
1161 714 1274 754 cibis
1295 718 1491 766 potuque
1514 726 1616 753 con-

219 782 430 823 foventur.

490 781 550 823 At
586 781 764 836 Opilius
801 782 980 823 adustas
1005 782 1101 835 jam
1129 782 1244 822 vites
1279 782 1429 821 vocari
1457 781 1615 821 existi-

219 855 309 889 mat
330 850 531 890 fomites:
568 850 643 890 alii
670 850 815 890 vocari
846 854 1005 903 putant
1038 849 1268 899 scintillas,
1301 862 1398 902 quae
1422 861 1480 889 ex
1501 849 1613 889 ferro

222 917 425 957 candenti
447 917 617 957 malleis
640 917 946 958 excutiuntur:
979 917 1111 957 dictae
1137 922 1280 957 autem
1305 918 1381 966 ita,
1404 916 1508 970 quia
1524 916 1612 967 igni

221 989 323 1025 suut
353 985 566 1026 confotae:
607 985 700 1038 pari
735 985 867 1025 modo
905 985 1081 1034 assulae,
1116 998 1216 1039 quae
1250 988 1352 1025 sunt
1383 983 1614 1024 securibus

220 1057 456 1093 excussae.³

769 1159 884 1171 eeeeee

888 1159 1004 1171 eeeeee

208 1239 247 1267 10
271 1236 418 1275 Conjicit
436 1237 550 1267 Ursin.
573 1238 694 1268 Fostia.
739 1238 782 1267 V.
808 1247 837 1266 c.
861 1238 944 1268 seda.
992 1237 1052 1267 Vir
1078 1235 1212 1278 quidam
1241 1236 1334 1268 doct.
1363 1236 1396 1266 iu
1426 1245 1532 1275 marg.
1557 1235 1611 1267 ed.

160 1279 250 1310 scal.
266 1280 357 1319 conj.
374 1279 521 1310 sela.‘—l
532 1283 546 1310 l
573 1281 636 1312 Ed.
650 1281 740 1311 Scal.
755 1281 845 1311 lecta.

815 1355 960 1387 NOTAE

160 1430 269 1462 cinam
288 1431 529 1471 aspirationem
547 1435 719 1470 mutatum
743 1432 856 1463 simili-

160 1486 212 1511 ter
230 1491 309 1522 ergo
325 1487 358 1512 et
381 1483 496 1513 hoedos
510 1483 651 1514 dicimus
675 1489 749 1513 cum
768 1484 857 1523 aspi-

160 1532 303 1571 ratione,
313 1533 468 1573 quouiam
480 1532 562 1563 foedi
576 1533 753 1564 dicebatur
767 1533 856 1573 apud

159 1582 328 1622 antiquos,
358 1583 438 1613 item
463 1583 584 1618 hirom,
612 1584 766 1623 quoniam
784 1593 856 1614 eos-

158 1631 235 1661 dem
252 1641 347 1672 aeqne
364 1632 462 1664 fircos
488 1634 677 1665 vocabant!
703 1635 775 1664 Ful.
797 1635 858 1664 Ur-

159 1691 220 1712 sm.

205 1732 334 1774 Foedus]
373 1735 437 1764 Vel
466 1745 484 1765 a
502 1736 617 1776 ferire,
644 1736 696 1766 vel
719 1736 858 1773 asorcla,

158 1782 212 1812 vel
230 1793 248 1812 a
266 1782 364 1819 foede,
383 1785 434 1814 vel
452 1795 470 1815 a
484 1786 566 1826 fide,
590 1787 642 1816 vel
664 1786 704 1816 ab
723 1787 856 1818 Hoeclus.

159 1832 227 1863 Sed
246 1838 298 1864 est
315 1835 450 1874 afidus;
475 1846 549 1865 nam
568 1841 603 1867 et
617 1837 707 1878 fidus
724 1837 858 1876 profoe-

159 1884 216 1913 dus
233 1884 315 1913 dixit
334 1885 473 1916 Ennius.
499 1886 581 1917 Duc.

201 1938 216 1958 Ρ
236 1933 375 1975 Folium]
392 1935 517 1965 Verum
533 1942 585 1967 est
603 1946 676 1967 esse
689 1947 707 1967 a
722 1935 856 1977 φύλλον,

156 1981 215 2012 sed
235 1985 400 2022 posterius
416 1985 428 2014 l
442 1991 591 2016 mutatur
609 1986 641 2016 in
656 1987 678 2017 i.
726 1987 855 2017 Contra

156 2033 244 2072 quod
261 2034 383 2065 Festus
411 2037 557 2075 putavit.
600 2037 656 2068 Sic
682 2037 722 2068 ab
744 2036 853 2073 ἄλλος,

154 2082 251 2114 alius.
276 2084 375 2116 Idem.

197 2137 212 2158 ‘³
250 2134 453 2175 Folliculure]
500 2136 700 2167 Feniculum
741 2143 853 2177 vocat,

156 2183 245 2223 quod
264 2184 378 2215 Graeci
396 2184 534 2224 ἄσκωμα.
559 2188 627 2217 Jos.
644 2187 728 2218 Scal.

198 2232 398 2274 Folliculare]
424 2235 632 2276 Al'olliculo,
649 2237 681 2268 id
700 2243 766 2276 est,
784 2239 854 2279 pel-

154 2282 187 2311 le
203 2291 311 2313 remos
328 2285 515 2324 muniente,
531 2297 596 2326 qua
613 2291 709 2327 parte
727 2289 854 2320 scalmo

154 2333 364 2364 incumbunt.
402 2334 530 2374 ἅσκωμα
567 2342 690 2368 vocant
726 2339 852 2369 Graeci.

157 2382 310 2422 Hesych.
331 2382 471 2422 ἄσκωμα,
499 2384 671 2426 δερμάτων,
692 2387 709 2418 ᾖ
729 2389 762 2418 ἐν
785 2390 855 2420 ταῖς

152 2430 308 2471 τριήρεσιν
323 2431 460 2473 ἔχουσιν,
478 2435 510 2465 id
525 2441 589 2474 est,
614 2441 623 2454 ‘
640 2438 854 2476 Folliculum,

155 2483 265 2522 pellis,
291 2493 390 2523 quarn
416 2484 450 2514 iu
481 2485 675 2516 triremibus
704 2487 854 2520 habent!

154 2533 318 2573 Hesycliii
337 2535 439 2564 verba
456 2535 601 2566 illustrat
618 2536 786 2577 interpres
804 2538 850 2569 A-

153 2584 360 2622 ristophanis
385 2585 417 2615 in
434 2583 570 2624 βατράχ.
589 2585 716 2623 ἄσκωμα
732 2586 764 2617 δὲ
785 2588 850 2628 δερ-

154 2631 262 2670 μάτιόν
286 2645 317 2663 τι
344 2632 368 2672 ᾧ
391 2634 423 2665 ἐν
446 2636 516 2666 ταῖς
538 2635 675 2676 τριήρεσι
701 2638 849 2677 χρῶνται·

153 2683 219 2714 καθ’
233 2683 250 2715 ὃ
265 2683 284 2721 ἡ
298 2684 383 2724 κώπη
399 2684 566 2726 βάλλεται,
583 2687 603 2718 i.
629 2696 659 2718 e·
684 2688 692 2705 ‘
707 2688 852 2719 Follicu-

913 1432 995 1468 lum,
1022 1433 1118 1472 pellis
1148 1442 1215 1473 qua
1243 1431 1275 1462 in
1301 1431 1442 1461 navibus
1470 1435 1613 1462 utuntur

913 1493 974 1525 per
1001 1495 1098 1526 quam
1129 1494 1241 1515 remus
1269 1483 1480 1523 impellitur!
1525 1484 1611 1514 Inde

912 1534 1111 1566 follicularis
1129 1537 1212 1576 vita,
1229 1545 1344 1566 eorum
1368 1536 1423 1575 qui
1441 1535 1481 1565 ad
1501 1544 1611 1564 remos

912 1591 989 1615 sunt
1013 1586 1172 1625 delegati.
1222 1585 1330 1615 Aliter
1347 1590 1459 1614 tamen
1480 1584 1611 1614 follicu-

912 1636 1017 1666 larem
1035 1636 1139 1666 vitam
1157 1636 1404 1675 interpretatus
1426 1640 1479 1665 est
1495 1635 1610 1664 Meur-

910 1687 992 1725 sins,
1010 1696 1131 1727 nempe
1149 1687 1322 1724 caducam,
1340 1685 1380 1716 ad
1394 1686 1500 1716 instar
1515 1684 1609 1715 folii:

911 1745 986 1767 nam
1012 1737 1144 1777 folium,
1169 1738 1191 1768 i.
1208 1735 1337 1773 folium,
1361 1735 1451 1766 unde
1479 1734 1610 1766 follicu-

910 1787 991 1823 lum,
1009 1792 1160 1819 extrema
1177 1797 1254 1827 pars
1271 1787 1352 1816 remi
1372 1787 1403 1816 iu
1420 1785 1492 1816 folii
1517 1786 1610 1816 simi-

911 1837 1087 1868 litudinem
1108 1838 1280 1874 desinens,
1296 1846 1370 1877 quae
1387 1836 1520 1867 Graecis
1536 1849 1610 1866 πτε·

909 1887 972 1927 ρὸν,
1003 1888 1093 1929 quod
1124 1889 1187 1918 alae
1220 1887 1326 1918 vicem
1349 1887 1426 1917 navi
1459 1894 1610 1927 praestet,

910 1938 991 1968 Duc.

952 1993 963 2007 s
986 1988 1141 2028 Fomites]
1168 1988 1288 2019 Omnis
1306 1987 1449 2018 materia
1468 1987 1562 2017 arida
1576 1992 1608 2018 et

908 2038 948 2068 ad
979 2039 1218 2078 ignescentium
1251 2043 1331 2078 apta
1357 2037 1458 2074 fomes
1485 2037 1610 2068 dicitur

909 2099 927 2119 a
942 2089 1092 2129 fovendo,
1125 2090 1213 2131 quod
1247 2099 1287 2120 eo
1321 2089 1406 2123 ignis
1440 2087 1609 2118 foveatur.

908 2141 1035 2171 Natum
1060 2144 1112 2170 est
1135 2139 1216 2169 illud
1241 2148 1280 2170 11.
1297 2137 1431 2168 AEneid.
1465 2138 1609 2168 ‘Susce-

910 2190 1026 2230 pitque
1044 2191 1154 2228 iguem
1181 2189 1283 2227 foliis,
1308 2195 1410 2229 atque
1435 2188 1530 2218 arida
1545 2189 1609 2219 cir-

909 2249 982 2269 cum
1003 2239 1223 2270 Nun-inuenta
1241 2238 1346 2273 dedit,
1368 2239 1549 2278 rapuitque
1575 2239 1607 2269 in

909 2288 1029 2319 fomite
1046 2287 1238 2319 flammam!
1262 2288 1359 2318 Idem.

952 2345 963 2360 ⁵
988 2340 1064 2370 Pari
1080 2340 1166 2369 modo
1188 2339 1311 2377 assum,
1326 2348 1394 2377 qua>
1405 2341 1476 2368 sunt
1491 2341 1607 2370 securi-

907 2390 961 2420 bus
972 2389 1123 2428 excussaej
1141 2389 1225 2419 Inde
1240 2388 1450 2419 Glossarium
1465 2389 1608 2421 Graeco-

906 2439 982 2470 Lat.
1006 2441 1014 2456 ‘
1027 2437 1199 2476 πελέκημα,
1216 2437 1326 2475 fomis,
1342 2437 1472 2468 fomes.'
1488 2442 1497 2456 ⁴
1512 2446 1606 2470 πελε-

906 2488 1014 2527 κήτης,
1029 2488 1186 2519 dolator?
1198 2490 1206 2505 ⁴
1218 2490 1352 2529 πελεκῶ,
1369 2488 1458 2528 dolo,
1472 2489 1607 2520 fomeo.’

904 2540 1027 2579 Supra,
1052 2549 1127 2569 cum
1153 2538 1247 2569 addit
1270 2539 1403 2574 Festus,
1420 2542 1454 2569 at
1481 2540 1605 2579 Opilius

904 2589 1103 2627 aclustusjam
1112 2589 1187 2620 vites
1195 2590 1296 2620 vocari
1304 2590 1465 2620 existimat
1466 2591 1608 2629 fomites,

906 2649 1002 2678 nugae
1020 2644 1097 2670 sunt
1113 2639 1155 2670 de
1169 2640 1310 2670 vitibus:
1328 2639 1554 2678 scribendum,
1568 2645 1605 2671 ut

906 2690 939 2721 in
950 2690 1414 2730 vetustissimolibrolegitur:
1429 2690 1606 2730 AtOJJitius
