1835 2906
231 154 286 196 86

684 163 828 194 SEXTl
864 163 1064 194 POMPEII
1098 164 1232 195 FESTI

288 260 436 301 album
457 262 501 300 et
526 258 722 312 nigrum3
751 258 1030 301 intervenerit
1051 262 1194 300 autem
1219 260 1258 300 is
1289 272 1464 313 quoque
1492 261 1568 313 qui
1600 242 1665 302 ita

288 327 429 368 neutri
450 327 606 367 similis
626 330 711 375 est,
733 329 782 366 ut
803 329 946 368 tamen
967 328 1023 368 ab
1043 331 1225 380 utroque
1243 327 1549 380 proprietatem
1580 332 1665 368 tra-

287 396 384 444 hat;
409 394 681 447 potissimum
704 394 758 434 ab
779 406 894 447 aqua
911 406 1007 434 eum
1028 393 1366 444 denominarunt,
1385 394 1511 448 cujus
1527 394 1668 435 incer-

289 466 360 501 tus
380 465 446 501 est
467 461 598 502 color.

232 527 439 581 Aquilius
458 540 708 582 praenomen
725 527 756 551 ¹⁸
775 533 789 549 Ζ
821 528 878 569 ab
897 528 1045 582 aquilo
1066 528 1224 579 colore,
1247 527 1291 569 id
1319 534 1399 578 est,
1430 529 1567 582 nigro,
1601 533 1668 571 est

290 595 468 636 dictum.

234 661 396 717 Aquilo
413 668 428 685 ³
458 666 610 704 ventus
632 675 659 704 a
680 662 1060 705 vehementissimo
1081 663 1231 704 volatu
1256 662 1310 704 ad
1342 663 1478 704 instar
1507 663 1666 717 aquilae

291 731 550 784 appellatur.

232 796 512 851 Aquipenser
528 796 544 820 ¹³
565 811 700 851 genus
720 798 874 851 piscis.

234 864 462 905 ARAfflcE
485 865 587 914 olet,
609 865 655 905 id
676 869 756 914 est,
776 878 833 905 ex
853 865 1064 906 odoribus
1089 863 1303 905 Arabicis,

234 930 405 971 Arbilla
420 938 434 954 ⁰
466 932 631 981 arvina,
653 931 699 971 id
721 935 802 981 est,
824 932 1047 985 pinguedo
1071 933 1280 985 corporis.

234 995 440 1038 Arbiter-‘³
472 998 632 1039 dicitur
647 998 802 1053 judex,
825 993 942 1053 quod
957 1005 988 1030 ¹9
1019 999 1156 1040 totius
1183 1000 1241 1040 rei
1258 999 1411 1040 habeat
1431 1000 1672 1050 arbitrium,

293 1070 338 1105 et
360 1064 626 1106 facultatem.

236 1131 556 1182 Arbitrarium,e
587 1146 685 1173 cum
709 1133 852 1174 adhuc
873 1146 940 1174 res
962 1134 1079 1188 apud
1103 1134 1331 1175 arbitrium
1351 1135 1522 1187 geritur.

236 1199 477 1241 Arbitrium
491 1197 504 1221 f
530 1201 687 1242 dicitur
708 1201 934 1251 sententia,
955 1215 1055 1256 quae
1077 1203 1133 1244 ab
1156 1203 1315 1244 arbitro
1337 1203 1556 1245 statuitur.

839 1311 1074 1325 “taem“

282 1389 321 1417 18
345 1385 411 1417 Alii
429 1388 583 1427 Aquillius
600 1391 804 1419 nomem—19
821 1389 966 1422 Quidam
983 1390 1057 1420 libri
1071 1391 1134 1429 qui.

895 1493 925 1524 N
933 1493 1032 1524 OTAE

282 1569 294 1583 ²
306 1564 451 1604 Aquilius
468 1566 658 1606 proenomen]
671 1566 818 1607 Aquillia
835 1566 929 1598 fami-

240 1614 283 1644 lia
301 1614 447 1654 duplex;
473 1615 614 1655 patricia
631 1622 666 1646 et
684 1617 828 1657 plebeia,
846 1623 933 1649 utra-

240 1674 306 1705 que
323 1666 518 1697 consularis.
557 1665 641 1697 Ideo
657 1667 814 1706 Aquillius
828 1678 935 1699 nomen

240 1716 364 1754 malim,
393 1726 467 1746 uam
497 1726 671 1756 proenomen
701 1717 859 1757 Aquilius,
881 1718 937 1748 vel

240 1764 584 1807 AquilliuS,nunquam
598 1772 706 1803 extat,
720 1768 806 1809 quod
821 1769 936 1799 sciam.

242 1815 414 1855 Aquillium
425 1822 535 1847 autem
546 1817 759 1848 scribendum
773 1827 859 1856 esse,
870 1828 935 1849 nou

241 1865 413 1905 Aquilium,
437 1866 561 1896 docent
578 1866 657 1897 fasti
681 1866 878 1907 Capitolini,
902 1873 937 1899 et

243 1915 379 1945 nummi.
403 1914 482 1946 Ant.
499 1916 584 1955 Aug.

285 1965 445 2006 Aquilius]
462 1966 635 2006 Simplicil
652 1976 711 2006 pro
722 1967 890 2007 Aquillius,
902 1972 940 1999 ut

244 2021 442 2047 constanter
466 2017 559 2047 Fasti
578 2017 761 2057 Capitolini
785 2024 818 2049 et
842 2028 936 2049 num-

192 2073 195 2077 ’
244 2067 301 2097 mi.
335 2066 481 2108 Aquillia
498 2067 623 2098 familia
639 2067 776 2108 duplex,
794 2070 938 2109 patricia

244 2123 279 2148 et
293 2117 437 2157 plebeia.
473 2118 623 2158 Utraque
639 2119 834 2158 consularis,
845 2119 936 2150 ideo-

246 2177 311 2208 que
336 2168 450 2208 legunt
474 2168 533 2199 viri
559 2169 757 2208 doctissimi,
781 2170 937 2210 Aquillius

244 2228 362 2254 nomen,
377 2221 430 2258 &yc-
444 2229 519 2250 cum
536 2229 697 2261 nusquam
714 2221 845 2261 legatur
857 2230 937 2261 pra:-

246 2279 351 2299 nomen
367 2270 510 2308 aquilius.
535 2271 623 2301 Dae.

289 2323 303 2338 ὃ
318 2319 443 2359 Aquilo]
460 2320 600 2359 Optime
614 2320 771 2351 Caninius
787 2330 806 2351 a
820 2320 941 2351 Graeco

246 2368 358 2409 ἀκιρός.
395 2370 540 2410 Hesyclr.
556 2371 670 2410 ἀκιρὸς,
683 2371 808 2411 βοῤῥᾶς.
825 2370 946 2412 ἀκιρὸς,

249 2432 265 2459 ρ
280 2421 311 2451 in
327 2421 349 2459 l,
365 2420 482 2459 ἇκιλὸς,
494 2422 613 2462 aquilo.
631 2423 728 2453 Idem.

293 2471 306 2492 ¹²
317 2472 523 2512 Aquipenser]
540 2473 708 2503 Scribitur
726 2478 760 2504 et
775 2474 943 2514 acipenser.

252 2524 376 2554 Horat.
407 2524 505 2554 Satir.
533 2527 563 2553 2.
597 2524 654 2555 lib.
679 2534 719 2556 n.
752 2526 760 2541 ‘
783 2526 870 2556 haud
896 2527 943 2557 ita

252 2573 395 2614 pridem,
418 2573 551 2604 Galloni
589 2575 753 2613 praecouis
778 2581 852 2606 erat
877 2576 943 2606 aci—

252 2633 393 2664 pensere
414 2633 531 2654 mensa
554 2623 716 2655 Insanus!
760 2626 871 2665 Vulgo
887 2636 943 2657 vo-

252 2678 348 2704 catur
362 2674 472 2712 sturio,
485 2677 675 2713 estourgeou.
723 2675 882 2708 Quamvis
900 2686 942 2707 an

255 2724 455 2764 aquipeuser
479 2724 520 2754 sit
544 2724 652 2755 sturio
677 2724 822 2756 dubitari
848 2731 942 2757 certe

986 1568 1104 1609 possit,
1134 1577 1208 1599 cum
1240 1568 1420 1607 aqzcipenser
1454 1567 1497 1597 sit
1534 1565 1679 1597 marinus

988 1622 1132 1656 tautum,
1144 1616 1248 1647 sturio
1266 1626 1344 1646 vero
1360 1622 1396 1646 et
1412 1616 1558 1646 marinus
1571 1622 1605 1647 et
1618 1615 1679 1646 flu-

989 1668 1124 1698 viatilis.
1156 1667 1222 1698 Sed
1239 1666 1281 1697 de
1297 1667 1359 1697 hoo.
1376 1667 1463 1706 apud
1481 1666 1680 1697 Horatium:

991 1718 1192 1757 aquipenser
1209 1722 1321 1747 autem
1346 1716 1387 1747 ab
1411 1716 1563 1747 acumine
1581 1716 1680 1747 rostri

991 1767 1114 1799 dictus.
1162 1768 1294 1798 Pesnum
1316 1768 1402 1797 euim
1426 1767 1569 1807 Antiqui
1591 1766 1681 1797 ‹lice-

991 1818 1072 1849 bant
1088 1823 1234 1849 acutum.
1267 1817 1352 1848 Inde
1367 1817 1547 1857 aquipesner
1564 1816 1684 1857 primo,

991 1874 1107 1910 postea
1123 1869 1301 1909 aquipeiiser
1316 1874 1350 1899 et
1365 1869 1533 1907 acipenser.
1556 1868 1664 1900 Idem.

1034 1919 1170 1959 Arbilla]
1194 1919 1313 1949 Arvina
1330 1928 1387 1949 seu
1413 1918 1522 1949 arbitra
1543 1927 1607 1949 non
1632 1923 1685 1948 est

992 1970 1118 2010 quaevis
1136 1969 1317 2009 pinguedo,
1334 1970 1391 2000 sed
1418 1980 1519 2000 set-um
1544 1975 1686 2000 tantum.

989 2019 1220 2050 Glossarium:
1253 2023 1261 2036 ‘
1278 2020 1404 2058 arvina,
1421 2019 1510 2050 λίπος
1525 2018 1596 2049 ἄνευ
1612 2030 1685 2059 σαρ-

987 2068 1063 2100 κός.’
1087 2070 1172 2100 Haec
1186 2068 1273 2098 euim
1292 2074 1343 2099 est
1359 2068 1513 2112 definitio
1530 2069 1616 2100 sevi:
1632 2074 1686 2099 est

987 2119 1261 2151 autemSiculum
1283 2119 1437 2150 verbum:
1467 2119 1613 2160 Hesych.
1639 2119 1690 2157 ἀρ-

990 2169 1069 2206 eim,
1094 2168 1193 2209 κρέας,
1217 2169 1352 2201 Σικελοί.
1397 2170 1588 2210 Legeudum
1622 2170 1688 2202 for-
1730 2195 1735 2201 .

992 2226 1082 2252 tasse
1099 2219 1205 2259 στέαρ,
1221 2229 1285 2250 nou
1302 2219 1399 2259 κρέας.
1421 2221 1489 2251 Jos.
1506 2221 1590 2252 Scul.

1037 2271 1051 2292 ‘¹
1072 2271 1214 2311 Arbiter]
1237 2271 1351 2303 Judex
1370 2281 1386 2301 a
1404 2276 1552 2311 praetore
1575 2272 1686 2312 datus,

998 2322 1049 2353 vel
1066 2331 1107 2352 ex
1133 2321 1355 2352 conventione
1379 2322 1584 2361 litigatorum
1602 2323 1688 2354 elec-

998 2376 1063 2403 tus.
1086 2371 1214 2402 Arbiter
1230 2376 1339 2401 autem
1363 2376 1397 2401 et
1411 2371 1513 2409 judex
1535 2382 1577 2403 eo
1593 2372 1687 2404 diffe-

1000 2428 1090 2461 runt,
1109 2422 1196 2463 qiiod
1225 2422 1279 2452 ille
1301 2427 1410 2452 certos
1430 2422 1551 2453 lrabeat
1576 2425 1690 2454 termi-

996 2483 1056 2504 nos
1087 2482 1168 2514 quos
1198 2482 1264 2503 uon
1300 2472 1456 2513 excedat,
1485 2473 1538 2504 hic
1569 2474 1688 2505 nullos.

997 2525 1079 2555 Dae.

1040 2578 1053 2594 e
1089 2572 1317 2612 Arbitrarium]
1372 2571 1485 2603 Plaut.
1538 2571 1690 2613 Amphit.

998 2629 1006 2642 ⁴
1026 2624 1100 2655 Hoc
1128 2624 1260 2664 quidem
1288 2621 1443 2663 profecto
1474 2628 1602 2654 certum
1624 2630 1690 2664 est,

998 2684 1063 2706 non
1079 2672 1311 2704 arbitrarium!
1331 2672 1429 2703 Idem.

1041 2725 1053 2744 f
1072 2725 1261 2765 Arbitrium]
1285 2723 1334 2753 De
1347 2721 1547 2754 differentiis
1565 2724 1689 2756 arbitrii
