1835 2906
242 419 508 495 SEX.
561 415 1122 495 POMPEI}
1181 415 1524 492 FESTI

856 618 910 643 DE

160 771 719 831 VERBORUM
777 770 1608 832 SIGNIFICATIONE

705 952 925 1000 LIBER
980 954 1085 1001 Xl.

164 1234 478 1292 MACELLUM
497 1257 512 1274 ³
533 1252 698 1293 dictum
720 1266 746 1294 a
768 1253 964 1295 Macello
990 1257 1198 1308 quodam,
1219 1257 1292 1312 qui
1315 1259 1546 1300 exercebat
1566 1260 1611 1300 in

215 1319 322 1359 urbe
343 1319 586 1369 latrocinia,
607 1334 695 1375 quo
719 1320 925 1364 damnato
944 1323 1162 1366 Censores
1185 1326 1325 1367 AEmi-
1364 1327 1607 1376 [PAULUS.

219 1386 320 1436 lius,
344 1391 387 1428 et
408 1387 592 1429 Fulvius
611 1392 875 1441 statuerunt,
897 1395 945 1432 ut
964 1392 1008 1433 in
1028 1393 1157 1434 domo
1182 1394 1278 1448 ejus
1302 1395 1488 1435 obsonia
1509 1409 1612 1437 ven-

221 1453 436 1496 derentur.

164 1520 429 1574 Macilenti,b
446 1523 586 1564 macie
608 1525 795 1566 tenuati.

164 1587 377 1641 Mantus,⁶
399 1592 540 1644 magis
561 1597 738 1633 auctus.

828 1692 972 1725 NOTAE

208 1769 221 1785 ²
239 1765 420 1805 Macellum]
440 1765 539 1796 Unde
554 1766 609 1802 sit,
621 1766 703 1798 mire
719 1765 863 1798 Veteres

165 1815 385 1845 dissentiunt.
410 1816 500 1846 Festi
519 1817 720 1847 sententiam
741 1817 864 1857 probat

165 1866 274 1896 Varro
304 1865 434 1897 duobus
466 1866 564 1906 locis,
588 1867 645 1908 qui
672 1877 690 1898 a
717 1867 863 1899 Maceno

166 1915 311 1956 quodam
325 1915 454 1947 dictum
467 1916 551 1947 vult.
599 1917 751 1947 Donatus
773 1927 866 1958 vero,

167 1966 333 2005 Isidorus,
348 1970 382 1997 et
397 1966 548 2007 Scaliger
565 1977 582 1997 a
599 1967 789 1999 mactandis
808 1978 864 2008 pe-

165 2017 300 2047 coribus
317 2016 502 2058 deducunt,
519 2022 555 2048 ut
572 2017 615 2049 sit
633 2028 652 2049 a
669 2019 678 2035 ‘
693 2020 864 2056 mactum,'

164 2070 172 2084 ‘
190 2067 398 2103 mactatum:
425 2072 433 2085 ¹
447 2068 670 2109 mactellum,’
716 2070 726 2087 ‘
744 2071 864 2102 macel-

164 2118 256 2149 lum.'
284 2119 467 2149 Salmasius
486 2120 527 2150 ab
544 2120 674 2151 AEolico
701 2120 864 2162 μάγεῤῥος,

166 2171 224 2211 qui
250 2179 368 2202 carnes
394 2170 533 2202 vendit:
568 2171 628 2202 sed
652 2172 864 2205 Scholiastes

167 2220 404 2261 Aristophanis
424 2231 443 2252 a
463 2225 638 2253 structura
660 2233 781 2255 nomen
798 2234 869 2255 sor-

168 2271 268 2301 titum
292 2271 398 2302 dicit:
437 2273 452 2302 ὃ
480 2272 511 2303 δὲ
537 2272 651 2305 κύκλος
679 2274 806 2316 (inquit
834 2276 866 2307 in

169 2321 583 2365 Equit.)’Ae-l1v3nrive’oerw‚
593 2324 728 2368 καθάπερ
743 2327 867 2359 Μάκελ-

169 2377 238 2409 λος,
253 2372 287 2402 ἐκ
309 2373 365 2409 τῆς
379 2376 573 2412 κατασκευῆς
587 2375 645 2413 τὴν
660 2378 869 2419 προσηγορίαν

170 2421 288 2456 λαβών.
334 2422 362 2453 Ι.
378 2432 408 2453 e.
427 2423 436 2439 ‘
449 2423 570 2456 Cuclos
593 2426 687 2457 locus
712 2427 870 2468 Athenis,

173 2473 241 2513 qui,
256 2478 292 2504 ut
308 2477 344 2504 et
361 2473 612 2515 Macellum,ex
629 2482 800 2509 structura
815 2489 874 2510 uo-

172 2532 250 2554 men
269 2523 427 2564 accepit.’
451 2524 551 2558 Quod
570 2526 595 2556 si
613 2528 870 2568 verum‚dicen-

173 2573 251 2604 dum
269 2578 322 2605 est
336 2576 441 2605 cuclon
464 2585 483 2605 a
507 2575 717 2608 rotunditate
741 2577 870 2610 dictum

171 2622 286 2665 fuisse,
309 2625 388 2666 quia
415 2625 591 2667 rotundus,
614 2627 797 2661 Macellum
812 2639 870 2662 ve·

173 2683 209 2704 ro
226 2674 285 2705 ἀπὺ
299 2676 354 2712 τῆς
366 2676 538 2717 μακέλλης,
552 2686 570 2708 a
583 2678 707 2719 ligone,
720 2681 808 2720 quod
820 2682 869 2711 ila

176 2729 342 2756 structum
369 2725 486 2766 fuerit,
515 2733 551 2758 ut
580 2727 701 2768 ligonis
727 2729 868 2771 figuram

920 1768 1064 1802 referret
1081 1781 1090 1810 ;
1138 1771 1195 1803 sed
1235 1773 1307 1813 ejus
1338 1778 1457 1814 typum
1489 1774 1614 1805 vidisse

918 1822 1081 1860 oportuit,
1093 1826 1129 1852 ut
1146 1822 1178 1852 id
1196 1824 1294 1854 unice
1311 1824 1485 1864 probetur.
1532 1824 1615 1855 Sub-

913 1870 1029 1911 jungit
1055 1873 1142 1903 idem
1166 1874 1371 1906 Scholiastes
1401 1876 1433 1906 in
1461 1877 1617 1912 macello,

919 1927 1047 1961 praeter
1062 1932 1190 1959 carnes),
1207 1925 1317 1956 omnia
1328 1925 1394 1956 alia
1409 1927 1548 1958 obsonia
1561 1936 1616 1957 ve-

917 1971 1029 2013 niisse,
1047 1975 1235 2013 praesertim
1254 1976 1387 2016 pisces;
1409 1982 1444 2008 et
1458 1977 1504 2008 ibi
1522 1977 1615 2008 illum

918 2021 1046 2054 frustra
1061 2034 1134 2055 esse
1161 2030 1292 2057 certum
1310 2032 1375 2066 est,
1390 2037 1465 2057 nam
1483 2027 1525 2057 de
1544 2037 1615 2057 car-

917 2073 1014 2104 nibus
1031 2075 1133 2106 etiam
1157 2082 1303 2111 constat,
1327 2077 1426 2108 immo
1443 2083 1479 2108 et
1497 2078 1528 2108 in
1546 2087 1616 2108 ma-

918 2123 1003 2154 cello
1022 2124 1128 2156 lanios
1144 2131 1178 2156 et
1201 2125 1346 2158 fartores
1368 2128 1463 2168 ponit
1477 2129 1616 2160 Terent.

921 2174 1073 2205 Eunuch.
1086 2184 1124 2206 ιι.
1135 2179 1166 2207 2.
1184 2177 1193 2193 ‘
1207 2177 1344 2209 Interea
1357 2178 1421 2209 loci
1436 2178 1477 2209 ad
1495 2180 1617 2210 macel—

920 2225 987 2256 lum
1005 2226 1060 2256 nbi
1078 2227 1238 2267 venimus,
1252 2228 1469 2260 Concurrunt
1485 2230 1555 2261 laeti
1572 2230 1618 2260 mi

920 2276 1052 2307 obviam
1078 2278 1288 2318 cupedinarii
1313 2289 1444 2317 omues,
1472 2280 1618 2319 Cetarii,

919 2327 1012 2368 lanii,
1048 2329 1160 2369 coqui,
1203 2328 1364 2369 fartores,
1404 2329 1618 2371 piscatores.’

921 2378 1002 2409 Dae.

963 2426 977 2447 ὓ
1003 2427 1184 2468 Macilenti]
1213 2428 1240 2459 A
1266 2429 1373 2468 macie,
1390 2429 1479 2470 quod
1507 2439 1526 2460 a
1551 2441 1616 2461 mu-

920 2487 982 2517 εεο,
997 2478 1220 2518 Macileutus,
1235 2480 1288 2519 qni
1303 2480 1351 2510 ita
1365 2485 1489 2519 macet,
1512 2486 1550 2512 ut
1566 2486 1616 2512 to-

921 2532 974 2558 tus
991 2537 1066 2558 ossa
1082 2534 1184 2569 atque
1199 2530 1294 2569 pellis
1311 2531 1366 2562 sit.
1391 2531 1489 2562 Idem.

962 2583 975 2598 ⁰
999 2578 1139 2618 Maccus]
1175 2580 1332 2622 Manum,
1353 2585 1485 2622 mactus,
1505 2586 1616 2623 macte,

922 2638 1093 2660 sacrorum
1122 2630 1225 2662 verba
1250 2637 1339 2663 sunt.
1385 2633 1488 2673 Apud
1515 2634 1616 2665 Cato—

922 2688 1016 2710 nem:
1033 2681 1042 2696 ‘
1053 2680 1169 2711 Macte
1182 2681 1286 2713 hocce
1297 2682 1373 2713 vino
1383 2683 1502 2714 inferio
1512 2689 1585 2715 esto
1596 2684 1618 2713 :'

922 2732 930 2746 ‘
942 2730 1060 2762 Macte
1078 2730 1179 2763 hacce
1196 2731 1283 2774 dape
1301 2733 1504 2775 pollueenda
1523 2738 1619 2767 esto:
