1835 2906
207 124 291 166 398

666 136 814 166 SEXTI
851 130 1051 167 'POMPEH
1087 138 1223 168 FEST!

263 235 465 283 matrem3
498 230 614 272 malo
647 244 778 273 cruce
808 232 1052 273 masculino
1081 245 1234 285 genere
1257 246 1355 274 cum
1378 233 1492 274 dixit
1515 233 1653 276 Grac-

264 298 372 340 chus
394 300 440 339 in
462 300 672 349 oratione,
708 314 808 353 quae
843 306 914 341 est
949 301 993 340 in
1022 301 1074 341 P.
1096 301 1323 354 Popilium
1356 302 1654 355 posteriore,¹9

265 370 352 407 tam
375 369 709 420 repraesentavit
729 369 953 421 antiquam
978 370 1358 420 consuetudinem,
1382 383 1513 424 quam
1536 369 1653 410 hunc

262 435 460 484 frontem,
483 441 616 489 atque
637 436 751 477 hunc
773 436 951 490 stirpem
987 437 1122 478 iidem
1150 430 1322 491 antiqui
1352 437 1581 478 dixerunt:
1613 444 1656 477 et

262 516 412 543 rursus
434 504 545 544 hanc
564 505 730 558 lupum,
762 507 803 544 et
834 504 944 545 hanc
974 510 1146 546 metum.
1205 504 1315 547 Item
1345 504 1582 546 cumidem
1608 504 1654 544 in

262 569 490 624 Popilium
512 576 554 614 et
573 577 796 612 matronas
819 572 894 622 ait,
915 585 968 612 eo
991 573 1199 628 exemplo
1220 573 1435 615 instituto.
1482 573 1654 625 Dignus

262 636 348 679 fuit
369 640 445 691 qui
465 639 581 679 malo
603 652 732 679 cruce
753 640 924 693 periret.

207 704 437 755 Matellio,¹
460 706 775 748 deminutivum
796 720 822 747 a
841 708 1019 750 matula.

1472 708 1653 763 [PAUL.

207 773 532 816 Materfamiliae
551 780 575 796 “¹
607 787 696 816 non
728 778 827 816 ante
859 776 1102 827 dicebatur,
1125 790 1257 831 quam
1279 777 1344 818 vir
1373 777 1471 831 ejus
1503 781 1656 830 pater-

807 895 927 907 eeeeee

930 896 1048 908 ιιιιιι

248 975 288 1003 19
312 972 374 1005 Ed.
391 973 479 1005 Scal.
493 973 708 1013 posteriorem.
755 973 842 1005 Vide
862 974 980 1007 Notas.

859 1104 1002 1137 NOTAE

204 1186 271 1221 tre,
291 1183 300 1199 ‘
314 1180 474 1218 crucem,'
499 1180 685 1222 ‘stirpem,'
712 1181 721 1197 ‘
735 1180 879 1212 frontem
896 1181 903 1193 '

203 1232 387 1263 masculino
398 1240 521 1272 genere
532 1231 657 1262 dixisse
669 1232 813 1262 Veteres
823 1242 903 1263 con-

204 1286 285 1322 stat,
301 1287 336 1312 ut
352 1283 361 1299 ‘
379 1281 518 1322 1upum‚’
536 1283 544 1299 ‘
560 1287 686 1313 metum
699 1281 706 1293 '
719 1281 903 1314 foeminino.

204 1332 373 1372 Exempla
402 1338 481 1372 pete
510 1342 528 1362 a
555 1332 678 1363 Nonio.
723 1331 789 1363 Sed
816 1333 901 1363 male

202 1383 256 1414 hic
270 1383 401 1414 duasC.
416 1382 566 1413 Gracchi
581 1383 753 1414 orationes
767 1393 785 1413 a
799 1384 901 1414 Festo

202 1434 333 1465 laudari
362 1439 526 1474 putarunt
551 1434 610 1464 viri
636 1434 739 1470 docti,
756 1443 832 1465 cum
859 1434 901 1465 de

202 1494 268 1515 una
292 1490 421 1515 tantum
449 1484 575 1515 mentio
592 1484 679 1515 facta
702 1485 758 1523 sit,
781 1489 819 1515 ut
843 1494 903 1525 op-

201 1536 282 1567 time
303 1536 433 1566 monuit
456 1535 617 1575 Scaliger.
663 1536 751 1567 Nam
777 1545 851 1576 quae
871 1536 903 1565 in

201 1585 268 1618 sine
300 1587 471 1628 leguntur,
502 1587 591 1623 Item,
621 1588 671 1626 850.
704 1597 769 1618 non
809 1587 901 1617 Festi

201 1637 260 1668 sed
276 1637 424 1669 Gracchi
443 1638 545 1668 verba
570 1643 647 1669 sunt
670 1648 712 1668 ex
730 1638 804 1678 ejus
828 1647 902 1668 ora-

201 1689 308 1728 tione,
338 1690 393 1719 ‘in
427 1691 467 1721 P.
497 1690 667 1730 Popilium
695 1689 908 1730 posteriore.’

202 1739 411 1781 ltem‚inquit
424 1741 611 1780 Gracchum,
622 1751 688 1771 cum
702 1741 781 1771 idem
793 1741 903 1781 (nem-

200 1799 243 1830 pe
270 1790 443 1831 Popilius)
460 1792 491 1821 in
512 1792 668 1831 populum,
692 1795 719 1821 et
744 1795 903 1822 matronas

197 1841 242 1872 ait
258 1841 324 1882 (sic
341 1842 470 1882 optime
487 1843 811 1882 correxitScaliger,
826 1852 900 1872 cum

200 1893 289 1924 male
306 1893 361 1924 alii
383 1894 417 1924 in
433 1894 589 1933 Popilium
603 1897 631 1924 et
651 1892 851 1933 Mathonem)
868 1904 900 1924 eo

199 1947 337 1985 exemplo
352 1946 506 1981 instituto,
523 1946 635 1984 diguus
651 1944 732 1984 suit,
750 1944 803 1984 qui
821 1945 898 1975 malo

197 2006 285 2027 cruce
308 1997 434 2036 periret.
483 1996 687 2027 Adversario
711 2005 770 2026 suo
795 1995 898 2035 Popi-

199 2048 243 2078 lio
257 2048 431 2079 Gracchus
450 2047 515 2079 duo
529 2046 727 2087 exprobrat.
753 2047 795 2077 Et
808 2046 897 2087 quod

200 2099 233 2129 in
265 2099 427 2139 populum
456 2097 686 2129 debacchatus
718 2097 772 2133 sit,
800 2106 897 2138 quem

201 2149 257 2189 qui
274 2147 449 2179 offendunt
468 2149 654 2189 majestatis
671 2148 898 2188 postulantur,

200 2204 233 2229 et
260 2199 293 2230 in
320 2204 505 2234 matronas,
534 2199 589 2239 qui
618 2208 727 2235 sexus,
750 2198 897 2228 omnium

201 2259 379 2286 consensu,
405 2250 519 2280 multis
544 2248 711 2289 praesidiis
738 2248 898 2286 munitur,

201 2305 302 2341 atque
318 2300 403 2331 adeo
427 2300 513 2341 quod
532 2300 599 2330 tale
623 2300 814 2339 exemplum
840 2298 897 2329 de-

201 2350 301 2390 derit,
315 2351 384 2390 (est
407 2351 495 2382 enim
513 2355 632 2381 contra
650 2350 742 2390 leges
765 2354 800 2380 et
819 2359 897 2380 con-

201 2405 254 2431 tra
271 2401 375 2432 bonos
392 2400 534 2442 mores‚)
549 2402 684 2441 dignum
703 2400 803 2431 fnisse
821 2410 895 2431 eum

201 2451 210 2466 ‘
228 2450 282 2491 qui
299 2451 384 2481 malo
396 2462 496 2483 cruce
509 2451 661 2493 periret.’
697 2451 808 2492 Hujus
822 2461 895 2481 ora-

202 2501 303 2532 tionis
331 2502 480 2533 Gracchi
512 2504 545 2534 in
574 2503 743 2543 Popilium
770 2502 896 2533 mentio

201 2556 296 2582 extat
312 2551 412 2582 etiam
430 2553 517 2593 apud
536 2554 696 2584 Gellium.
715 2554 793 2584 Duc.

245 2601 251 2621 ¹
275 2602 432 2641 Matellz'o]
456 2605 465 2619 ⁴
482 2603 634 2634 Matellio
652 2614 670 2634 a
687 2603 813 2633 matula
826 2601 894 2633 dic-

202 2659 269 2692 tus,
286 2659 322 2684 et
345 2652 454 2683 dictus
481 2659 697 2694 posteaquam
723 2654 852 2693 longius
879 2664 896 2683 a

202 2703 309 2744 figura
324 2703 459 2735 matnlae
477 2702 652 2734 discessit?
676 2705 795 2735 Varro.
823 2705 895 2735 Ma-

957 1181 1041 1221 tula‚
1055 1181 1205 1222 matella,
1216 1180 1379 1219 matellio,
1393 1189 1450 1210 vas
1467 1178 1654 1220 aquarium,

956 1232 1114 1273 ἆρυταίιά,
1131 1233 1212 1263 item
1232 1242 1287 1263 vas
1311 1231 1352 1262 ad
1378 1231 1506 1261 urinam
1531 1230 1654 1270 recipi-

955 1284 1090 1314 endam.
1130 1283 1242 1314 Gloss.
1276 1287 1284 1299 ‘
1312 1281 1467 1322 Matella,
1502 1280 1654 1321 οὐρητρὶς,

955 1333 1047 1372 ἆμίς.’
1070 1335 1168 1365 Idem.

997 1392 1018 1406 ¹¹¹
1042 1384 1292 1425 Blaterfamiliae]
1332 1385 1418 1417 Quae
1455 1384 1510 1415 hic
1549 1383 1654 1414 habet

956 1437 1092 1475 Festus,
1108 1446 1158 1476 ea,
1175 1437 1296 1477 partim
1314 1445 1407 1473 vera,
1424 1434 1547 1474 partim
1568 1433 1655 1464 falsa

953 1493 1043 1518 sunt.
1072 1487 1200 1518 Verum
1218 1491 1267 1517 est
1283 1484 1571 1516 matremfamilias
1587 1493 1653 1514 non

955 1541 1056 1568 antea
1072 1537 1210 1576 dictam,
1226 1545 1323 1577 quam
1342 1535 1391 1566 vir
1407 1536 1480 1576 ejus
1504 1534 1654 1575 paterfa-

955 1588 1075 1618 milias.
1123 1587 1212 1618 Nam
1227 1584 1477 1617 materfamilias
1501 1585 1654 1625 proprie,

956 1643 994 1670 ut
1009 1639 1056 1669 ait
1071 1639 1208 1669 Servius
1225 1646 1275 1668 ix.
1291 1636 1423 1667 AEneid.
1443 1636 1500 1666 illa
1515 1635 1652 1673 dicitur,

957 1700 1030 1731 quae
1061 1691 1093 1720 in
1125 1688 1373 1720 matrimonium
1404 1685 1562 1718 convenit
1592 1694 1654 1725 per

956 1741 1225 1771 conventionem.
1272 1738 1360 1769 Nam
1393 1747 1452 1777 per
1484 1735 1653 1778 quandam

950 1791 1038 1831 juris
1053 1790 1291 1824 solennitatem
1310 1789 1342 1819 in
1354 1787 1514 1819 familiam
1529 1786 1655 1827 migrat

955 1842 1078 1873 mariti.
1122 1841 1246 1870 Verum
1264 1844 1316 1870 est
1331 1839 1434 1870 etiam
1458 1847 1522 1869 non
1540 1838 1653 1878 plures

956 1902 1033 1932 una,
1047 1893 1109 1923 hoc
1125 1891 1270 1927 nomine,
1286 1891 1320 1921 in
1334 1899 1399 1920 una
1412 1888 1549 1920 familia.
1584 1888 1653 1918 Ne-

953 1953 1018 1984 que
1042 1944 1130 1974 enim
1149 1943 1180 1973 iu
1207 1952 1273 1973 una
1294 1941 1419 1972 familia
1436 1941 1549 1981 plures
1573 1948 1656 1970 uxo-

955 2004 1017 2025 res-
1060 1994 1161 2025 Hunc
1199 1994 1309 2024 locum
1342 1992 1488 2033 pessime
1518 1989 1654 2029 accepit

953 2045 1167 2077 doctissimus
1192 2045 1415 2078 Hotomanus,
1432 2042 1488 2083 qui
1512 2041 1571 2081 ait,
1587 2049 1652 2071 non

954 2102 1215 2127 consentaneum
1244 2104 1332 2133 esse,
1354 2098 1391 2124 ut
1415 2093 1442 2123 si
1466 2100 1580 2122 socrus
1605 2090 1652 2120 vi-

954 2153 1023 2187 vat,
1055 2156 1129 2188 quae
1158 2143 1412 2176 materfamilias
1446 2141 1651 2183 appelletur,

953 2207 1054 2228 nurus
1082 2196 1223 2227 eandem
1252 2195 1454 2235 dignitatem
1481 2192 1650 2224 obtineat.

952 2248 1060 2278 Immo
1085 2246 1230 2277 maxime
1257 2249 1521 2276 consentaneum
1543 2248 1578 2274 et
1595 2252 1650 2273 ve·

953 2308 1024 2328 rum
1053 2303 1115 2336 est,
1143 2302 1212 2328 tam
1239 2306 1370 2332 nurum,
1395 2305 1493 2337 quam
1517 2303 1650 2326 socrum

951 2347 1236 2379 matremfamilias
1277 2347 1415 2378 dictam.
1461 2345 1561 2379 Quod
1592 2346 1649 2376 ad-

951 2400 1000 2431 dit
1027 2400 1158 2439 Festus,
1179 2399 1188 2415 ‘
1208 2398 1266 2429 sed
1293 2407 1356 2428 nec
1383 2397 1486 2428 vidua
1508 2397 1570 2428 hoc
1592 2406 1649 2427 no-

950 2450 1062 2490 mine,’
1079 2459 1192 2480 verum
1213 2453 1278 2488 est,
1300 2448 1446 2489 antiquae
1468 2447 1555 2478 illius
1570 2455 1649 2477 con-

951 2501 1137 2532 suetudinis
1149 2500 1265 2531 habita
1277 2500 1426 2537 ratione;
1441 2506 1548 2538 neque
1559 2497 1648 2527 enim

951 2551 1206 2583 materfamilias
1233 2550 1296 2581 dici
1321 2553 1466 2590 poterat,
1494 2557 1567 2588 quae
1592 2546 1649 2577 de-

951 2604 1054 2634 sierat
1084 2612 1158 2633 esse
1186 2602 1219 2633 in
1249 2601 1309 2632 viri
1338 2599 1473 2630 familia.
1519 2598 1647 2629 Postea

952 2659 1074 2691 tamen,
1101 2658 1168 2683 tam
1197 2651 1305 2684 vidua,
1336 2659 1432 2690 quam
1466 2653 1583 2688 nupta,
1612 2653 1647 2678 ut

952 2708 1103 2741 matrona,
1122 2703 1168 2733 sic
1195 2707 1228 2733 ct
1252 2699 1484 2736 materfamilias
1510 2698 1644 2729 ‹liceba-
