1835 2906
405 137 466 167 DE
497 134 769 166 VERBORUM
801 132 1205 163 SIGNlFch'rwNE
1241 133 1334 164 LlB,
1369 133 1472 162 XlV.

1571 122 1654 163 (301

264 251 407 291 onusta
436 243 622 297 plaustra
648 241 839 296 perculit,
862 241 906 281 id
925 247 993 290 est,
1016 241 1170 286 evertit,
1192 240 1298 295 qaod
1324 247 1459 294 postea
1483 240 1586 281 abiit
1609 241 1651 281 in

253 310 538 366 proverbium,
559 310 603 350 id
623 309 731 364 quod
759 323 782 348 α
809 308 964 349 Plauto
987 308 1027 348 in
1051 305 1223 361 Epidico
1254 307 1450 348 cornmode
1482 307 1652 348 relatum

260 386 337 423 esc;
370 377 586 432 Epidicus
609 376 707 418 ΥηιῑἸῑί
725 377 917 432 magister
932 375 1028 432 fait
1044 376 1154 430 perii
1170 390 1282 430 paene
1299 376 1532 430 plaustrum
1559 390 1651 429 per-

261 448 361 488 culi.

204 514 367 555 Planta
387 514 614 567 oleaginea
633 516 701 553 est
722 512 843 565 virga
864 511 1017 553 foliata
1038 526 1093 553 ex
1115 512 1212 553 olea
1232 511 1499 565 deplantata.

203 582 373 624 Plantae
391 582 406 605 ‘¹
429 583 600 622 semina
620 581 840 630 olerum,¹0
860 580 979 633 quod
1003 581 1135 634 plana
1157 584 1281 621 sunt:
1303 584 1346 620 et
1367 592 1443 632 ap·
1474 579 1596 630 [PAU
1611 591 1650 619 n.

258 650 476 704 pellantur
492 650 625 690 etiam
646 661 703 688 ex
725 648 856 688 simili
879 648 1040 702 plantae
1063 653 1304 689 nostrorum
1327 647 1503 701 pedum.

204 716 368 758 Plantce
399 716 660 772 appellantur
683 716 833 756 semina
856 715 1005 756 olerum
1027 715 1134 771 quod
1155 715 1292 770 planae
1325 722 1430 763 suut,
1482 715 1648 769 [FEST.

258 793 302 826 ut
323 784 584 840 appellantur
601 784 753 839 plantae
775 784 1161 839 uost1=m·umpedzmz
1183 799 1229 825 esc
1249 798 1367 825 causa
1390 783 1526 825 simili.

200 854 348 895 Plauti
367 859 395 878 ¹¹
412 860 425 876 ε
457 854 735 908 appellantur
771 865 919 902 caneS,
955 865 1141 905 quorum
1171 865 1298 893 aures
1334 853 1427 893 lan·
1470 851 1646 903 [Pium

257 921 402 975 guidae
425 927 528 963 sunt
548 935 599 962 ac
621 920 836 971 flaccidae,
857 927 900 961 et
920 921 1054 962 latius
1075 921 1272 962 videntur
1289 926 1450 974 patere.

200 987 351 1030 Plauti
376 989 644 1044 appellantur
666 1004 779 1029 canes
801 1003 968 1044 quorum
992 1003 1107 1029 aures
1129 988 1331 1044 languida:
1350 995 1442 1028 sunt
1482 988 1648 1041 [FEsT.

255 1057 511 1111 acflaccidae,
534 1065 579 1098 ut
602 1057 724 1098 latius
746 1057 966 1099 videantur
981 1065 1124 1112 patere
1142 1071 1251 1112 qufe.
1328 1088 1336 1095 .
1397 1086 1409 1095 .
1467 1069 1505 1096 e.
1567 1086 1575 1095 .

255 1127 340 1166 uni.

979 1125 1048 1167 cis.

198 1193 392 1234 Plebeiae
408 1191 421 1215 f
442 1193 674 1235 Pudicitiae
697 1193 909 1235 sacellum
937 1193 981 1233 in
1002 1193 1101 1234 vico
1127 1192 1278 1246 Longo
1299 1196 1383 1241 est,
1409 1191 1528 1245 quod
1549 1203 1647 1232 curn

804 1303 924 1315 cccccc

928 1300 1045 1315 cccccc

240 1383 280 1411 10
303 1379 380 1411 Vet.
397 1379 455 1412 lib.
473 1380 704 1411 olearum—11
730 1381 794 1414 Ed.
810 1381 898 1412 Scal.
911 1381 1040 1413 Pluutli.

855 1522 1000 1555 NOTAE

195 1618 260 1639 non
292 1612 388 1648 potes
414 1608 461 1639 ita
486 1608 655 1649 accipere.
700 1607 893 1640 Ridiculum

193 1659 282 1690 euim
297 1659 324 1689 si
349 1658 462 1690 dicas:
490 1659 603 1690 Perii.-
626 1658 699 1690 bene
720 1660 894 1698 plaustrum

187 1709 317 1750 perculi.
364 1710 485 1750 Neque
504 1719 584 1740 sane
599 1710 766 1750 quomodo
779 1720 895 1740 servus

193 1761 283 1801 apud
306 1760 503 1790 Terentium
532 1760 698 1801 loquitur:
725 1761 895 1801 accipien-

193 1812 270 1843 dum
288 1811 376 1842 enim
394 1820 530 1851 semper
546 1811 588 1842 de
605 1821 656 1851 eo,
673 1811 729 1853 qui
756 1812 896 1852 evertit,

193 1868 228 1894 et
253 1861 432 1902 perturbat
456 1871 538 1893 rein.
585 1862 699 1894 Quare
724 1871 789 1893 non
807 1863 895 1894 Bene

187 1913 318 1954 perculi,
345 1912 416 1950 sed,
441 1912 527 1943 Pene
549 1913 666 1952 perculi
693 1913 892 1953 legendum:

190 1963 279 2005 quod
310 1962 480 1993 indicatur
511 1963 612 1993 verbo
647 1963 891 2003 ‘perculerisz'

190 2018 243 2045 est
259 2013 360 2052 enim,
384 2017 421 2043 ut
445 2012 669 2044 Grammatici
697 2013 890 2054 loquuntur,

190 2064 400 2104 potentiale:
424 2063 488 2094 hoc
513 2068 579 2103 est,
607 2064 694 2095 Pene
718 2064 889 2104 perculisti.

188 2116 247 2152 ἤδη
262 2113 495 2155 τραχηλίσειας,
519 2114 577 2151 ἤδη
601 2114 770 2155 πρηνίξειας
790 2115 828 2147 ἄν
839 2128 889 2155 με.

188 2166 277 2196 Vide
294 2166 392 2197 unius
412 2166 538 2195 vocnlae
566 2166 746 2206 ignoratio,
763 2168 816 2198 vel
833 2178 890 2208 po·

190 2218 258 2247 tius
282 2216 379 2246 unius
409 2215 552 2246 literulae
574 2215 709 2256 menda,
733 2227 888 2257 magnum

189 2267 307 2297 Virum
317 2275 416 2306 quam
430 2265 574 2296 absurde
585 2267 803 2306 pronuntiare
815 2268 889 2299 coe·

188 2316 253 2356 git!
280 2315 367 2346 Nam
385 2316 459 2355 quis
476 2321 611 2354 putaret
628 2317 780 2355 plaustra
795 2319 888 2358 prius

189 2366 310 2403 everti,
327 2370 364 2396 ut
380 2364 514 2396 facilius
531 2369 785 2399 exonerentur?
818 2369 887 2400 Sed

187 2418 339 2449 homines
372 2426 510 2447 sumus:
556 2426 664 2458 neque
703 2423 888 2459 propterea

188 2468 302 2508 magni
317 2467 391 2498 Viri
410 2467 770 2508 manibusjuveniliter
782 2470 887 2502 insul-

188 2519 339 2551 tandum.
363 2519 430 2549 Jos.
447 2518 529 2550 Scal.

230 2571 409 2601 Plaustrum
417 2569 549 2609 perculi]
561 2569 674 2601 Hodie
686 2571 774 2612 apud
786 2572 887 2604 Plau·

188 2626 259 2652 tuin
278 2630 342 2651 vox
365 2629 453 2660 pceue
477 2629 543 2650 non
564 2627 721 2661 apparet,
738 2633 812 2664 quae
834 2628 884 2654 ta-

188 2680 264 2702 men
281 2670 356 2701 hinc
371 2670 571 2710 supplenda.
594 2671 677 2702 Duc.

230 2723 243 2743 ¹1
270 2720 409 2761 Plantae]
438 2720 558 2752 Planta
593 2721 690 2762 pedis
728 2731 747 2753 a
777 2724 882 2764 plano,

947 1617 1069 1649 nempe
1083 1618 1103 1639 a
1116 1608 1241 1641 Dorico
1253 1607 1372 1647 πλάτα,
1388 1617 1449 1649 pro
1465 1607 1584 1648 πλάτη,
1598 1608 1648 1640 ine

945 1665 1038 1691 serto
1055 1671 1086 1701 n,
1100 1662 1220 1700 planta.
1252 1661 1299 1692 At
1319 1662 1426 1701 planta
1448 1670 1507 1701 pro
1523 1661 1645 1700 stirpe,

947 1720 966 1740 a
980 1711 1121 1750 ραΙαηΐα,
1138 1710 1226 1752 quod
1245 1721 1262 1741 a
1275 1712 1377 1752 palus,
1393 1716 1429 1741 ut
1447 1711 1524 1741 olim
1539 1710 1648 1750 planta

947 1759 1050 1792 fuerit
1066 1761 1181 1801 stirps,
1194 1772 1269 1802 quae
1285 1766 1504 1802 panget-etur,
1519 1762 1572 1792 vel
1587 1771 1647 1802 po-

947 1812 1013 1841 tius
1027 1811 1136 1851 planta
1159 1811 1200 1842 ab
1218 1812 1345 1842 AEolico
1360 1810 1500 1850 βλάττη,
1517 1811 1647 1842 inserto

946 1872 978 1892 iz.
995 1862 1094 1894 Voss.
1125 1862 1192 1893 Sed
1208 1872 1323 1894 verum
1337 1872 1411 1893 esse
1424 1863 1541 1903 possit,
1556 1863 1645 1904 quod

947 1913 996 1944 ait
1012 1914 1147 1952 Festus,
1168 1914 1291 1954 stirpes
1319 1914 1450 1954 plantas
1471 1919 1610 1944 vocatas
1628 1925 1647 1944 a

945 1964 1167 1996 similitudine
1208 1965 1398 2005 plantarum
1442 1968 1646 2004 nostrarum,

945 2025 1021 2046 cum
1051 2020 1087 2046 et
1117 2015 1198 2056 ipsae
1226 2016 1318 2055 pedes
1345 2014 1446 2045 etiam
1475 2014 1648 2046 dicantur.

945 2067 1033 2098 Nam
1058 2066 1167 2097 ‘betae
1183 2065 1286 2107 pedes
1299 2065 1308 2078 ’
1333 2065 1414 2096 dicit
1427 2065 1535 2095 Varro
1549 2064 1590 2095 de
1601 2064 1644 2095 R.

944 2117 986 2148 R.
1011 2117 1167 2148 ‘betacei
1195 2115 1317 2156 pedes’
1342 2115 1498 2155 Apicius.
1542 2115 1585 2145 Et
1611 2115 1645 2145 in

946 2168 1076 2199 Glossis
1107 2168 1234 2208 legitur
1273 2172 1281 2185 ‘
1300 2167 1524 2206 pastinaceus,
1550 2166 1644 2197 beta-

944 2217 1051 2258 ceus‚'
1089 2226 1212 2258 nempe
1259 2216 1523 2257 subintelligitur
1569 2225 1642 2256 pes.

945 2269 1046 2300 Idem.

984 2324 998 2339 c
1022 2320 1149 2360 Plauti]
1168 2318 1197 2350 A
1210 2319 1334 2350 Graeco
1349 2317 1481 2357 πλατὺς,
1498 2322 1533 2349 et
1548 2317 1643 2358 prius

942 2369 1071 2400 dictum
1101 2370 1165 2401 fuit
1198 2371 1314 2410 plotus,
1353 2374 1472 2409 postea
1506 2370 1641 2408 plautus,

942 2420 1056 2451 Plauti
1073 2425 1185 2451 autem
1202 2420 1404 2451 dicebantur
1421 2419 1570 2450 homines
1586 2429 1644 2460 pe·

941 2471 1037 2502 dibus
1055 2472 1173 2511 planis.
1223 2471 1308 2501 Vide
1331 2472 1340 2487 ⁴
1355 2469 1470 2502 Ploti?
1494 2471 1591 2501 Idem.

984 2520 997 2540 f
1015 2522 1165 2562 Plebeiae]
1196 2521 1346 2562 Pompeii
1359 2522 1467 2552 verbis
1484 2521 1564 2552 addi
1582 2530 1641 2561 po-

942 2577 1022 2613 test,
1039 2573 1128 2613 quod
1154 2572 1267 2603 Livius
1285 2571 1403 2603 scribit
1426 2571 1483 2603 lib.
1499 2580 1533 2603 x.
1555 2571 1565 2588 ‘
1582 2571 1639 2601 In=

939 2623 1067 2664 signem
1099 2623 1382 2663 supplicationem
1414 2621 1498 2653 fecit
1528 2626 1638 2653 certa-

939 2683 1014 2704 men
1045 2674 1078 2704 in
1110 2674 1234 2705 sacello
1266 2672 1437 2712 pudicitiae
1469 2673 1639 2713 patriciae³

938 2733 1014 2766 quae
1039 2724 1073 2756 in
1089 2722 1161 2756 foro
1178 2723 1303 2755 Boario
1328 2728 1380 2755 est
1396 2723 1437 2755 ad
1459 2723 1566 2755 aedem
1583 2732 1636 2754 ro-
