1835 2906
190 65 276 106 570

628 72 774 104 SEXTI
810 72 1013 103 POMPEII
1050 71 1186 101 FESTl

249 169 447 224 appellat
476 169 560 209 hoc
592 168 752 209 modo:
786 168 882 209 Rus
917 166 1164 208 detrudetur
1197 165 1451 220 pedicosus,
1474 168 1641 221 squali-

248 237 344 278 dus.

404 236 552 277 Pedes
572 241 722 276 autem
744 248 824 289 pro
842 233 1062 288 pediculis
1082 246 1092 272 ε
1116 233 1181 274 sic
1202 233 1394 274 Plautus
1415 233 1461 273 in
1481 232 1642 276 Curcu-

247 304 393 345 lione:
423 303 537 345 Item
558 315 694 356 genus
714 303 824 344 inter
844 300 1043 341 homines
1076 314 1175 342 meo
1207 301 1385 354 quidem
1417 301 1576 351 animo,
1596 306 1644 343 ut

244 384 427 421 muscae,
460 370 645 420 culices,
683 370 876 418 cimices,
909 368 1153 423 pedesque,
1186 369 1464 423 pulicesque:
1498 372 1541 410 et
1571 368 1646 409 Li-

246 439 373 480 vius³
413 439 462 479 in
492 438 715 492 gladiolo:
750 437 998 485 Pulicesne,
1033 441 1113 478 ac4
1150 437 1350 486 cimices,
1381 435 1455 477 An
1486 436 1642 490 pedes,

247 506 461 560 responde
480 505 612 547 mihi:
643 509 686 547 et
706 504 904 545 Lucilius
923 517 932 542 ε
966 503 1058 545 Ubi
1087 517 1154 546 me
1175 504 1310 550 videt,
1332 508 1467 558 caput
1487 505 1641 553 scabit,

187 594 189 596 ·
247 574 382 627 pedes
403 574 521 628 legit.

191 641 335 684 Pedes
348 642 565 692 dicuntur,
579 653 692 695 quos
708 640 965 682 diminutive
983 640 1172 682 dicimus
1185 639 1441 695 pediculos:
1463 638 1593 693 [PAU
1602 648 1644 679 1..

247 711 303 751 ab
341 710 410 751 his
447 710 646 764 pedicosi
683 709 984 763 appellantur,
1023 714 1075 750 ut
1112 713 1178 750 est
1209 707 1344 750 illud:
1385 707 1644 765 pedicosus,

248 778 497 831 squalidus,
519 778 594 818 ubi
614 790 683 818 me
704 777 841 826 videt,
864 782 999 830 caput
1021 777 1178 826 scabit,
1200 775 1335 830 pedes
1354 774 1473 828 legit.

191 844 411 896 Pedulla,g
437 859 538 900 quae
560 846 763 896 dicimus,
796 849 943 886 HEA.⁵

1479 843 1644 897 [FEsT.

246 911 432 955 Graecos
452 914 679 968 appellare
701 913 981 955 manifestum
1002 918 1083 954 est.

190 980 359 1022 Pedum
373 979 388 1002 ¹¹
410 987 478 1023 est
498 982 675 1035 quidem
692 982 894 1024 baculum
917 982 1164 1031 incurvum,
1185 992 1275 1034 quo
1288 982 1494 1034 pastores
1516 985 1644 1020 utun-

800 1123 919 1135 eeeeee

924 1124 1044 1136 ‘‘‘‘‘

232 1213 250 1241 3
275 1211 355 1242 Vct.
374 1210 431 1242 lib.
457 1212 599 1242 Navius.
644 1211 707 1242 Vir
738 1212 830 1244 doct.
859 1212 893 1242 in
922 1221 1029 1254 marg.
1057 1211 1111 1243 ed.
1136 1211 1224 1243 Scal.
1247 1210 1336 1251 conj.
1360 1208 1556 1240 Novius—4
1582 1208 1646 1239 Ed.

188 1254 278 1285 Scal.
295 1258 410 1287 ανι.--5
436 1255 517 1286 Vet.
537 1255 593 1286 lib.
614 1254 734 1286 πεδίλα.
783 1255 871 1287 vide
892 1255 971 1287 Not.

845 1399 985 1431 NOTAE

188 1484 374 1526 pedesque,
391 1485 601 1528 pulicesque,
627 1485 788 1517 cimices.'
810 1486 891 1516 Ant.

189 1537 273 1574 Aug.

234 1586 382 1627 Pedibus]
406 1586 500 1618 Alibi
525 1587 670 1618 ostendo
695 1587 833 1618 Festum
859 1586 891 1617 in

188 1637 322 1669 vitiatos
349 1637 485 1669 codices
510 1639 629 1669 Titinii
661 1638 830 1678 incidisse,
856 1643 893 1669 ut

186 1688 309 1727 legerit
327 1688 486 1728 pedicosus
514 1699 576 1729 pro
599 1688 777 1729 pedidosuS.
825 1689 890 1720 Cu-

181 1738 239 1778 jus
256 1740 435 1770 sententiae
451 1738 559 1770 adhuc
577 1749 630 1770 me
647 1749 712 1769 non
735 1739 890 1780 poenitet.

190 1789 290 1824 Nam,
311 1789 338 1819 si
364 1790 445 1821 nihil
469 1789 571 1827 aliud,
589 1795 684 1820 certe
702 1791 756 1820 lex
774 1799 890 1822 versus

186 1844 307 1878 aperte
336 1839 450 1871 docet.
498 1841 598 1870 Pedes
629 1839 802 1871 foeminino
834 1851 890 1881 ge·

185 1899 266 1920 nere
285 1891 410 1922 extulit
427 1891 570 1921 Plautus
584 1890 781 1922 Vidularia:
800 1892 808 1908 ‘
822 1891 891 1922 Ubi

186 1950 351 1983 quamque
374 1941 497 1982 pedem
526 1941 677 1981 videbat,
704 1940 890 1973 suffuraba-

186 1996 242 2022 tur
255 1991 384 2023 omnis!
408 1993 585 2024 Pedidosus
600 1998 713 2024 autem
725 2002 744 2023 a
758 1993 890 2024 Pedido.

185 2042 355 2074 Lucilius:
372 2044 381 2061 ‘
395 2043 496 2076 Quod
509 2042 656 2075 deformi
669 2052 785 2082 senex,
800 2043 890 2085 quod

186 2093 331 2133 pedibus
348 2103 386 2125 ac
404 2094 614 2135 podagrosus
629 2094 648 2124 ε’
673 2095 720 2126 ita
738 2095 826 2126 enim
844 2096 890 2127 le—

185 2144 345 2182 gendum.
367 2145 439 2178 Jos.
455 2145 540 2176 scat.

229 2196 369 2227 Pedibus
384 2195 533 2236 obsitum]
558 2196 658 2229 Quod
681 2196 743 2237 ait,
764 2197 890 2228 Titini-

190 2255 242 2276 um
257 2247 431 2286 pedicosum
445 2247 590 2288 pedibus
615 2247 761 2279 obsitum
787 2249 890 2280 dixis-

185 2307 232 2331 se,
260 2297 292 2328 id
319 2303 437 2339 aperte
460 2297 582 2330 falsum
606 2298 709 2331 docet
723 2300 888 2340 Scaliger.

186 2347 274 2378 Nam
287 2348 448 2387 Titinius,
466 2358 526 2389 pro
540 2349 714 2390 pedicosus,
732 2350 821 2391 quod
835 2351 888 2381 lex

186 2407 299 2430 versus
316 2409 382 2431 non
398 2400 535 2441 recipit,
557 2402 741 2442 scripserat
764 2402 890 2442 pedido-

184 2457 246 2487 sus,
261 2458 278 2479 a
295 2450 432 2491 pedido,
449 2452 618 2493 squalido.
668 2453 708 2483 In
726 2453 800 2484 aliis
814 2454 888 2494 qui-

186 2497 261 2528 dem
277 2500 503 2539 scriptoribus
521 2501 593 2532 fieri
614 2503 737 2543 potuit,
757 2507 793 2534 ut
811 2503 889 2534 Fes-

185 2549 212 2578 ti
229 2552 385 2588 tempore
400 2551 572 2589 pedicosus,
589 2561 649 2592 pro
667 2552 812 2592 pedibus
830 2553 889 2584 ob-

185 2597 251 2628 sito
267 2599 448 2639 legeretur,
465 2607 560 2632 recte
578 2602 665 2633 enim
690 2613 708 2633 a
724 2604 814 2643 pede,
836 2613 889 2643 pe-

186 2648 321 2685 dicosus,
346 2654 383 2681 ut
408 2660 427 2681 a
454 2652 462 2667 ‘
479 2652 657 2692 tenebrae,’
682 2654 888 2686 ‘tenebrico-

944 1485 1027 1517 sus!
1074 1487 1128 1517 De
1147 1487 1222 1518 loco
1250 1485 1370 1517 Lucilii
1391 1484 1468 1516 vide
1496 1484 1529 1515 in
1553 1482 1645 1524 ‘pal-

945 1536 1067 1576 patur!
1085 1536 1167 1567 Duc.

986 1591 1001 1613 g
1024 1587 1172 1627 Pedana]
1192 1587 1314 1628 Neque
1328 1587 1486 1618 Graecum
1506 1584 1644 1616 verbum

943 1641 1053 1673 extat,
1075 1646 1184 1677 neque
1202 1637 1360 1668 Latinum
1377 1635 1457 1677 quid
1475 1634 1645 1676 significet

943 1693 1089 1719 constat.
1113 1688 1191 1719 Ant.
1209 1689 1292 1728 Aug.

988 1739 1135 1780 Pedana]
1152 1739 1278 1770 Eadem
1296 1743 1331 1770 et
1348 1738 1357 1754 ‘
1370 1736 1532 1769 Pedaliass
1548 1736 1645 1767 Glos-

943 1790 1068 1820 sarium
1084 1801 1091 1821 :
1116 1791 1124 1807 ‘
1141 1790 1283 1831 Pedale,
1299 1788 1444 1820 ποδεὼν.γ
1457 1789 1526 1819 Jos.
1539 1787 1624 1818 Scnl.

988 1840 1134 1880 Pedulla]
1151 1840 1294 1879 Optime
1311 1840 1409 1870 Voss.
1435 1837 1569 1869 Pedulia
1579 1847 1646 1877 quoe

942 1891 1084 1927 dicimus,
1101 1890 1213 1922 πεδίλα
1229 1892 1370 1929 Groecos,
1385 1892 1439 1930 ⁸l'0·
1465 1890 1542 1921 Non
1557 1889 1645 1920 enirn

939 1944 1107 1983 pedullum,
1131 1942 1192 1974 sed
1216 1943 1323 1982 pedale
1343 1941 1483 1973 dicitur.
1530 1939 1648 1971 Pedule

943 1993 1098 2025 socculus
1115 1992 1252 2033 pedum.
1276 1993 1357 2023 Dae.

985 2043 999 2063 ¹¹
1025 2042 1158 2083 Pedum]
1187 2042 1274 2073 Vide
1303 2042 1545 2083 Conjectanea.
1577 2041 1646 2071 Jos.

942 2095 1025 2126 scal·

986 2144 1119 2185 Pedum]
1131 2143 1226 2176 Idem
1238 2142 1396 2175 Servius:
1411 2142 1420 2159 ‘
1434 2141 1566 2174 Pedum
1581 2141 1646 2171 vir-

942 2206 983 2238 ga
1000 2197 1151 2232 incurva,
1163 2195 1253 2227 unde
1269 2194 1461 2226 retinentur
1478 2192 1645 2234 pecudum

941 2246 1072 2288 pedes!
1115 2247 1182 2279 Sed
1202 2247 1316 2287 potius
1331 2245 1453 2285 pedum,
1466 2253 1485 2274 a
1502 2241 1649 2274 fulcien-

940 2298 992 2329 dis
1009 2298 1166 2339 pedibus.
1212 2297 1253 2328 1n
1270 2296 1382 2328 verbis
1399 2295 1500 2327 Ennii
1516 2294 1646 2335 optime

940 2349 1099 2380 Verrium
1113 2349 1227 2390 arguit
1237 2348 1361 2379 Festus
1374 2359 1383 2386 ς
1400 2355 1476 2377 nam
1490 2345 1564 2387 quis
1578 2354 1644 2376 non

939 2401 1036 2432 videt
1055 2402 1168 2441 pedum
1191 2399 1245 2431 hic
1263 2408 1338 2430 esse
1355 2397 1497 2430 secundi
1513 2406 1610 2429 casus
1626 2406 1645 2427 a

936 2461 1003 2492 pes,
1026 2452 1140 2492 pedis?
1172 2451 1295 2491 Neque
1323 2453 1435 2480 tamen
1459 2448 1532 2488 ipse
1550 2452 1644 2477 recte

941 2503 1121 2534 verborum
1135 2501 1287 2533 ordinem
1301 2499 1419 2539 tradit,
1433 2507 1540 2539 neque
1554 2498 1644 2527 enim

939 2552 977 2584 τὸ
992 2563 1094 2584 cessas
1109 2562 1184 2584 cum
1196 2551 1340 2593 proferre
1351 2551 1485 2589 gradum
1501 2548 1643 2587 conjun-

940 2603 1086 2645 gendum
1117 2607 1195 2634 est:
1232 2602 1280 2633 sic
1309 2601 1413 2640 igitur
1443 2598 1615 2638 distingue
1635 2608 1643 2629 :

941 2656 1103 2687 Procede:
1125 2655 1259 2693 gradum
1286 2650 1428 2692 proferre
1450 2649 1563 2689 pedum
1594 2647 1641 2678 ui-
