1835 2906
187 64 274 106 568

633 72 782 105 SEX'I'I
815 71 1015 103 POMPEI!
1051 71 1189 102 FEST!

191 170 390 212 Pecunia
431 167 699 210 sacrificium
714 168 745 192 ¹8
776 166 880 222 fieri
915 165 1101 206 dicebant
1139 180 1226 206 eum
1247 164 1429 222 frugum
1470 168 1637 221 [FEST.

231 236 551 293 fructuumque
587 248 724 278 causa
764 236 881 277 mola
919 248 1032 288 pura
1070 233 1315 289 offerebatur
1348 235 1392 275 in
1427 234 1639 286 sacrificio,

248 305 353 359 quia
373 305 513 346 omnis
533 317 601 345 res
618 304 858 354 familiaris,
871 317 991 358 quam
1011 316 1117 343 nnnc
1128 302 1344 356 pecuniam
1362 303 1566 354 dicimus,
1583 316 1642 344 ex

246 373 314 413 his
332 373 464 414 rebus
485 377 719 414 constaret.

191 440 387 482 Pecunia
416 454 515 494 quae
546 445 772 494 erogatury
802 440 845 481 in
866 439 1011 490 ludos,
1032 443 1075 481 et
1097 439 1374 493 spectacula,
1397 438 1643 492 appellatur

247 508 427 559 lucarie,
449 509 568 550 dicta
582 508 699 562 quod
717 521 741 548 e
759 507 893 549 Lucis
910 511 1124 561 captetur.

817 574 864 615 in
903 575 1057 616 eodem
1094 575 1222 616 libro.

690 641 785 683 dixi
824 643 1066 693 existimat,
1095 642 1223 695 cujus
1257 641 1476 696 opinionis
1507 644 1576 681 est
1605 644 1646 681 et

247 710 456 752 Valerius
480 710 679 751 Messala
699 710 742 751 in
761 710 1078 765 explanatione
1101 715 1234 751 X11.¹9

194 777 388 833 Prqjecta
411 792 529 818 sacra
551 779 832 832 appellantur
850 791 951 832 quae
968 778 1236 831 fulgurantez
1257 775 1491 830 coelofizmt.
1543 773 1647 815 Tum

249 845 354 886 enim
376 846 579 900 projecta
609 846 963 900 depellendorum
998 844 1201 886 malorum
1208 844 1438 901 fulgurum
1465 842 1531 884 vel
1552 857 1647 898 pro-

250 912 523 956 curandorum
544 915 759 955 bonorum
782 928 921 956 causa
942 914 1067 956 fiunt.

193 981 419 1023 Peeuuma
440 995 539 1023 oum
560 982 673 1024 dixit
700 982 884 1024 Marcus
918 982 1031 1024 Cato
1063 996 1140 1037 per
1171 995 1320 1023 casum
1351 981 1600 1035 genitivum,
1622 992 1649 1021 a

251 1050 458 1102 singulari
487 1063 621 1091 casus
644 1051 753 1092 recti
775 1050 1000 1101 formavit,
1023 1064 1111 1104 quo
1131 1051 1363 1092 utebantur
1396 1048 1585 1102 antiqui,
1604 1047 1649 1088 id

250 1122 331 1168 est,
350 1131 478 1170 pecu,
499 1131 551 1159 ac
573 1123 704 1170 testu,
725 1121 903 1169 tonitru,
923 1133 1052 1173 genu,
1083 1132 1210 1160 veru:
1245 1131 1431 1173 quorum
1459 1116 1650 1158 omnium

250 1186 469 1238 genitivus
500 1187 733 1240 pluraliter
762 1188 953 1241 geminat
975 1186 1017 1227 U
1036 1187 1236 1229 literam:
1268 1200 1383 1228 nunc
1409 1186 1513 1239 quia
1541 1183 1651 1225 dici-

801 1318 842 1332 O‘
844 1320 940 1331 00000

944 1320 1042 1332 eeeee

238 1406 278 1452 133
302 1403 342 1434 In
361 1402 413 1434 ed.
432 1404 523 1434 Scal.
541 1404 604 1436 hoc
621 1406 736 1446 Caput
753 1407 1025 1440 ominium—19
1049 1407 1088 1439 In
1119 1407 1194 1439 cad.
1221 1407 1275 1438 ed.
1300 1407 1437 1447 legitur,
1461 1405 1470 1422 ‘
1487 1406 1519 1436 in
1537 1405 1650 1445 expla-

194 1452 331 1477 natione
357 1455 424 1478 xu.
458 1450 524 1477 tum
546 1449 628 1479 enim
657 1450 833 1490 projecta,’
861 1454 927 1484 ἀς.
960 1452 1088 1488 verbis,
1117 1453 1125 1468 ‘
1144 1450 1293 1490 Projecta
1321 1459 1412 1481 sacra
1436 1449 1653 1491 appellamur

196 1500 271 1531 quae
303 1488 488 1530 fulgurante
511 1492 583 1521 coelo
597 1491 710 1533 fiunt,’
734 1494 873 1526 omissis.

859 1635 1001 1667 NOTAE

239 1734 250 1753 -V
278 1728 413 1759 Pecunia
424 1738 492 1768 quoe
509 1731 673 1770 erogatur]
699 1731 896 1771 Repetitum

196 1782 247 1809 est
269 1779 331 1809 hoc
356 1777 585 1819 fragmentum
611 1780 643 1810 in
667 1780 734 1812 fine
760 1782 899 1822 hujusce

194 1828 293 1866 libri3
318 1829 499 1869 legendum
524 1836 649 1869 autem,
669 1831 806 1862 Pecunia
833 1844 901 1873 quoe

194 1883 343 1919 erogatur
367 1880 399 1910 in
423 1881 510 1910 ludos
526 1884 555 1911 et
570 1884 745 1920 spectacula
768 1885 901 1924 appellu-

196 1934 248 1960 tur
264 1930 362 1971 lucar,
378 1931 450 1961 iude
466 1932 549 1962 dicta
573 1934 653 1971 quod
669 1944 684 1964 e
707 1935 784 1965 lucis
798 1939 900 1976 capte-

196 1983 258 2012 tur.
306 1980 557 2021 Compendiose
576 1984 707 2015 scilicet
735 1987 899 2026 scriptum

196 2030 263 2061 fnit
288 2032 372 2061 lucar
396 2032 435 2071 ie,
451 2042 512 2072 pro
541 2034 625 2064 lucar
650 2036 732 2067 inde.
779 2037 903 2068 Potest

196 2082 299 2111 etiam
331 2086 365 2112 et
389 2082 554 2121 scriptum
580 2084 695 2121 fuisse,
726 2088 900 2127 appellatur

196 2132 322 2162 lucaris.
371 2131 464 2162 Infra
489 2133 690 2165 laudabatur
713 2137 810 2177 Cato,
828 2138 899 2168 sive

197 2183 293 2220 alius,
309 2183 364 2223 qui
382 2183 472 2213 aliud
498 2189 634 2224 etymon
659 2187 714 2216 τοῦ
741 2189 827 2219 lucar
842 2188 899 2219 ad-

197 2233 306 2269 duxit,
333 2244 436 2274 quare
468 2232 612 2266 fortasse
646 2239 898 2277 supplendum:

197 2306 414 2317 .........
433 2285 519 2316 Idem
533 2287 564 2316 in
577 2288 678 2318 eodem
688 2289 766 2319 libro
781 2291 867 2321 lucar
880 2302 900 2322 α

198 2335 262 2364 luce
277 2334 340 2364 <lici
364 2334 539 2374 existimat,
554 2337 643 2376 cujus
665 2340 832 2381 opinioniS‚
847 2343 898 2381 ἓςε.

197 2384 285 2415 Vide
304 2390 311 2402 ‘
326 2386 445 2417 lucar.’
468 2387 551 2418 Duc.

241 2439 253 2453 ⁷.
275 2435 421 2473 Prql'ecla
437 2446 526 2467 sacra
542 2440 737 2478 appellantur
755 2453 822 2483 ‹111oe
832 2444 901 2481 sul-

195 2484 345 2523 gurante]
375 2487 425 2516 De
445 2488 608 2527 projectis
623 2492 808 2530 sacrificiis,
824 2505 900 2535 quae

198 2532 394 2573 fulgurante
409 2538 783 2579 coelodepellendorum
798 2547 902 2577 malo-

200 2592 272 2613 rum
289 2582 465 2616 fulminum
483 2592 517 2618 ct
536 2593 823 2628 procuramlorum
845 2596 900 2626 bo-

201 2643 317 2665 norum
349 2644 450 2666 causa
478 2636 616 2681 fiebant,
648 2643 728 2674 nihil
762 2655 900 2687 usquam

953 1733 1038 1772 legi3
1063 1732 1217 1772 suspicor
1254 1731 1410 1771 projecta
1448 1728 1526 1759 inde
1564 1727 1658 1758 dicta

955 1782 1073 1817 fuisse,
1090 1782 1181 1823 quod
1202 1782 1234 1813 in
1264 1781 1386 1812 scrobe
1414 1790 1454 1811 ea
1480 1789 1577 1810 sacra
1598 1778 1656 1809 fie-

954 1840 1045 1872 rent,
1063 1834 1119 1864 ubi
1145 1837 1264 1874 postea
1288 1831 1415 1863 fulmen
1441 1830 1658 1863 conderetur.

951 1886 1050 1916 Idem.

997 1942 1010 1956 '⁴¹
1038 1935 1185 1976 Pecuum]
1210 1935 1333 1966 Pecuda
1354 1937 1388 1964 et
1403 1942 1500 1973 pecua
1513 1932 1657 1963 Veteres

955 1986 1084 2018 dixere.
1133 1986 1249 2017 Attius
1266 1986 1298 2016 in
1316 1983 1473 2015 Diomed.
1497 1984 1506 1998 ‘
1528 1983 1657 2013 Passim

956 2048 1031 2079 quae
1065 2037 1194 2078 praeda,
1223 2045 1331 2076 pecua
1359 2034 1519 2066 halabant
1546 2031 1658 2073 agris.'

956 2089 1050 2119 Idem
1078 2089 1109 2119 in
1142 2086 1290 2118 Medea:
1327 2087 1336 2102 ‘
1352 2086 1498 2125 Vagant,
1532 2092 1659 2123 pavore

956 2140 1132 2181 pccudain
1152 2138 1292 2170 tumulis
1306 2137 1490 2173 desei-uum
1508 2135 1581 2176 quis
1598 2144 1659 2165 nos

957 2195 1076 2231 pascet
1091 2193 1210 2230 postea
1222 2188 1244 2218 ?’
1260 2188 1301 2219 131
1316 2188 1432 2218 Plaut.
1445 2187 1590 2217 Mercat.
1601 2194 1659 2216 ιιι,

958 2245 987 2272 1.
1002 2242 1010 2258 ‘
1026 2241 1099 2272 Noc
1113 2249 1219 2280 pecua
1236 2238 1304 2269 ruri
1317 2236 1478 2278 pascere.'
1493 2237 1572 2267 Dae.
1599 2237 1660 2267 Lo-

956 2301 1014 2323 cus
1043 2296 1155 2321 autem
1184 2288 1336 2327 Catonis,
1353 2298 1452 2329 quem
1477 2287 1596 2318 Festus
1615 2286 1662 2316 in-

955 2343 1092 2382 telligit,
1120 2352 1163 2373 ex
1192 2340 1347 2371 oratione
1373 2349 1434 2380 pro
1461 2337 1661 2369 Rhodiensi-

956 2393 1018 2423 bus
1035 2399 1130 2423 extat
1148 2390 1238 2431 apud
1257 2390 1347 2421 Gen.
1370 2390 1428 2419 lib.
1449 2397 1513 2419 vu.
1535 2398 1611 2428 cap.
1627 2391 1659 2419 3.

957 2444 1013 2474 ‘Si
1031 2444 1104 2484 quis
1130 2443 1289 2483 majorem
1317 2450 1461 2481 pecuum
1487 2448 1660 2470 numerum

957 2496 1082 2526 habere
1104 2494 1262 2531 voluerit,
1287 2496 1416 2522 tantum
1441 2490 1580 2521 (lamnas
1608 2498 1659 2519 es-

958 2546 1017 2577 to?
1062 2546 1116 2576 Sic
1133 2545 1220 2575 euim
1245 2544 1370 2582 legitur
1387 2543 1417 2572 iu
1436 2539 1660 2571 vetustissimo

957 2597 1058 2632 libro,
1073 2607 1133 2637 pro
1151 2606 1190 2625 co
1207 2595 1296 2635 quod
1314 2593 1411 2624 estin
1437 2591 1596 2631 vulgatis,
1609 2599 1660 2631 po-

956 2650 1065 2680 cutlum
1082 2653 1116 2680 et
1130 2647 1246 2678 (lavini.
1272 2645 1367 2676 Fulv.
1386 2642 1498 2673 Ursin.
