1835 2906
191 147 274 189 158
642 155 790 186 sssxri
827 154 1025 185 POMPEH
1062 152 1196 183 unsri

195 249 389 292 Citeriah
420 249 729 303 appellabatur
753 247 916 301 effigies
949 247 1153 301 quaedam
1185 249 1351 299 arguta,
1371 250 1416 286 et
1441 245 1625 299 loquax,

250 317 421 359 ridiculi
441 317 592 370 gratia,
606 330 706 370 quae
727 317 768 357 in
791 312 978 369 pompa„i
999 315 1097 356 vehi
1118 315 1250 355 solita
1270 314 1340 354 sit.
1370 312 1484 353 Cato
1503 313 1547 353 in
1562 312 1627 351 M.

253 384 482 426 Caecilium
496 389 542 425 :¹⁵
574 383 695 434 Quid
712 396 793 436 ego
814 396 913 424 cum
934 383 1010 423 illo
1031 382 1261 422 dissertem
1283 380 1488 434 amplius,
1502 392 1631 433 quem

253 464 333 503 ego
354 451 538 504 denique
559 450 691 491 credo
714 450 757 489 in
788 462 952 503 pompa
977 449 1234 489 vectitatum
1264 448 1325 488 ire
1343 446 1376 471 ¹⁶
1409 446 1528 487 ludis
1549 457 1630 499 pro

252 519 417 568 citeria,
437 522 566 570 atque
587 530 685 558 cum
707 516 1030 570 spectatoribus
1051 514 1442 555 sermocinaturum
1459 513 1476 553 ‘t

198 582 413 634 Citimus‚k
439 588 675 625 extremus.

255 652 380 700 citra,
403 652 592 692 citimus.

199 718 360 761 Citior¹
401 718 746 772 comparativum
786 730 812 758 a
848 717 954 758 cito.

735 583 819 624 Uls
850 583 964 623 enim
998 582 1106 624 facit
1136 582 1265 632 ultra,
1298 581 1508 622 ultimus:
1555 579 1635 627 cis,

1030 717 1240 758 Plautus:
1284 714 1466 756 Nullam
1503 724 1586 764 ego
1602 716 1633 741 ¹⁷

254 792 376 827 remm
399 787 594 827 citiorem
617 785 736 838 apud
756 784 953 824 homines
976 796 1093 833 esse,
1116 796 1247 836 quam
1268 783 1430 823 famam
1450 793 1560 822 reor.

201 853 378 895 citrosa
393 858 410 874 ¹¹
433 853 571 894 vestis
594 851 823 905 appellata
842 854 910 891 est
932 863 959 890 a
987 850 1276 891 similitudine
1298 849 1410 890 citri.

801 970 1033 982 eenmeme

246 1050 285 1078 15
322 1047 377 1079 Al.
403 1048 562 1088 Coelituus,
589 1052 677 1079 teste
707 1047 977 1087 &aligera—16
1010 1047 1096 1078 Scal.
1122 1051 1158 1077 et
1185 1045 1274 1076 Dac.
1299 1042 1478 1085 legendum
1504 1045 1641 1073 monent

206 1090 385 1122 rectitatum
399 1091 537 1122 z'rz‘.—l7
564 1091 626 1122 Ed.
642 1091 730 1122 scal.
745 1100 830 1129 ergo.

857 1185 996 1217 NOTAE

206 1260 285 1282 nam
315 1250 437 1290 signat.
493 1249 594 1289 Cista,
633 1251 778 1289 cisterna,
801 1259 895 1291 aquae

209 1300 476 1340 receptaculum,
503 1300 572 1330 vini
599 1300 724 1338 etiam3
753 1299 841 1330 fossa
864 1309 897 1330 e-

208 1350 277 1381 nim
303 1342 344 1381 ad
366 1349 478 1380 viuum
505 1350 735 1391 recipiendum
752 1350 900 1381 cisterna

207 1400 342 1431 dieitur.
366 1400 463 1430 Idem.

251 1448 265 1469 ¹¹
291 1448 426 1489 Citeria]
449 1449 489 1480 In
510 1454 606 1480 tanto
622 1450 783 1480 Veterum
801 1449 900 1480 silen—

210 1500 258 1530 tio
283 1499 338 1530 vix
354 1498 420 1530 dici
435 1499 555 1539 possit,
576 1508 637 1529 uec
653 1508 718 1539 quo
736 1504 902 1539 tempore,

210 1559 273 1581 nec
292 1559 358 1590 quo
388 1548 488 1579 modo
518 1547 645 1588 effigies
669 1548 732 1579 ista
763 1547 901 1588 gereba-

212 1607 279 1633 tur.
322 1601 421 1631 Licet
448 1605 579 1631 tantum
611 1601 775 1640 suspicari
802 1601 905 1631 bomi—

212 1661 289 1683 nem
305 1650 422 1686 fuisse,
440 1651 494 1692 qui
509 1661 544 1681 se
559 1661 621 1691 pro
636 1651 747 1681 citeria
759 1651 908 1689 locabat,

212 1708 249 1732 ut
272 1701 355 1732 alius
381 1701 470 1741 apud
489 1701 645 1731 Plautum
671 1710 732 1741 pro
747 1702 907 1740 mundum,

214 1757 251 1782 et
267 1755 345 1781 ante
368 1751 643 1790 triumphantium
671 1760 805 1782 currum
823 1760 909 1791 prae-

215 1802 339 1833 cedere
355 1800 458 1832 fuisse
469 1803 615 1833 solitum.
662 1802 751 1833 Quin
766 1806 800 1833 et
816 1802 908 1832 illum

215 1852 317 1892 plane
334 1852 491 1891 intelligit
510 1851 620 1881 Livius
648 1851 691 1882 de
707 1851 838 1882 AEmilio
856 1852 913 1881 tri-

216 1901 420 1941 umphante:
452 1901 597 1931 ‘Totum
628 1910 747 1940 agmen
775 1900 907 1931 claude-

218 1952 318 1982 batur
330 1961 350 1982 a
365 1950 508 1991 quodam
525 1951 582 1991 qui
600 1951 715 1991 inepta
728 1951 908 1990 gesticula-

219 2001 312 2032 tione
335 2000 436 2031 risum
459 2000 612 2031 omnibus
628 2005 791 2035 moveret,
807 2001 908 2031 hosti-

218 2049 282 2080 bus
298 2049 469 2088 illuderet,
487 2059 610 2090 eosque
634 2050 770 2081 virtutis
790 2050 910 2080 Roma-

220 2108 272 2129 nae
303 2103 338 2129 et
368 2108 437 2129 suae
467 2099 670 2129 temeritatis
697 2098 913 2130 admoneret:

222 2150 346 2189 Neque
385 2147 658 2191 praetereundum
690 2158 755 2179 non
794 2148 912 2179 deesse

222 2199 279 2239 qui
296 2198 463 2229 hominem
485 2199 584 2229 istum
602 2207 667 2229 non
684 2208 757 2228 esse
773 2198 915 2229 citeriam

224 2249 352 2287 dicant,
364 2248 422 2279 sed
442 2249 591 2288 picturas
602 2247 692 2278 ferre
706 2258 781 2288 quae
797 2248 915 2278 citeriae

224 2297 437 2328 dicebantur.
484 2297 550 2328 Sed
567 2306 623 2327 eos
640 2297 774 2328 abunde
790 2297 916 2328 refellit

227 2347 380 2386 superior
414 2348 506 2378 locus
542 2347 640 2378 Livii.
691 2347 812 2388 Neque
837 2357 917 2378 vero

227 2396 347 2427 citeria
364 2401 398 2427 et
418 2397 601 2428 manducus
625 2398 686 2428 soli
709 2407 842 2428 currum
860 2397 920 2427 tri·

228 2445 459 2486 umphantium
485 2447 735 2486 praecedebant.
779 2446 820 2477 In
848 2455 921 2487 par-

230 2500 283 2525 tes
299 2495 456 2525 veniebat
473 2505 568 2534 anus,
585 2506 660 2537 quae
677 2495 807 2527 Petreia
829 2495 918 2527 dice·

230 2544 342 2575 batur.
385 2544 472 2575 Vide
494 2545 673 2576 ‘Petreia.’
697 2547 793 2577 Mem.

270 2593 278 2613 ¹
305 2594 344 2624 In
365 2595 490 2634 pompa]
520 2595 739 2636 Triumphali‚
755 2600 793 2626 ut
820 2604 922 2636 supra

232 2641 390 2673 diximus,
415 2643 513 2673 Idem.

275 2690 291 2715 Κ
338 2691 487 2734 citimus]
525 2693 797 2725 Declinabantur
834 2694 925 2734 olim,

953 1249 1022 1289 Cis,
1060 1248 1159 1279 citis:
1194 1248 1269 1287 Uis,
1300 1247 1388 1279 ultis.
1436 1244 1644 1286 Pomponius

953 1299 994 1330 de
1022 1299 1151 1339 origine
1174 1299 1261 1339 juris
1287 1298 1385 1337 dixit,
1416 1297 1524 1327 ‘ultis
1545 1295 1645 1326 Tibe-

954 1348 1037 1380 rim.’
1083 1348 1180 1379 Dixit
1204 1353 1239 1379 et
1269 1348 1379 1379 Varro
1406 1345 1540 1377 alicubi.
1577 1344 1646 1374 Jos.

954 1398 1038 1429 Scul.

1000 1448 1152 1488 Citimus]
1175 1447 1203 1478 A
1224 1447 1272 1478 cis
1287 1451 1321 1478 et
1332 1446 1431 1486 citra,
1445 1444 1534 1476 unde
1549 1443 1649 1481 citer,

957 1499 1109 1537 citerior,
1132 1498 1293 1535 citimus;
1327 1502 1364 1527 ut
1389 1496 1431 1526 ab
1461 1496 1525 1531 uls,
1549 1494 1647 1527 ultra,

957 1550 1059 1589 ulter,
1078 1547 1231 1587 ulterior,
1249 1545 1409 1577 ultimus!
1436 1545 1580 1576 Citimus
1597 1548 1650 1572 est

957 1604 1144 1636 extremus,
1173 1597 1232 1627 sed
1263 1597 1319 1636 qui
1351 1595 1523 1636 proximus
1554 1592 1650 1623 nobis

959 1654 1022 1680 est.
1071 1649 1272 1688 Quanquam
1287 1651 1322 1677 et
1338 1655 1414 1676 eum
1435 1645 1567 1683 signare
1594 1652 1651 1682 po-

960 1704 1042 1737 test,
1085 1698 1141 1739 qui
1171 1697 1268 1728 nobis
1306 1697 1350 1726 sit
1384 1693 1650 1725 remotissimus:

961 1758 1036 1778 nam
1053 1752 1087 1779 et
1104 1747 1148 1778 cis
1164 1756 1223 1787 pro
1236 1746 1318 1776 ultra
1330 1745 1474 1785 positum
1490 1742 1655 1773 invenias.

961 1797 1235 1829 Declinabantur
1252 1797 1329 1826 olim
1347 1796 1408 1835 cis,
1423 1794 1510 1833 citis,
1525 1793 1588 1832 uls,
1604 1792 1650 1822 ul-

963 1849 1018 1879 tis.
1063 1848 1152 1878 Vide
1167 1849 1175 1864 ‘
1193 1846 1266 1877 uls!
1295 1847 1373 1876 Duc.

1004 1897 1011 1918 ¹
1053 1897 1171 1937 Citior]
1211 1896 1296 1927 Vide
1323 1895 1477 1927 Macrob.
1518 1893 1576 1925 lib.
1601 1901 1656 1923 ιιι.

963 1956 1040 1986 cap.
1070 1949 1120 1977 19.
1156 1946 1213 1986 qui
1254 1946 1409 1976 Naevium
1440 1943 1536 1983 hujus
1567 1942 1656 1972 vocis

964 1997 1080 2027 laudat
1095 2000 1280 2027 auctorem.
1308 1995 1404 2024 Idem.

1007 2052 1029 2066 ¹¹¹
1056 2047 1182 2077 Nullam
1197 2055 1252 2084 ego
1274 2045 1354 2084 rem]
1381 2042 1466 2073 Haec
1490 2051 1532 2072 ex
1561 2041 1658 2071 amis·

967 2097 1010 2127 sis
1029 2096 1146 2132 Plauti
1163 2093 1346 2126 comoediis.
1371 2093 1548 2132 Integram
1566 2091 1659 2122 Gno-

967 2156 1044 2178 men
1067 2146 1114 2176 sic
1138 2144 1259 2184 Virgil.
1281 2145 1290 2160 ‘
1305 2143 1408 2173 Fama
1436 2142 1572 2179 malum,
1593 2149 1659 2180 quo

969 2207 1035 2229 non
1052 2195 1140 2227 aliud
1158 2194 1303 2225 velocius
1320 2192 1447 2223 ullum.'
1475 2192 1574 2221 Idem.

1011 2250 1025 2266 ¹¹
1051 2244 1192 2283 Citrosa]
1216 2243 1369 2281 Naevius,
1396 2241 1659 2281 ‘pulchramque

970 2306 1012 2327 ex
1033 2305 1126 2334 auro,
1149 2299 1343 2334 vestemque
1357 2289 1536 2323 citrosam.¹
1580 2290 1660 2319 Fes—

971 2351 1024 2376 tus
1038 2345 1108 2375 vult
1126 2344 1173 2375 ita
1194 2343 1336 2381 dictum,
1349 2341 1435 2382 quod
1453 2341 1496 2371 sit
1511 2339 1663 2370 undatim

973 2395 1095 2435 crispa.
1141 2393 1189 2424 At
1217 2391 1425 2431 Macrobius,
1451 2389 1539 2431 (guod
1565 2398 1664 2429 poma

974 2446 1053 2477 citri
1077 2443 1227 2475 vestibus
1252 2442 1494 2479 insererentur,
1512 2439 1554 2469 ad
1584 2438 1664 2468 odo-

975 2505 1045 2526 rem
1066 2491 1334 2533 concipiendum.
1378 2491 1418 2522 In
1436 2499 1501 2530 quo
1523 2489 1602 2519 licet
1619 2488 1665 2517 vi-

975 2546 1055 2577 dere
1072 2545 1236 2575 Veterum
1260 2541 1530 2573 inconstantiam.
1576 2539 1664 2569 Nam

977 2596 1041 2626 alia
1070 2599 1122 2624 est
1148 2593 1265 2627 ciuus,
1290 2600 1330 2620 ex
1360 2599 1426 2630 qua
1455 2598 1579 2619 mensae
1607 2587 1665 2617 fie-

976 2646 1085 2682 bant;
1111 2643 1189 2681 alia,
1214 2651 1288 2682 quae
1316 2649 1412 2680 poma
1428 2638 1542 2678 habet,
1566 2646 1664 2678 quam

978 2693 1148 2725 Medicam
1172 2694 1344 2723 vocarunt.
1388 2688 1494 2722 Quam
1519 2696 1593 2718 cuin
1618 2685 1668 2717 di·
