1835 2906
400 101 464 130 DE
500 97 772 129 VERBORUM
812 96 1225 127 SIGNIFICATIONE
1260 98 1353 128 ΜΒ.
1386 99 1492 129 xlv.
1571 90 1656 132 583

269 208 414 249 neque
429 198 676 250 perpetrare
700 193 907 248 precibus
926 192 1108 246 imperia
1122 197 1156 215 ²0
1172 194 1246 247 qui
1266 193 1463 235 decimus
1482 200 1492 218 ¹
1517 196 1656 248 patris

272 268 463 317 spartam
500 263 768 317 deponerez2
814 262 960 311 instat,
998 260 1043 301 id
1076 260 1114 300 si
1150 264 1397 315 perpetrat:
1438 262 1657 316 quomodo

271 331 403 372 etiam
424 331 516 371 sine
546 330 856 384 praepositione
886 329 957 370 usi
989 332 1109 378 sunt,
1140 329 1260 382 quod
1293 342 1547 372 conversum
1563 330 1659 383 jam

269 401 313 441 in
334 398 656 440 consuetudinem
670 404 686 420 ¹¹
708 404 779 439 est.

214 468 428 522 Perpulit,
448 467 678 521 persuasit,
703 465 914 519 impulit.⁰

1481 465 1660 519 [PAUL.

969 530 1134 573 dicendo
1150 545 1224 573 me.
1237 531 1436 586 perpulit.
1495 533 1661 586 [FEST.

969 600 1118 641 scilicet
1138 598 1325 654 compulit
1333 631 1342 639 .

217 670 444 712 Persicum
464 676 639 726 portum
653 675 670 700 P
692 669 884 711 Plautus
912 681 1009 710 cum
1032 668 1108 718 ait,
1135 680 1255 708 mare
1273 666 1522 708 Euboicum
1542 666 1663 708 vide-

274 748 346 779 tur
376 738 640 791 significare,
672 737 791 792 quod
823 737 867 777 in
899 749 952 777 eo
973 735 1132 777 elassis
1148 735 1382 777 Persarum
1404 734 1561 776 dicitur
1581 739 1664 776 ste-

273 805 383 846 tisse
403 818 491 846 non
512 805 668 860 procul
689 818 717 846 a
736 804 917 845 Thebis.

219 873 448 915 Persicum
493 877 679 928 portum,
710 885 827 914 mare
859 871 1124 922 Euboicum,
1156 870 1275 925 quod
1306 871 1350 912 in
1381 883 1434 911 eo
1484 869 1665 923 [PAUL-

272 943 440 984 steterit
460 943 616 983 classis
636 942 882 983 Persarum.

218 1007 448 1050 Persicum
468 1010 655 1050 Plautus
674 1009 789 1050 dixit
811 1010 1081 1061 peracutum.

222 1075 426 1119 Persicus
441 1083 452 1107 ³
467 1083 483 1106 ‘³
503 1081 758 1131 peracutum
779 1075 1026 1129 significare
1047 1074 1236 1124 videtur,
1256 1078 1305 1115 ut
1322 1074 1456 1115 Plau·
1505 1072 1667 1126 [FEST.

825 1194 962 1206 “““““

965 1194 1063 1206 eeeee

263 1277 305 1306 20
327 1275 408 1306 Vet.
432 1274 507 1306 cod.
535 1273 754 1315 impetria·-—-l
779 1272 834 1305 Id.
861 1272 914 1313 qui
940 1272 1135 1305 detinni.—2
1159 1271 1212 1302 Id.
1235 1280 1394 1311 reponare.
1438 1269 1518 1301 Vid.
1545 1268 1671 1301 Not.—

219 1321 238 1349 3
264 1318 461 1359 Legendum
477 1324 617 1349 monent
631 1317 721 1348 Scal.
737 1317 826 1348 Dae.
842 1323 879 1348 ut
894 1317 928 1347 in
946 1322 1013 1347 vet.
1031 1315 1107 1347 cod.
1124 1313 1285 1346 Persibus.

881 1431 912 1462 N
919 1429 1020 1462 OTAE

266 1511 280 1526 ¹¹
308 1507 397 1543 Quod
411 1516 589 1538 conversum
594 1506 665 1546 jam
679 1506 712 1537 in
728 1507 924 1537 consuetudi-

221 1556 304 1597 nem]
327 1558 443 1589 Verbo
456 1561 598 1598 patrare,
612 1558 732 1598 inquit,
748 1557 819 1588 sine
836 1567 923 1598 prae·

222 1608 393 1650 positione
423 1618 486 1650 pro
523 1608 670 1649 perficere
700 1608 844 1639 Veteres
876 1607 925 1637 usi

224 1665 314 1699 sunt,
344 1660 434 1701 quod
461 1669 549 1691 nunc
580 1660 613 1690 in
644 1658 924 1690 consuetudinem

224 1711 320 1751 abiit,
337 1720 377 1742 eo
389 1711 476 1742 enim
490 1710 690 1752 frequenter
705 1710 812 1741 nostri
827 1714 926 1740 utun-

224 1768 291 1794 tur.
346 1763 402 1794 Sic
439 1768 448 1781 ‘
468 1766 605 1803 patrare
634 1762 770 1801 incepta
784 1760 810 1792 :⁷
845 1764 853 1777 ‘
869 1770 926 1800 pa-

224 1813 324 1844 tratis
344 1813 493 1845 consiliis
506 1812 515 1826 ’
535 1813 675 1847 Sallust.
715 1812 771 1843 Sic
789 1813 927 1843 Lucret-

225 1866 336 1897 Cicer.
364 1866 473 1898 Tacit.
499 1866 571 1897 Liv.
615 1864 684 1896 Sed
712 1868 829 1905 postea
853 1873 926 1895 ver-

224 1917 303 1948 bum
318 1917 399 1949 illud
415 1917 503 1948 inter
514 1916 690 1948 obscoena:
708 1925 810 1956 quare
821 1914 928 1947 Quin·

225 1967 276 1999 til.
291 1968 350 1999 lib.
365 1977 445 1999 vm.
462 1977 537 2008 cap.
555 1969 584 1999 3.
624 1967 632 1983 ‘
644 1966 723 1997 Sive
741 1966 829 1996 mala
847 1974 927 1995 con-

224 2017 406 2049 suetudine
435 2019 468 2049 in
493 2018 688 2049 obscoenum
714 2016 927 2048 intellectum

224 2079 335 2103 sermo
351 2069 504 2101 detortus
518 2074 582 2108 est,
597 2074 634 2100 ut
656 2068 816 2099 ‘ductare
830 2076 927 2098 exer-

225 2121 313 2152 citus
330 2120 338 2133 '
377 2124 413 2151 et
450 2121 458 2138 ‘
478 2125 615 2161 patrare
646 2119 772 2150 bellum
790 2117 798 2131 ²
837 2117 926 2158 apud

225 2172 364 2204 Sallust.
379 2171 469 2203 dicta
480 2176 595 2203 sancte
609 2175 643 2201 et
657 2171 806 2210 antique,
817 2168 929 2200 riden-

227 2229 283 2254 tur
299 2233 318 2253 a
334 2222 428 2254 nobis
447 2223 473 2253 si
492 2222 565 2253 Diis
582 2221 718 2263 placet‚’
734 2224 798 2252 ἃς.
842 2219 929 2251 Inde

229 2272 386 2303 Glossae:
419 2273 576 2313 ‘Pati-at,
599 2273 748 2311 μασᾶται,
772 2269 931 2309 κακεμφά-

228 2335 302 2363 τως,
315 2323 353 2354 ὡς
368 2321 422 2353 εἰτ’
439 2322 599 2362 αῖσχρῶ3,’
612 2323 687 2363 lege
700 2332 743 2352 ex
756 2322 880 2361 Scalig.
892 2321 931 2351 ὡς

229 2374 276 2404 ἐπ’
293 2373 441 2413 αἰσχρῶν.
466 2374 550 2404 Dac.

271 2430 285 2445 0
310 2446 496 2457 .........
510 2423 650 2465 impulit]
675 2445 682 2453 .
694 2445 702 2453 .
715 2446 724 2455 .
737 2423 746 2439 ‘
762 2423 933 2462 Perpulit,

231 2476 416 2516 persuasit,
429 2475 564 2515 impulit
580 2494 775 2506 ..........
787 2472 933 2504 dicendo

231 2535 285 2557 me
300 2526 451 2566 perpulit
465 2546 632 2557 ........
642 2524 777 2556 scilicet
794 2533 933 2563 compu-

234 2576 298 2608 lit)
335 2577 456 2607 Sched.
480 2576 578 2607 Idem.

277 2632 292 2652 P
312 2626 618 2667 Persz'cmnporcum]
639 2625 797 2657 Plaut.in
812 2624 934 2664 Amph.

237 2684 246 2695 ⁶
262 2678 435 2710 Coenavin'
464 2688 527 2719 ego
545 2678 578 2709 in
596 2677 671 2708 navi
688 2677 719 2708 in
734 2680 834 2718 portu
852 2676 935 2707 Per-

975 1504 1079 1538 sico?’
1103 1510 1139 1536 et
1155 1504 1248 1536 alibi.
1272 1503 1350 1535 Ant.
1368 1503 1453 1542 Aug.

1019 1556 1181 1588 Persicum
1193 1553 1331 1596 portum]
1356 1554 1397 1585 In
1414 1552 1674 1594 Amphitruone,

977 1617 1002 1639 1.
1019 1611 1049 1640 1.
1074 1608 1155 1639 Dae.

1019 1663 1033 1684 ‘¹
1059 1656 1219 1697 Persicus]
1242 1655 1391 1688 Omnino
1408 1653 1587 1695 legendum
1604 1654 1680 1684 Per-

976 1709 1069 1740 sibus.
1114 1708 1203 1739 Vide
1230 1707 1369 1738 tertium
1400 1705 1680 1746 Conjectaneum‚

978 1765 1082 1801 atque
1104 1759 1189 1791 adeo
1207 1759 1394 1789 Varronem
1418 1757 1528 1797 ipsum
1551 1756 1585 1787 in
1612 1754 1679 1786 fine

978 1810 1056 1842 libri
1087 1820 1137 1841 vr.
1175 1810 1322 1840 Versum
1355 1807 1471 1839 Plauti
1493 1807 1543 1838 ita
1577 1807 1654 1847 lege
1671 1816 1679 1837 ε

980 1862 1074 1893 Nihil
1089 1861 1307 1892 deconciliares
1322 1860 1383 1899 illi,
1403 1859 1467 1890 nisi
1491 1859 1563 1899 quid
1582 1858 1680 1898 persi-

981 1913 1034 1943 bus
1049 1912 1142 1952 sapis.
1166 1911 1239 1944 Jos.
1256 1911 1344 1941 Scal.

1022 1961 1185 2002 Persicus]
1210 1962 1300 2001 Lege
1317 1960 1400 1991 utin
1417 1964 1485 1991 vet.
1503 1958 1581 1990 cod.
1604 1959 1683 1990 Per-

979 2014 1073 2045 sibus.
1118 2012 1212 2043 Sibus
1229 2011 1315 2041 enim
1334 2015 1386 2041 est
1403 2009 1558 2050 callidus,
1582 2014 1618 2040 et
1632 2008 1682 2039 di·

980 2064 1071 2095 citur
1095 2071 1155 2103 pro
1184 2071 1274 2102 sopus
1299 2060 1352 2091 vel
1373 2060 1495 2100 sophus,
1522 2064 1561 2090 ut
1587 2059 1683 2099 sispes

980 2123 1042 2155 pro
1058 2122 1171 2153 sospes.
1218 2111 1305 2142 Vide
1329 2111 1337 2127 ‘
1353 2109 1467 2141 sibus!
1512 2110 1568 2140 Sic
1593 2108 1683 2150 apud

980 2166 1168 2195 Varronem
1206 2160 1386 2202 ‘per-sibe'
1415 2161 1472 2191 lib.
1502 2169 1551 2191 vr.
1575 2160 1683 2190 ‘Per-

982 2217 1069 2255 sibe,
1085 2215 1206 2256 perite,
1223 2214 1337 2255 itaque
1354 2212 1416 2244 sub
1437 2211 1499 2243 hoc
1516 2212 1686 2252 glossema

982 2266 1112 2299 Callide
1129 2263 1372 2296 subscribunt!
1402 2263 1529 2293 Versus
1547 2262 1685 2293 Plauti:

984 2318 1078 2349 Nihil
1099 2316 1317 2348 deconciliares
1332 2315 1392 2351 illi,
1417 2314 1478 2345 nisi
1495 2314 1568 2353 quid
1586 2314 1685 2354 persi-

984 2368 1038 2399 Ims
1051 2368 1147 2407 sapis.
1190 2367 1318 2397 Versus
1342 2364 1454 2396 Naevii
1474 2362 1688 2404 corruptissi-

984 2429 1057 2450 mus
1073 2424 1136 2457 est,
1152 2418 1210 2448 sed
1230 2418 1278 2448 ita
1299 2416 1451 2458 proxime
1471 2415 1515 2446 ad
1539 2414 1686 2455 scriptu-

985 2481 1055 2502 ram
1073 2474 1168 2501 recte
1186 2468 1321 2500 restitui
1338 2466 1467 2508 possit:
1493 2466 1538 2496 Et
1553 2464 1688 2505 quisue-

984 2522 1041 2561 re't,
1054 2520 1194 2562 per-sibus
1208 2518 1361 2559 captanda
1376 2520 1422 2547 est
1433 2516 1525 2547 ratio.
1542 2514 1687 2549 Callide.

986 2572 1105 2614 inquit,
1134 2570 1280 2602 ineunda
1309 2573 1362 2600 est
1392 2567 1492 2607 ratio,
1524 2567 1596 2607 quis
1623 2566 1688 2596 iste

989 2623 1104 2655 fucrit.
1128 2622 1209 2653 Dav.
