1835 2906
229 119 315 162 402

687 125 836 158 SEX'rl
870 125 1073 157 POMPEII
1106 125 1241 158 FES'rr

287 223 481 267 matronis
511 223 651 264 fuisse
683 223 915 264 restitutum
949 236 1095 262 aarum
1128 235 1173 262 ex
1203 235 1280 277 quo
1313 220 1368 262 P.
1392 219 1448 264 R.
1470 227 1670 264 crateram

274 293 437 349 fecerat
467 297 512 333 et
544 304 643 333 eam
670 289 868 345 Apolloni
891 289 1072 344 Delphos
1092 289 1270 340 miserat,
1295 295 1342 330 ut
1361 296 1415 330 est
1437 289 1671 331 testimonio

288 361 409 403 index
430 359 606 401 tabella.-
636 358 744 415 qaod
761 358 921 414 quidem
942 372 1087 398 aarum
1110 357 1304 398 dederant
1323 361 1526 399 matronae
1547 370 1672 398 orna·

290 430 351 470 tui
385 429 588 482 demptum
618 442 704 479 suo,
736 434 783 467 ut
813 433 951 467 votum
982 426 1202 466 solveretur
1224 425 1466 479 Apolloni:
1497 425 1672 478 quidam

288 498 428 539 dicunt
447 496 494 537 de
513 510 556 536 eo
571 497 710 550 potius
731 509 810 535 esse
830 493 1138 550 intelligendum
1152 493 1268 548 quod
1290 494 1557 534 contulerunt
1577 491 1672 532 olim

287 572 480 606 matronas
499 564 556 605 ad
579 562 828 618 Capitolium
862 575 888 604 a
926 562 1071 604 Gallis
1100 559 1307 603 Sononz'b.
1339 559 1609 601 liberandum.
1629 558 1675 600 id

281 640 421 688 postea
437 632 454 657 ⁶
475 632 678 673 redditum
696 633 762 671 est
781 643 808 671 a
827 629 988 684 populo
1013 629 1216 670 Romano.

232 702 438 750 Matula,a
460 713 539 741 vas
559 700 713 741 urinae.

1491 695 1672 749 [PAUL.

230 769 481 810 Mavortem
496 767 512 789 '³
532 766 673 821 poetae
696 766 848 807 dicunt
870 764 1071 806 Martem.

232 836 444 877 Maximae
461 842 475 858 ⁰
528 834 790 886 dignationis
832 832 1015 873 Flamen
1059 833 1204 873 Dialis
1243 836 1311 872 est
1349 831 1461 872 inter
1509 831 1674 884 [FEST.

288 903 543 956 quindecim
565 901 805 950 Flamines‚
838 903 880 940 et
907 912 1006 940 cum
1037 899 1170 940 ceteri
1193 899 1444 940 discrimina
1465 898 1675 951 majesta-

288 971 345 1012 tis
377 983 469 1012 suae
497 969 700 1018 habeant,
732 967 901 1008 minimi
919 967 1106 1008 habetur
1120 972 1135 997 ⁷
1158 967 1428 1016 Pomonalis,
1448 965 1567 1020 quod
1589 965 1677 1006 Po-

284 1051 414 1079 mona
432 1037 662 1079 levissimo
681 1034 841 1077 fructui
863 1047 1063 1088 agrorum
1086 1034 1292 1088 praesidet
1312 1034 1474 1087 pomis.

231 1106 478 1147 Maximam
499 1101 712 1146 hostiamd
732 1102 836 1144 ovili
865 1101 1039 1155 pecoris
1060 1102 1356 1155 appellabant,
1378 1115 1464 1142 non
1495 1101 1677 1155 [PAUL-

288 1174 343 1214 ab
365 1172 653 1226 amplitudine
675 1170 893 1224 corporis;
925 1169 1002 1210 sed
1030 1170 1086 1210 ab
1108 1170 1255 1210 animo
1277 1169 1531 1223 placidiore.

233 1241 422 1282 Maximi
462 1239 639 1281 annales
654 1245 667 1261 ·
709 1236 1054 1292 appellabantur,
1095 1249 1180 1277 non
1222 1235 1544 1288 magnitudine3
1592 1234 1672 1275 sed

834 1341 1075 1355 oeaeoeeeeeoee

272 1429 292 1456 6
316 1424 483 1456 Ed.Scal.
506 1423 708 1459 liberandum,
733 1422 766 1452 id
795 1425 840 1452 est
865 1424 983 1461 postea,
1013 1422 1130 1460 &sm—7
1154 1420 1163 1436 ‘
1182 1421 1273 1460 Lege
1298 1420 1434 1450 minimae
1461 1419 1600 1457 liabetur,
1623 1421 1676 1459 ᾃσ.

230 1478 366 1508 nempe,
387 1467 533 1498 minimae
550 1465 768 1505 dignationis.
814 1465 854 1495 In
873 1468 955 1494 vett.
972 1463 1052 1495 libb.
1069 1463 1216 1494 minime.’
1245 1464 1328 1494 Dac.
1372 1462 1435 1492 Ed.
1452 1462 1539 1493 scal.
1558 1462 1679 1494 minimi

230 1511 389 1542 habeatur.

884 1579 1025 1613 NOTAE

272 1667 286 1683 ⁸
309 1661 451 1701 IlIatuta]
487 1659 576 1691 Vide
600 1661 609 1676 ‘
627 1657 806 1690 Matellio.’
830 1657 928 1689 Idem.

271 1714 286 1735 b
311 1711 502 1752 Mauortem]
532 1710 622 1741 Vide
659 1708 851 1741 ‘Mamer-s:
878 1709 928 1739 Id.

272 1768 285 1784 ⁰
310 1763 479 1803 Maximoe]
509 1761 600 1792 Vide
627 1760 745 1792 ‘Ordo
771 1758 927 1790 sacerdo-

229 1818 301 1845 tum
313 1814 332 1843 :¹
350 1818 384 1843 et
395 1813 512 1843 deceni
526 1812 710 1842 Flainiuum
723 1811 857 1841 nomina
872 1819 928 1849 po-

229 1864 399 1895 nitVarro
411 1862 468 1893 lib.
484 1871 531 1892 ιν.
543 1867 576 1892 et
589 1870 640 1893 vi.
652 1861 693 1891 de
709 1862 838 1900 Lingua
852 1860 928 1891 Lat.

229 1914 355 1953 Dialis,
373 1913 552 1952 Martialis,
575 1911 777 1950 Quirinalis,
804 1911 927 1941 Volca-

230 1965 328 2000 nalis,
352 1963 572 1997 Volturnalis,
608 1962 804 1999 Palatualis‚
834 1961 928 1992 Furi-

229 2016 324 2053 nalis,
353 2015 507 2048 Floralis,
535 2014 690 2051 Falacer,
721 2011 929 2042 Pomonalis.

230 2065 329 2096 Adde
361 2064 611 2096 Carmentalem
641 2072 683 2093 ex
709 2062 873 2092 Cicerone
897 2061 929 2091 in

228 2116 351 2155 Bruto,
363 2114 616 2146 Portuninalem
639 2122 680 2143 ex
708 2112 821 2149 Festo,
846 2110 930 2141 Per-

228 2166 337 2196 sillum
366 2164 549 2195 Virbialem
583 2173 625 2194 ex
641 2162 836 2193 marmoreis
861 2171 929 2191 mo-

230 2215 422 2246 numentis:
455 2215 536 2244 item
566 2211 645 2243 Divi
671 2211 766 2249 Julii,
791 2216 825 2241 et
850 2210 928 2240 Divi

229 2265 377 2306 Augusti
394 2274 435 2295 ex
452 2263 590 2297 eisdem,
613 2266 649 2293 et
670 2271 783 2292 eorum
800 2265 928 2301 tempo·

231 2325 302 2346 rum
319 2315 470 2346 historia.
495 2314 575 2345 Ant.
592 2312 675 2352 Aug.

276 2366 426 2397 Maoez'moe
440 2363 648 2405 dignationis]
662 2362 747 2394 Vide
763 2368 771 2380 ‘
784 2361 928 2402 majores

232 2415 421 2447 Flamines.'
445 2416 525 2447 Dac.

274 2464 288 2484 d
311 2466 485 2497 Maximam
513 2464 660 2504 hostiam]
700 2463 856 2494 Victimae
885 2463 926 2494 de

232 2515 412 2555 majoribus
429 2515 624 2546 animalibus
641 2515 851 2549 dicebantur,
864 2514 926 2544 lioc

234 2568 297 2602 cst,
323 2565 493 2603 armentis,
516 2565 615 2595 etiam
643 2565 668 2595 si
694 2564 860 2594 lactentes
877 2573 925 2593 es-

233 2617 330 2645 sent:
356 2613 472 2644 hostiae
490 2613 532 2644 de
555 2614 752 2649 minoribus,
782 2613 882 2643 etiam
906 2613 931 2643 si

969 2161 1151 2204 ‚Oratore:

983 1656 1104 1698 opimae
1120 1656 1171 1687 καὶ
1187 1655 1316 1687 τέλειαι.
1333 1655 1429 1686 Inter
1441 1654 1592 1686 victimas
1610 1659 1679 1686 tau·

982 1717 1036 1738 rus
1055 1706 1252 1747 praestabat.
1270 1706 1444 1747 Virgilius,
1459 1705 1468 1722 ‘
1481 1710 1516 1735 et
1533 1705 1680 1736 maxima

982 1763 1098 1789 taurus
1124 1757 1295 1793 Victima‚’
1330 1758 1420 1788 inter
1443 1756 1566 1786 hostias
1597 1756 1682 1794 ovis,

982 1814 1020 1840 ut
1046 1809 1099 1839 hic
1131 1808 1236 1843 vides,
1263 1812 1299 1839 et
1325 1807 1411 1838 ratio
1437 1807 1609 1847 postulat:
1645 1806 1680 1836 in

984 1859 1144 1899 gregibus
1169 1860 1270 1895 enim,
1296 1859 1369 1899 quis
1396 1867 1471 1888 sues
1498 1863 1533 1888 et
1560 1866 1680 1898 capras

985 1908 1146 1949 praeferat
1173 1909 1315 1940 ovibus?
1347 1917 1427 1948 ergo
1452 1907 1594 1938 maxima
1612 1907 1678 1938 vic-

984 1959 1077 1995 tima,
1105 1965 1240 1990 taurus:
1280 1959 1425 1989 maxima
1454 1957 1575 1994 hostia,
1598 1957 1680 1988 ovis.

985 2011 1071 2041 Haec
1093 2017 1145 2042 est
1168 2011 1267 2051 ratio,
1283 2020 1348 2041 non
1367 2018 1464 2050 quam
1483 2006 1580 2038 affert
1595 2008 1679 2038 Ver-

985 2061 1064 2100 rius,
1078 2066 1135 2092 aut
1153 2062 1284 2091 Festus.
1307 2060 1377 2089 Jos.
1394 2059 1477 2089 Scal.

1024 2116 1039 2132 Ε
1063 2111 1200 2141 Maximi
1229 2110 1369 2149 annales]
1418 2108 1529 2139 Cicer.
1561 2116 1599 2137 ιι.
1636 2107 1677 2138 de

1192 2165 1201 2178 ‘
1214 2161 1299 2190 Erat
1325 2159 1412 2189 enim
1442 2157 1583 2189 historia
1598 2158 1680 2188 nihil

983 2211 1085 2249 aliud,
1101 2210 1164 2241 nisi
1184 2211 1354 2241 annalium
1371 2207 1540 2240 confectio
1557 2219 1564 2238 :
1581 2209 1679 2249 cujus

984 2261 1044 2299 rei,
1068 2261 1303 2301 memoriaeque
1329 2259 1465 2300 publice
1491 2259 1679 2289 retinendae

982 2322 1092 2346 causa,
1103 2312 1144 2342 ab
1154 2311 1250 2342 initio
1263 2320 1373 2341 rerum
1388 2311 1613 2340 Romanarum
1625 2318 1679 2339 us·

982 2372 1045 2403 que
1061 2362 1102 2392 ad
1117 2362 1156 2392 P.
1169 2362 1332 2398 Mucium,
1349 2358 1553 2391 Pontificem
1574 2358 1679 2388 maxi-

983 2422 1083 2446 mum,
1101 2421 1154 2442 res
1168 2421 1283 2442 omnes
1297 2410 1503 2449 singulorum
1517 2416 1677 2437 annorum

983 2462 1165 2492 mandabat
1192 2461 1295 2491 literis
1323 2458 1485 2490 Pontifex
1502 2457 1676 2495 maximus,

984 2512 1221 2551 referebatque
1240 2512 1270 2541 in
1284 2511 1404 2545 album,
1416 2514 1449 2538 et
1467 2507 1679 2548 proponebat

984 2563 1130 2594 tabulam
1144 2562 1247 2601 domi,
1260 2565 1407 2601 potestas
1421 2563 1457 2589 ut
1473 2563 1559 2588 esset
1575 2567 1680 2597 popu-

988 2615 1018 2644 lo
1032 2612 1276 2653 cognoscendi:
1303 2612 1324 2642 ii
1337 2609 1501 2651 quietiaui
1517 2618 1605 2638 nunc
1620 2617 1677 2638 an-
