1835 2906
376 146 439 175 DE
473 142 747 174 VERBORUM
782 136 1194 171 SIGNIFIGATIONE
1227 136 1320 167 LlB.
1353 135 1426 165 XI.

1550 123 1636 165 375

245 241 346 282 dam
361 246 390 264 ¹¹
429 239 736 287 obtinueruut3
768 235 838 277 vel
875 232 993 287 quod
1026 232 1071 273 in
1107 245 1162 273 ea
1194 231 1343 272 multae
1374 241 1636 283 magnaeque

244 309 446 349 civitates
464 307 641 347 fuerunt
660 317 718 345 ex
739 301 916 344 Graecia
936 299 1160 354 profectae.

189 375 340 429 Major
356 374 637 427 magistratus
655 371 669 395 b
691 371 846 413 consul
868 368 1044 410 dicitur.

190 443 338 496 Major
353 455 482 484 socer
499 447 513 463 ⁰
543 441 694 482 uxoris
715 452 823 480 meae
840 449 1049 490 proavus.

190 510 338 564 Major
359 523 512 551 socrus
535 508 690 549 uxoris
710 518 821 547 mcae
843 504 1040 558 proavia.

190 576 361 618 Minora
379 578 549 632 itemque
564 576 728 630 majora
750 569 987 626 auspicia?
1006 583 1104 625 quae
1122 568 1328 616 dicantur,
1345 564 1454 605 docet
1477 564 1536 617 [F
1544 573 1643 604 EST.

796 693 915 706 eeeeee

234 755 271 783 11
298 753 377 785 Ver.
403 753 461 784 lib.
487 754 571 783 olim.

919 691 1035 704 eeeeee

844 815 985 848 NOTAE

190 882 249 919 ait,
273 891 345 913 eam
363 892 382 913 a
399 881 556 913 Romanis
573 881 620 912 ita
637 880 778 919 dictam,
798 881 888 921 quod

192 934 328 974 propior
344 938 436 964 esset
462 933 522 971 eis,
545 942 644 973 quam
663 931 890 963 transmarina

192 984 351 1023 Graeciu3
376 984 553 1014 ridiculum
570 983 657 1014 enim
682 983 728 1013 sit
750 982 890 1013 duarum

192 1034 324 1065 urbium
349 1034 584 1073 cognominum
608 1034 750 1064 alteram
768 1042 890 1063 vocare

191 1085 366 1125 majorem,
391 1083 478 1124 quod
494 1093 510 1113 a
524 1083 620 1113 uobis
635 1082 772 1122 propior
789 1082 889 1113 absit.

191 1134 358 1166 Peccavit
386 1134 490 1174 igitur
515 1133 680 1173 Scaliger,
704 1137 739 1163 et
767 1133 888 1163 iterum

191 1187 306 1226 etiam,
330 1195 404 1216 cum
421 1185 469 1216 ait
488 1194 507 1214 a
524 1184 682 1214 Romanis
699 1184 746 1214 ita
763 1183 889 1214 dictam

190 1235 304 1266 fuisse.
359 1235 447 1265 Nam
473 1238 602 1264 certum
630 1238 684 1264 est
711 1243 729 1263 a
758 1233 890 1264 Graecis

191 1285 271 1325 ipsis
287 1294 407 1315 nomeu
431 1283 589 1323 inditum,
615 1283 767 1324 adeoque
784 1283 824 1314 ab
842 1284 891 1323 ip-

190 1336 235 1366 sis
261 1336 424 1376 majorem
453 1335 626 1366 Graeciam
656 1339 824 1373 vocatam,
856 1339 893 1365 ut

190 1387 297 1427 ipsius
315 1387 377 1417 soli
395 1385 630 1427 praestantiam
648 1384 891 1424 significarent.

191 1437 384 1478 Utrumque
414 1436 532 1476 probat
560 1436 648 1466 Pliu.
666 1445 740 1465 cum
757 1435 891 1466 Italiam

191 1487 370 1518 dilaudans
388 1488 432 1518 ita
449 1487 588 1517 scribit:
614 1485 708 1526 ‘Ipsi
726 1485 768 1516 de
786 1495 823 1516 ea
835 1486 891 1526 ju-

192 1538 350 1570 dicavere
382 1538 509 1577 Graeci‚
543 1547 648 1577 genus
682 1537 715 1567 in
751 1536 892 1577 gloriam

192 1599 286 1620 suam
311 1587 558 1622 effusissimum,
594 1590 730 1627 quotam
761 1593 892 1625 partem

192 1649 233 1669 cx
251 1649 290 1670 ea
305 1638 510 1679 appellando
527 1646 682 1677 maguam
696 1636 893 1667 Graeciam?

195 1689 277 1719 Duc.

236 1739 249 1759 ὓ
273 1738 378 1777 Major
391 1738 613 1779 magistratus]
639 1737 753 1768 Graeci
771 1742 895 1768 vocant

195 1789 323 1829 ὕπατον,
348 1789 442 1830 quasi
466 1788 559 1819 dicas
585 1798 762 1819 summum.
809 1787 893 1818 Nul-

193 1841 261 1871 lum
276 1840 365 1870 euim
377 1840 474 1870 altius
488 1838 671 1879 Imperium
687 1838 803 1868 Romae
817 1836 892 1868 fuit.

195 1891 298 1922 Ovid.
317 1891 374 1922 lib.
393 1900 441 1921 iv.
459 1890 501 1921 de
521 1891 644 1924 Ponto,
671 1889 723 1920 El.
741 1891 772 1919 2.
798 1892 807 1906 ‘
821 1889 893 1919 nul-

194 1943 260 1972 lum
288 1942 413 1973 Martia
438 1951 568 1972 summo
586 1940 697 1972 Altius
714 1940 892 1980 imperium

193 1994 330 2024 consule
348 1993 455 2023 Roma
472 1991 588 2022 videt.'
612 1992 709 2022 Idem.

237 2048 249 2063 ⁰
278 2043 382 2081 Major
396 2043 496 2083 socer]
523 2042 612 2073 Vide
636 2041 822 2081 ‘majorem
841 2050 894 2072 so-

194 2092 313 2124 crum?
336 2093 416 2124 Dae.

236 2143 250 2164 ‘¹
266 2144 391 2182 Majora
402 2143 555 2184 auspicia]
576 2143 626 2174 Ex
640 2142 725 2173 libro
738 2143 788 2173 M.
804 2142 894 2172 Mes-

195 2196 273 2226 salae
286 2195 433 2236 Auguris
448 2194 490 2225 de
505 2195 663 2234 auspiciis
679 2194 787 2233 primo
805 2193 895 2233 apud

195 2247 342 2277 Gellium
361 2247 417 2276 lib.
436 2255 519 2277 xm.
537 2255 613 2285 cap.
633 2247 681 2275 14.
704 2245 777 2275 liaec
800 2244 894 2275 Festi

196 2299 300 2330 verba
317 2299 499 2338 intelliges.
539 2298 765 2329 Patricioruni
784 2297 894 2337 auspi-

195 2351 248 2380 cia
271 2349 303 2379 iu
335 2349 416 2378 duas
440 2353 518 2378 sunt
545 2352 732 2387 potestates
759 2347 892 2378 divisa:

197 2399 343 2430 maxima
364 2402 443 2428 suut
468 2398 663 2435 Consulum,
689 2397 895 2437 Praetorum‚

198 2451 402 2485 Censorium
421 2448 625 2487 reliquorum
638 2447 898 2485 magistratuum

196 2502 329 2532 minora
346 2503 423 2529 sunt
438 2497 609 2537 auspicia:
635 2497 711 2527 ideo
729 2496 775 2527 illi
793 2497 898 2527 mino-

196 2562 264 2591 reS,
281 2551 310 2582 lii
328 2551 470 2590 majores
489 2548 707 2588 magistratus
725 2548 898 2588 appellan-

197 2608 263 2634 tur.
309 2603 317 2618 ‘
334 2600 467 2640 Majora
484 2603 595 2629 autem
612 2598 772 2628 dicuutur
788 2599 897 2638 auspi-

199 2653 254 2683 cia
269 2650 415 2690 liabe1·e‚’
439 2650 548 2691 iuquit
566 2649 709 2688 Gellius,
724 2650 732 2665 ‘
747 2649 824 2690 quia
841 2658 894 2679 eo-

199 2712 269 2735 rum
288 2701 435 2742 auspicia
457 2700 560 2741 magis
584 2704 655 2730 rata
681 2704 769 2736 suut,
795 2709 893 2741 quam

944 877 1110 910 aliorum.'
1132 875 1211 907 Ant.
1228 873 1312 913 Aug.

989 930 1113 968 Majora
1128 925 1281 967 auspicia]
1310 923 1372 955 His
1397 922 1443 954 ita
1467 920 1645 952 restituen=

945 980 995 1011 dis
1013 979 1091 1009 milii
1110 978 1194 1008 viam
1211 975 1370 1007 fecerunt
1394 983 1468 1015 quae
1490 982 1534 1003 ex
1559 971 1647 1002 libro

947 1029 1104 1061 Messalae.
1123 1027 1271 1068 Auguris
1288 1026 1330 1056 de
1349 1024 1509 1065 auspiciis
1538 1023 1648 1063 primo

947 1080 1036 1121 apud
1054 1079 1203 1111 Gellium
1222 1078 1380 1116 leguntur
1396 1075 1456 1105 lib.
1474 1082 1558 1105 xiii.
1572 1082 1649 1113 cap.

948 1133 1000 1161 14.
1035 1130 1043 1146 ‘
1062 1129 1289 1160 Patriciorum
1319 1125 1472 1166 auspicia
1501 1124 1535 1154 in
1564 1123 1650 1154 duas

947 1185 1023 1210 suut
1049 1183 1238 1220 potestates
1259 1176 1390 1207 divisa:
1415 1174 1559 1206 maxima
1572 1177 1650 1204 suut

948 1231 1145 1264 Consulum,
1191 1229 1395 1266 Praetorum,
1440 1225 1648 1262 Censorum;

948 1281 1154 1321 reliquorum
1201 1278 1462 1317 magistratuum
1516 1274 1651 1305 minora

948 1335 1026 1362 sunt
1043 1329 1207 1371 auspicia.
1253 1328 1338 1358 Ideo
1363 1326 1411 1357 illi
1440 1325 1596 1366 majores,
1617 1324 1651 1354 hi

947 1382 1095 1412 minores
1135 1379 1364 1420 Magistratus
1408 1373 1652 1417 appellantur.’

950 1434 994 1464 Et
1021 1437 1150 1474 postea,
1174 1441 1228 1462 me
1256 1439 1321 1461 non
1339 1438 1461 1460 vanum
1478 1427 1653 1468 conjecto-

948 1493 1018 1514 rem
1036 1483 1141 1513 fuisse
1158 1481 1270 1521 reperi
1290 1489 1332 1510 ex
1349 1477 1494 1516 schedis,
1510 1476 1568 1508 ubi
1583 1486 1652 1507 om-

948 1534 1004 1565 nia
1020 1533 1061 1564 ad
1077 1532 1228 1563 verbum.
1258 1530 1393 1570 Majora
1411 1533 1523 1560 autem
1541 1527 1651 1567 auspi-

949 1585 1001 1616 cia
1028 1584 1154 1615 habere
1178 1582 1353 1620 dicuntur,
1377 1579 1488 1620 inquit
1506 1578 1653 1616 Gellius,

949 1635 1027 1677 quia
1043 1643 1157 1665 eorum
1176 1631 1331 1673 auspicia
1346 1628 1455 1670 magis
1475 1633 1546 1659 rata
1574 1632 1654 1659 sunt

949 1696 1049 1728 quam
1066 1686 1219 1716 aliorum.
1264 1683 1309 1713 Et
1332 1682 1411 1712 inde
1433 1681 1542 1711 lucem
1558 1679 1654 1719 capit

949 1737 1030 1768 illud
1048 1736 1167 1776 Virgil.
1184 1744 1241 1766 111.
1263 1731 1397 1764 AEneid.
1422 1731 1432 1748 ‘
1449 1731 1542 1762 Nate
1566 1730 1654 1768 Dea,

948 1798 1025 1819 nam
1054 1793 1086 1819 te
1110 1785 1294 1827 majoribus
1319 1784 1367 1814 ire
1382 1791 1445 1823 per
1461 1781 1566 1813 altum
1585 1781 1653 1812 Au-

950 1839 1065 1879 spiciis
1082 1835 1262 1868 manifesta
1277 1832 1387 1865 fides.'
1425 1832 1500 1863 Etsi
1515 1832 1654 1863 Servius

950 1888 1126 1929 Mujoribus
1173 1887 1423 1926 iuterpretatur
1459 1882 1653 1918 coelestz'hus;

948 1949 988 1970 eo
1005 1939 1094 1981 quod
1120 1937 1320 1978 auspicium,
1342 1934 1430 1976 quod
1446 1933 1489 1964 de
1503 1933 1588 1964 coelo
1604 1942 1656 1963 es-

948 1995 1010 2029 set,
1025 1989 1128 2020 verbo
1141 1987 1316 2027 Augurum
1332 1984 1471 2026 proprio
1484 1983 1654 2015 maximum

949 2039 1138 2072 dicebatur.
1198 2038 1265 2069 Sed
1299 2045 1372 2067 mea
1412 2034 1654 2075 interpretatio

950 2092 1029 2122 milii
1045 2090 1179 2122 videtur
1196 2088 1320 2130 purior.
1367 2087 1412 2117 Et
1429 2085 1493 2116 huc
1513 2094 1654 2124 respex-

951 2143 1017 2173 isse
1048 2141 1185 2172 videtur
1208 2137 1385 2176 Horatius,
1408 2145 1483 2167 cum
1515 2134 1654 2173 cecinit,

952 2192 1019 2223 011.
1036 2195 1068 2223 6.
1086 2192 1142 2222 lib.
1159 2199 1208 2221 1v.
1231 2190 1239 2206 ‘
1258 2189 1302 2220 Ni
1328 2187 1394 2218 tuis
1415 2186 1524 2216 victus
1540 2184 1653 2216 Vene-

952 2243 1065 2284 risque
1090 2245 1196 2282 gratae
1224 2238 1376 2269 Vocibus
1402 2236 1527 2268 Divum
1555 2240 1655 2275 pater

950 2293 1124 2324 annuisset
1150 2290 1264 2322 Rebus
1281 2288 1397 2319 AEueae
1413 2286 1544 2327 potiore
1570 2285 1653 2316 duc-

952 2349 1005 2375 tos
1036 2343 1130 2374 Alite
1155 2339 1289 2372 muros-¹
1360 2336 1459 2370 Quod
1487 2336 1654 2376 Virgilius

953 2395 1088 2426 dixerat
1122 2391 1331 2432 ‘majoribus
1363 2387 1548 2429 auspiciis‚'
1580 2388 1653 2429 ipse

953 2447 1039 2476 dixit
1062 2447 1070 2462 ‘
1086 2443 1218 2485 potiore
1244 2440 1349 2472 alite!
1396 2439 1518 2480 Neque
1542 2439 1654 2480 Virgi-

955 2498 1033 2527 lium
1052 2496 1171 2526 mclius
1188 2502 1284 2535 quam
1313 2501 1375 2532 per
1400 2489 1592 2526 Horatium,
1616 2495 1655 2522 ut

953 2552 1071 2578 contra
1108 2544 1288 2576 Horatium
1326 2541 1443 2572 melius
1480 2550 1653 2582 nunquam

949 2608 1049 2639 quani
1067 2606 1128 2638 per
1146 2595 1340 2636 Virgilium,
1359 2592 1462 2634 possis
1481 2592 1651 2632 interpre-

952 2650 1027 2681 tari.
1057 2649 1139 2680 Dae.
