1835 2906
212 120 296 162 162

657 130 805 161 SEXTI
839 129 1036 159 POMPEH
1073 128 1207 159 FESTI

269 237 489 267 sacrarum
509 223 670 265 aedium
689 237 766 278 per
787 237 922 266 annos
944 223 1159 276 singulos,
1180 228 1229 264 ut
1250 235 1325 276 per
1345 235 1421 264 eos
1448 235 1649 263 numerus

269 293 546 345 colligeretur
563 305 789 333 annorum.

212 357 453 401 Clientam‘
471 371 551 412 pro
571 359 726 399 cliente
748 358 934 400 Plautus
955 358 1082 400 dixit.

214 427 451 480 Clingere,g
473 427 658 479 cingere,
681 439 708 467 a.
727 425 888 467 Graeco
913 425 1072 466 κλείειν4
1092 426 1178 467 dici
1200 425 1479 466 manifestum
1499 428 1582 466 est.

214 494 406 536 Clitellae
424 494 437 515 '¹
460 494 663 535 dicuntur
679 505 766 534 non
789 498 956 534 tantum
978 507 1059 543 eae,
1075 494 1236 546 quibus
1255 492 1436 533 sarcinae
1457 492 1652 544 conliga-

269 565 325 602 tae
358 561 489 601 mulis
518 564 757 613 portantur,
781 559 859 603 sed
892 560 1023 601 etiam
1051 561 1182 601 locus
1206 559 1365 600 Romae
1396 560 1571 612 propter
1594 558 1651 598 si-

267 626 586 668 militudinem:
620 626 728 666 etin
751 626 823 665 via
852 625 1073 667 Flaminia
1111 627 1213 667 loca
1242 625 1447 679 quaedam
1478 623 1652 663 devexa

268 693 458 735 subinde
479 697 522 734 et
540 693 733 734 accliva:
768 699 838 732 est
857 693 988 734 etiam
1008 694 1211 735 tormenti
1238 705 1375 747 genus
1399 690 1554 732 eodem
1574 702 1651 730 no-

265 762 378 802 mine
399 761 684 814 appellatum.

212 826 378 869 Cliviai
411 826 613 880 auspicia
643 825 865 873 dicebant,
901 838 1001 878 quae
1027 824 1195 879 aliquid
1215 825 1308 865 fieri
1328 823 1649 877 prohibebant:

815 944 931 956 eeeeee

251 1016 271 1046 4
293 1013 383 1044 Vide
399 1011 507 1044 Notas
524 1010 584 1043 int'.

936 944 1052 956 eaeo»

858 1100 999 1133 NOTAE

208 1168 265 1200 lib.
293 1177 356 1200 νιι.
387 1177 459 1209 cap.
477 1172 508 1199 3.
547 1168 642 1199 ‘Lex
674 1169 806 1198 vetusta
837 1172 901 1204 est,

207 1219 326 1258 priscis
354 1219 461 1249 literis
491 1218 668 1258 verbisque
696 1218 835 1257 scripta,
863 1222 901 1247 ut

206 1269 261 1309 qui
281 1269 413 1300 Praetor
430 1269 591 1299 maximus
615 1267 659 1298 sit
684 1266 795 1297 idibus
817 1266 899 1306 Sep—

206 1317 392 1348 tembribus
406 1318 536 1349 clavum
551 1321 687 1357 pangat.
716 1317 820 1346 Fixus
838 1315 901 1346 fuit

206 1368 328 1399 dextro
344 1368 442 1399 lateri
459 1367 552 1399 AEdis
574 1367 670 1398 Jovis
696 1366 780 1407 Opt.
806 1366 899 1397 Max.

205 1426 246 1448 ea
273 1427 314 1449 ex
340 1423 437 1458 parte
461 1428 527 1458 qua
549 1418 713 1448 Minervae
736 1417 898 1456 templum

204 1472 266 1498 est.
314 1469 399 1499 Eum
421 1469 564 1506 clavum,
581 1468 659 1508 quia
682 1476 766 1497 rarae
785 1475 844 1506 per
860 1475 900 1496 ea

205 1523 357 1558 tempora
372 1519 481 1549 literae
499 1522 610 1557 erant,
632 1520 744 1548 notam
767 1517 898 1547 numeri

205 1577 364 1598 annorum
381 1568 484 1599 fuisse
501 1567 632 1598 ferunt:
649 1576 755 1608 eoque
770 1568 898 1598 Miner-

203 1627 254 1648 vae
273 1618 400 1657 templo
424 1617 568 1648 dicatam
592 1618 715 1657 legem,
739 1616 816 1656 quia
838 1626 898 1647 nu-

202 1676 314 1697 merus
331 1667 496 1697 Minervae
518 1667 689 1697 inventum
717 1666 772 1697 sit.
816 1666 897 1697 Vol-

204 1716 295 1746 siniis
321 1725 452 1756 quoque
480 1716 593 1746 clavos
620 1715 744 1746 indices
767 1715 897 1746 numeri

204 1775 364 1797 annorum
402 1766 485 1796 fixos
519 1766 552 1795 in
584 1766 711 1805 templo
751 1765 897 1804 Nortiae,

203 1816 357 1847 Etruscae
366 1817 680 1855 Deae‚comparere,
692 1816 837 1856 diligens
846 1820 896 1847 ta-

202 1866 281 1896 lium
310 1865 590 1896 monimentorum
615 1870 735 1896 auctor
760 1866 894 1897 Cincius

203 1914 371 1946 affirmat.'
415 1915 504 1945 Item
522 1915 600 1945 alibi
617 1926 622 1942 t
652 1916 660 1930 ‘
673 1915 726 1945 Ab
744 1915 895 1946 Consuli-

201 1964 263 1996 bus
281 1968 399 2005 postea
415 1964 456 1995 ad
475 1964 683 2000 Dictatores,
698 1965 775 2003 quia
790 1965 895 2004 majus

201 2016 379 2054 imperium
403 2018 488 2051 erat,
512 2015 650 2045 solenne
667 2014 788 2054 figendi
807 2015 893 2045 clavi

200 2064 399 2095 translatum
430 2063 502 2095 est.’
548 2064 670 2104 Neque
698 2065 803 2095 solum
835 2073 895 2104 pro

200 2123 338 2146 numero
375 2123 536 2146 annorum
568 2115 685 2144 clavus
714 2113 894 2154 figebatur.

200 2164 267 2194 Sed
285 2164 407 2204 piaculi
423 2164 523 2195 etiam
540 2173 653 2199 causa,
669 2174 745 2195 cum
761 2164 894 2195 scilicet

201 2214 269 2243 sive
300 2213 493 2253 pestilentia
523 2214 676 2253 quaedam
713 2212 895 2251 inciderat,

201 2264 270 2294 sive
287 2263 433 2294 secessio
456 2264 583 2304 populi,
607 2263 676 2294 sive
704 2262 894 2302 prodigium

200 2312 335 2353 aliquod
353 2323 464 2353 grave.
503 2313 593 2343 Vide
612 2313 739 2344 Livium
754 2313 811 2344 lib.
829 2322 895 2343 νιι.

201 2370 276 2401 cap.
293 2365 325 2393 3.
341 2368 375 2393 et
390 2363 447 2394 lib.
462 2372 544 2394 νιιι.
561 2372 636 2402 cap.
655 2365 706 2393 18.
731 2363 828 2393 Idem.

243 2409 256 2429 f
277 2411 445 2453 Clientam]
464 2413 579 2444 Plaut.
595 2412 779 2444 inMilite:
805 2412 894 2444 ‘Ha-

199 2460 263 2491 beo
276 2470 357 2492 ecce
373 2462 462 2493 illam
479 2463 637 2494 clientam
654 2472 773 2498 meam,
785 2472 893 2494 mere-

202 2510 320 2541 tricem
337 2510 647 2543 adolescentulam?
671 2513 748 2543 Ant.
766 2512 851 2552 Aug.

245 2560 413 2600 clientum]
439 2560 552 2592 Plaut.
569 2562 642 2592 Mil.
664 2571 720 2593 ιιι.
736 2565 764 2592 1.
798 2562 890 2593 ‘Ha-

199 2610 263 2640 beo
287 2611 441 2641 eccillam
462 2619 568 2641 meam
586 2612 757 2647 clientam,
784 2621 889 2643 mere—

200 2660 319 2691 tricem
342 2660 649 2692 adolescentulam:
695 2662 739 2692 Et
766 2662 798 2693 in
826 2662 889 2693 Ar·

956 1170 1106 1205 gument.
1131 1165 1279 1207 ejusdem
1303 1164 1384 1196 Fab.
1409 1163 1530 1195 ‘Suam
1547 1163 1649 1194 clien-

956 1221 1022 1246 tam
1039 1215 1276 1247 solicitandum
1303 1215 1344 1246 ad
1371 1213 1508 1245 militem
1532 1213 1649 1244 subor-

955 1266 1038 1297 nat.'
1083 1267 1127 1298 Et
1148 1268 1180 1296 in
1202 1266 1333 1296 Poenul.
1362 1267 1501 1296 ‘tantus
1520 1263 1566 1294 ibi
1591 1263 1649 1293 cli—

954 1321 1109 1347 entarum
1126 1322 1202 1347 erat
1219 1313 1401 1346 numerus.’
1445 1314 1564 1344 Horat.
1582 1312 1650 1344 Od.

955 1370 1005 1398 18.
1025 1367 1043 1398 Ι.
1065 1376 1105 1398 ιι.
1130 1366 1227 1397 ‘Nec
1254 1365 1436 1396 Laconicas
1458 1363 1550 1401 mihi,
1568 1362 1649 1393 Tra-

953 1418 1036 1448 liuut
1052 1418 1201 1448 honest-12
1216 1425 1381 1456 purpuras
1395 1413 1552 1445 clientae.'
1568 1413 1649 1443 Dae.

995 1472 1011 1494 8
1058 1467 1218 1507 Clingere]
1265 1465 1412 1496 Omnino
1456 1462 1648 1503 legendum,

956 1518 1112 1557 Clingere,
1127 1518 1257 1548 cludere.
1282 1515 1417 1555 Alioqui
1434 1513 1562 1544 frustra
1575 1512 1648 1542 dix-

953 1568 1033 1598 isset
1049 1578 1067 1597 a
1085 1567 1210 1598 Graeco
1228 1565 1341 1596 κλείειν
1356 1572 1520 1595 manasse.
1559 1561 1649 1594 Quin

953 1617 1100 1647 Isidorus
1133 1616 1232 1657 plane
1266 1614 1467 1646 sententiam
1497 1617 1649 1643 nostram

954 1665 1101 1706 adjuvat.
1148 1667 1157 1683 ‘
1177 1665 1328 1706 Clingit‚’
1353 1664 1473 1705 inquit,
1497 1661 1649 1693 ‘cludit.’

951 1717 1021 1747 Jos.
1039 1717 1123 1748 Scal-

997 1767 1154 1805 Clingere.
1181 1766 1322 1806 cingere]
1360 1764 1508 1797 Omnino
1532 1764 1647 1804 legen-

950 1817 1028 1847 dum
1046 1818 1193 1856 elingere,
1206 1817 1338 1847 cludere.
1371 1814 1506 1856 Alioqui
1522 1813 1649 1845 frustra

950 1867 1092 1897 dixisset
1123 1876 1140 1896 a
1171 1867 1295 1897 Graeco
1334 1864 1447 1895 κλείειν
1479 1872 1646 1895 manasse.

949 1916 1075 1946 Tamen
1104 1916 1136 1946 in
1162 1916 1227 1946 Ms.
1254 1925 1320 1946 non
1347 1914 1461 1946 κλείειν
1487 1913 1547 1945 sed
1577 1923 1645 1952 twy-

950 1964 1087 2003 χλίζεινι
1106 1965 1194 2006 quod
1209 1971 1262 1996 est
1275 1965 1396 1996 crebro
1407 1963 1562 2004 corporis
1577 1973 1645 1994 mo-

951 2020 985 2045 tu
1010 2016 1214 2045 motacillam
1233 2015 1369 2046 imitari.
1417 2015 1503 2047 Quae
1521 2013 1547 2044 si
1567 2022 1645 2044 vera

949 2065 1063 2103 lectio,
1081 2064 1284 2104 turpiculum
1300 2062 1427 2103 aliquid
1446 2061 1554 2093 innuit
1570 2072 1644 2092 ver-

949 2113 1025 2143 bum
1041 2113 1187 2152 elingere.
1233 2111 1299 2143 Sed
1317 2111 1446 2142 dubito.
1484 2110 1592 2142 Immo
1608 2115 1644 2142 et

947 2164 1068 2193 cludere
1084 2167 1118 2192 et
1135 2161 1249 2192 κλείειν
1270 2159 1494 2191 retinendum.
1538 2160 1644 2193 Juvat

948 2211 1069 2242 Isidor.
1085 2215 1093 2228 ‘
1107 2211 1238 2250 elingit,
1255 2209 1383 2241 cludit.'
1406 2209 1487 2240 Dac-

990 2261 1003 2281 ὴ
1029 2262 1180 2302 Clitelloe]
1215 2260 1367 2292 Clitellas
1392 2260 1492 2290 etiam
1517 2268 1577 2299 pro
1594 2260 1641 2290 lo-

946 2312 994 2342 cis
1011 2312 1145 2343 acclivis
1165 2311 1280 2342 dicunt
1297 2309 1425 2341 Graeci.
1465 2309 1554 2340 Nam
1570 2320 1642 2339 καν-

945 2361 1049 2398 θήλιον
1064 2359 1235 2401 significat
1251 2369 1316 2390 non
1335 2363 1464 2390 tantum
1482 2359 1641 2396 clitellas,

945 2417 980 2443 et
1005 2416 1157 2452 sagmata
1182 2410 1362 2447 asinorum,
1386 2410 1445 2440 sed
1463 2410 1579 2449 etiam,
1603 2414 1641 2441 ut

945 2463 1028 2501 dixi,
1057 2461 1196 2493 acclivia
1226 2461 1307 2492 loca.
1355 2460 1444 2492 Quin
1475 2465 1510 2491 et
1539 2460 1640 2491 iidem

945 2512 1059 2543 Graeci
1077 2510 1186 2542 κλιτὺν
1201 2510 1317 2542 dicunt
1333 2510 1441 2541 locum
1466 2510 1499 2540 in
1516 2511 1639 2541 vallem

945 2562 1134 2593 demissum.
1181 2560 1211 2592 A
1242 2569 1307 2601 quo
1335 2559 1487 2590 Clitellas
1516 2558 1638 2590 forma-

944 2618 1023 2643 runt
1043 2611 1162 2643 Latini.
1186 2612 1253 2641 Jos.
1270 2609 1351 2640 Scal.

989 2660 1137 2701 Clieeuae]
1160 2660 1259 2691 Sellae
1284 2658 1479 2695 dorsuariae,
1496 2667 1570 2699 quae
1595 2657 1637 2689 ad
