1835 2906
202 124 286 165 102

662 135 809 167 SEXTl
847 137 1048 168 POMPEll
1084 137 1221 168 FESTI

202 228 424 270 Auritusm
461 244 488 271 a
519 232 690 284 magnis
721 233 903 273 auribus
934 233 1108 283 dicitur,
1139 238 1187 274 ut
1217 238 1319 276 sunt
1353 234 1575 275 asinorum
1605 238 1649 276 ct

256 297 455 350 leporum
475 311 485 338 :
517 298 631 339 alias
653 300 709 340 ab
730 299 938 341 audiendi
957 300 1180 342 facultate.

205 362 402 406 Azurumn
433 365 615 416 dictum,
637 368 743 420 quia
773 367 999 421 praecipue
1030 368 1291 410 custoditur.

1351 368 1511 410 Graece
1534 370 1650 410 enim

858 501 1000 533 NOTAE

204 585 257 604 κον
272 582 357 613 esse,
374 574 407 605 id
425 583 508 606 vero
526 584 682 616 pernego.
731 576 900 608 Aristote-

202 625 270 655 lem
287 624 376 655 enim
392 624 499 656 habeo
520 630 707 666 auctorem,
733 627 790 668 qui
808 628 898 667 apud

203 675 424 715 interpretem
440 675 613 716 Apollonii
632 682 738 717 negat
758 677 902 719 ὗρείχαλ-

204 736 260 755 κον
275 735 347 756 esse
364 726 396 756 in
410 735 522 757 rerum
536 731 668 757 natura.
694 727 900 769 Hesychius:

204 776 404 817 ὀρείχαλκον,
428 780 490 809 τῶν
512 777 579 814 εἶκῆ
601 778 818 817 διαδεδομένων
832 780 901 810 τοῦ-

205 842 295 868 νομα.
318 830 346 861 οἱ
359 829 392 860 δὲ
407 829 532 861 πλείους
545 829 694 870 ὑπάρχειν
709 830 812 862 αὐτόν.
834 830 902 861 ἔστι

204 880 237 911 δὲ
268 880 317 912 καὶ
348 880 407 917 ὕλη
433 879 522 918 ὁμοία
549 882 669 920 χαλκῷ.
714 882 801 912 Sane
826 880 903 918 ὕλην

203 931 310 969 ὁμοίαν
344 931 459 970 χαλκῷ
482 932 582 971 vulgo
615 941 773 962 vocamus
810 932 902 963 Leto·

204 992 296 1013 num:
331 987 366 1013 et
390 981 431 1012 de
454 991 493 1012 eo
520 981 690 1012 intellexit
712 981 901 1013 Horatius:

203 1031 318 1062 ‘Tibia
332 1041 411 1069 non,
424 1035 462 1062 ut
474 1040 573 1071 nunc,
585 1032 757 1062 orichalco
770 1031 903 1064 vincta.'

205 1082 274 1113 Sed
291 1081 375 1112 illud
392 1082 658 1112 commentitium
675 1082 904 1113 aurichalcum

206 1133 292 1163 tanti
308 1132 372 1163 fuit
388 1132 476 1172 apud
496 1133 652 1172 Veteres,
672 1138 718 1173 ut,
742 1143 817 1164 cum
831 1143 906 1164 nus·

207 1193 306 1223 quam
322 1188 424 1222 esset,
438 1188 551 1213 tamen
570 1184 663 1224 quasi
680 1189 785 1223 esset,
802 1184 907 1215 etiam

208 1244 291 1265 auro
304 1234 527 1265 excellentius
544 1234 740 1266 haberetur.
766 1235 803 1265 Id
816 1234 906 1275 quod

209 1295 251 1315 ex
264 1286 390 1316 Plauto
408 1285 654 1325 cognoscimus,
669 1287 726 1326 qui
743 1286 906 1316 aurichal-

208 1345 285 1366 cum
302 1335 407 1376 pluris
420 1335 515 1373 facit,
528 1346 626 1376 quam
639 1337 805 1367 talentum
822 1336 907 1368 auri.

208 1386 310 1418 Quod
328 1391 364 1418 et
381 1395 444 1416 non
463 1388 698 1427 praetermittit
719 1387 856 1418 Servius
875 1387 908 1418 in

209 1437 402 1477 Virgilium.
425 1437 493 1467 Jos.
507 1436 588 1468 Scal.

252 1487 488 1527 Aurichalcum]
512 1487 712 1519 Orichalcum
729 1488 819 1528 prius
836 1488 909 1519 dic-

208 1540 292 1575 tum,
309 1542 428 1577 postea
439 1548 456 1568 o
470 1547 566 1569 verso
581 1539 614 1568 in
625 1548 678 1576 uu,
689 1539 910 1578 aurichalcum,

209 1593 248 1618 ut
263 1587 306 1618 ab
323 1587 332 1604 ‘
346 1587 503 1628 osculor,’
525 1589 534 1605 ‘
548 1587 728 1620 ausculor.'
774 1590 820 1620 Et
836 1589 909 1620 haec

209 1638 390 1669 aurichalci
439 1639 669 1678 pronuntiatio
706 1638 834 1679 effecit,
872 1643 910 1671 ut

211 1698 315 1729 prave
332 1698 445 1720 omnes
462 1688 644 1720 crederent
661 1699 734 1720 esse
758 1699 800 1720 ex
828 1699 909 1720 auro

211 1744 247 1769 et
273 1738 395 1778 χαλκὸς
421 1749 514 1770 aere:
554 1740 836 1780 compositionem
866 1750 907 1770 ex

212 1799 305 1828 auro,
335 1799 416 1828 aere,
440 1795 475 1820 et
504 1790 644 1821 cadmea
670 1797 786 1830 terra;
811 1792 909 1832 quale

213 1841 314 1879 κρᾶμα
341 1841 374 1870 ἰη
399 1849 509 1870 rerum
541 1846 663 1871 natura
697 1849 799 1882 negat
833 1852 909 1873 esse

213 1891 428 1922 Aristoteles.
445 1891 644 1922 Orichalcum
657 1901 674 1921 a
688 1892 814 1924 Graeco
829 1893 908 1932 ὅρος,

212 1946 248 1972 et
260 1941 382 1980 χαλκὸς
395 1951 455 1976 aes,
473 1942 561 1982 quod
578 1952 596 1971 e
613 1943 783 1973 montibus
810 1953 911 1974 erua-

213 1998 282 2030 tur,
315 1993 414 2032 vulgo
447 2002 603 2023 vocamus
626 1991 800 2024 Letonum:
832 1993 911 2031 ὅλην

214 2042 320 2081 ὁμοίαν
335 2044 460 2082 χαλκῷ,
470 2043 645 2074 materiam
658 2052 740 2074 auro
756 2044 911 2084 similem,

214 2099 314 2125 vocat
343 2094 544 2135 Hesychius.
602 2095 653 2124 De
678 2103 718 2124 eo
743 2094 911 2126 intellexit

215 2145 338 2176 Horat.
363 2144 394 2175 in
420 2144 586 2175 Poetica:
624 2146 632 2160 ‘
648 2144 746 2174 Tibia
772 2155 850 2181 non,
874 2151 912 2176 ut

215 2205 316 2235 nuuc,
342 2194 513 2225 orichalco
530 2194 656 2234 vitu-ta,
674 2194 833 2236 tubaeque
855 2195 910 2226 ΙΕ-

216 2244 325 2276 mulas
385 2244 562 2275 Orichalci
578 2244 757 2274 mixturam
779 2244 828 2275 sic
852 2244 911 2275 de-

216 2295 336 2326 scribit
362 2295 487 2326 Strabo
519 2295 577 2326 lib.
602 2304 686 2325 xm.
713 2296 836 2335 ‘Lapis
860 2300 912 2328 est

217 2346 306 2386 apud
334 2345 493 2385 Andeira,
517 2346 576 2385 qui
599 2352 692 2377 ustus
724 2347 755 2376 in
786 2345 912 2378 serrum

217 2395 352 2434 transit,
367 2395 488 2426 deinde
505 2405 580 2426 cum
606 2396 750 2437 qiradam
773 2397 913 2427 terrain

217 2445 351 2476 camino
371 2451 534 2476 excoctus
559 2447 834 2488 Pseudargyrum
855 2457 914 2478 scu

217 2495 339 2526 falsum
365 2501 538 2535 argentum
562 2498 679 2531 stillat,
703 2498 758 2528 cui
782 2499 839 2529 ubi
863 2503 915 2529 est

220 2556 264 2577 ωε
290 2546 453 2581 additum,
478 2547 626 2577 mixtura
649 2548 688 2579 fit
711 2559 810 2589 quam
834 2558 916 2580 nou-

220 2597 302 2627 nulli
327 2596 531 2628 orichalcum
557 2597 698 2629 dicunt.’
742 2601 830 2631 Sane
854 2600 916 2632 ori-

220 2646 387 2685 chalcum,
405 2646 494 2687 quod
512 2647 617 2677 instar
633 2649 703 2679 auti
727 2649 854 2681 fulvum
867 2660 915 2681 cs-

219 2701 282 2734 set,
297 2697 384 2728 tanti
401 2696 465 2728 suit
487 2697 576 2738 apud
594 2699 749 2739 Veteres.
774 2706 810 2732 ut
836 2710 916 2732 auro

953 577 1055 608 etiam
1078 577 1300 610 excellentius
1324 577 1519 617 haberetur,
1547 581 1584 608 ut
1610 587 1651 608 ex

954 628 1079 659 Plauto
1109 629 1224 660 videre
1247 633 1312 663 est,
1340 628 1395 668 qui
1425 628 1650 658 aurichalcum

955 678 1061 717 pluris
1077 676 1160 709 facit
1177 688 1277 720 quam
1302 677 1467 708 talentum
1495 677 1565 708 auri
1585 688 1594 716 ;
1617 683 1654 708 et

956 736 998 758 ex
1016 728 1140 768 Plinio,
1156 730 1211 769 qui
1227 727 1358 767 scribit,
1376 727 1408 757 in
1425 737 1484 758 usu
1507 737 1654 767 gemma-

957 787 1030 808 rum
1048 777 1102 808 diu
1120 778 1202 809 illud
1219 777 1307 819 apud
1323 779 1468 809 Veteres
1491 778 1524 808 in
1549 778 1654 809 admi-

958 828 1089 859 ratione
1102 827 1219 868 fuisse,
1231 829 1286 869 qui
1301 827 1372 858 auri
1385 827 1457 858 vice
1470 835 1510 858 eo
1520 832 1655 858 uteren-

958 881 1012 908 tur
1043 878 1083 908 ad
1113 877 1334 908 includendas
1367 887 1525 916 gemmas.
1584 876 1653 907 Sed

957 932 1136 968 postquam
1166 937 1243 958 vere
1273 927 1446 967 cognitum
1481 932 1548 966 est,
1582 932 1654 957 tum

958 978 1058 1009 etiam
1076 985 1112 1010 et
1137 978 1169 1009 in
1191 978 1342 1009 ordinem
1367 977 1541 1008 redactum
1556 988 1564 1016 ;
1579 987 1654 1008 nam

959 1029 1130 1070 Vitellius,
1153 1039 1214 1070 pro
1239 1039 1320 1060 auro
1344 1034 1378 1060 et
1400 1036 1542 1070 argento
1565 1029 1654 1070 quod

959 1081 1096 1120 templis
1119 1080 1343 1120 surripuerat,
1368 1084 1522 1111 stannum
1539 1085 1574 1111 et
1591 1081 1656 1111 ori-

960 1131 1113 1162 chalcum
1131 1131 1321 1172 supposuit.
1334 1131 1476 1163 Sueton.
1489 1132 1522 1162 in
1539 1131 1654 1162 Vitell.

964 1184 1083 1220 cap.6.
1112 1181 1190 1212 Dae.

1004 1236 1026 1251 ¹¹¹
1044 1231 1190 1271 Aur-icus]
1219 1231 1445 1271 Glossarium,
1478 1237 1486 1249 ‘
1501 1231 1658 1270 Aur-itus,

960 1280 1129 1321 ὠτοπετὴς,
1145 1281 1358 1322 ὠτυπαρόχος,
1381 1281 1658 1321 ὀξυακουσιλόγος.’

960 1331 1127 1370 ὠτοπετὴς,
1156 1337 1208 1363 est
1237 1333 1391 1370 Flaccus,
1427 1333 1590 1372 Plaudus,
1622 1338 1658 1364 ut

963 1393 1062 1414 canes
1080 1383 1240 1414 venatici.
1261 1382 1426 1415 Jos.Scal.

1004 1433 1154 1473 Amicus]
1173 1434 1250 1465 Non
1267 1433 1479 1464 admittenda
1500 1432 1591 1464 Festi
1609 1433 1658 1464 di-

964 1484 1061 1524 visio,
1083 1490 1119 1515 ut
1135 1484 1256 1515 auritus
1273 1484 1371 1515 modo
1389 1494 1408 1514 a
1425 1484 1554 1524 magnis
1571 1485 1659 1514 auri-

964 1535 1037 1575 bus,
1049 1534 1146 1565 modo
1164 1535 1205 1565 ab
1220 1534 1377 1565 audiendi
1391 1533 1556 1566 facultate
1570 1534 1661 1565 dica-

964 1589 1030 1615 tur.
1055 1585 1142 1615 Nam
1156 1585 1253 1625 plane
1266 1589 1319 1615 est
1332 1584 1373 1616 ab
1384 1584 1523 1616 auribus.
1547 1585 1661 1616 Plaut.

963 1634 997 1664 in
1014 1634 1153 1674 Prolog.
1166 1634 1263 1665 Asin.
1285 1635 1294 1651 ‘
1310 1636 1398 1666 Face
1411 1636 1482 1676 jam
1496 1640 1532 1665 tu
1547 1644 1661 1675 praeeo

964 1693 1054 1714 nunc
1070 1693 1202 1714 omnem
1224 1684 1367 1715 auritum
1385 1684 1567 1725 populuni.'
1616 1684 1663 1715 Et

965 1734 1084 1765 Horat.
1108 1734 1175 1765 Od.
1191 1737 1241 1766 12.
1260 1735 1318 1766 lib.
1335 1744 1359 1766 1.
1397 1736 1406 1751 ‘
1422 1736 1465 1766 Et
1481 1735 1608 1766 auritas
1625 1734 1664 1765 fi·

964 1785 1060 1815 dibus
1078 1785 1208 1815 canoris
1226 1786 1361 1816 Ducere
1378 1785 1547 1827 quercus!
1575 1787 1655 1816 Duc.

1007 1840 1021 1855 ¹·
1033 1836 1168 1876 Aurum]
1188 1837 1278 1868 Male
1295 1837 1421 1868 citatur
1435 1837 1661 1877 Hippocratcs;

964 1887 1143 1926 legendum
1154 1888 1242 1918 enim
1255 1888 1537 1928 Hypsicr‹1tes,qui
1551 1899 1569 1918 a
1581 1888 1667 1918 Var-

965 1946 1045 1967 rone
1081 1942 1116 1968 et
1152 1938 1277 1977 Gellio,
1317 1939 1374 1969 lib.
1412 1948 1487 1970 xvr.
1524 1939 1663 1977 citatur,

965 1988 1169 2028 scripsitque
1185 1988 1228 2019 de
1247 1989 1404 2020 Romanis
1422 1989 1571 2027 vocibus,
1587 1999 1662 2028 quae

967 2048 986 2067 a
1016 2043 1131 2068 vetere
1156 2037 1271 2078 lingua
1304 2039 1431 2069 Graeca
1455 2039 1663 2069 derivantur.

966 2088 1087 2119 Aurum
1102 2098 1180 2120 vero
1195 2090 1339 2130 priscum
1356 2090 1553 2120 vocabulum
1567 2090 1665 2121 Grae-

967 2148 1055 2178 cum,
1085 2139 1121 2169 et
1152 2139 1194 2169 ab
1222 2148 1262 2169 eo
1289 2139 1497 2170 Thesaurum
1523 2139 1664 2176 dictum,

967 2188 1096 2219 divitiae
1122 2194 1156 2219 et
1190 2188 1387 2220 divitiarum
1421 2189 1664 2221 conditorium.

966 2240 1066 2272 Quod
1095 2240 1260 2281 sequitur,
1283 2242 1422 2272 nonnulli
1445 2243 1523 2281 quod
1550 2244 1664 2272 mentes

966 2290 1120 2321 hominum
1148 2294 1281 2325 avertat,
1313 2301 1431 2322 vereor
1467 2301 1507 2322 ne
1536 2292 1664 2323 Paulus

968 2341 1225 2380 praetermiserit
1263 2341 1351 2382 quod
1382 2341 1504 2372 clarius
1542 2342 1663 2373 Festus

968 2396 1194 2430 exposuerat:
1220 2390 1370 2421 Nonnulli
1391 2393 1469 2431 quod
1484 2395 1598 2422 mentes
1612 2393 1665 2422 ho-

967 2440 1084 2471 minum
1098 2444 1258 2480 aurum—et,
1268 2441 1300 2471 id
1313 2446 1357 2472 est
1372 2445 1509 2472 avertat.
1555 2441 1664 2473 ludif-

969 2494 1120 2525 serenter
1133 2494 1223 2523 enim
1236 2503 1404 2524 auruucare
1415 2497 1450 2523 et
1461 2503 1665 2525 averruncare

969 2546 1130 2577 dicebant
1145 2556 1153 2583 ;
1183 2550 1219 2576 ut
1245 2554 1375 2575 cataneus
1390 2554 1449 2584 pro
1464 2554 1535 2575 cave
1550 2554 1588 2576 ne
1603 2555 1665 2576 eas.

971 2596 1194 2634 Glossarium,
1225 2595 1415 2626 ‘auruncus
1441 2594 1507 2626 θεὸς
1536 2595 1665 2636 ἀποτρό-

970 2647 1092 2679 παιος;’
1117 2656 1193 2678 nam
1220 2646 1268 2677 ita
1294 2646 1327 2676 in
1345 2646 1514 2677 veteribus
1539 2647 1664 2678 codici—

972 2700 1033 2731 bus
1051 2708 1118 2730 nou
1134 2697 1236 2729 semel
1253 2696 1328 2737 legi.
1374 2696 1464 2729 Quin
1478 2697 1665 2729 etAuruncz'
