1835 2906
242 106 326 147 436
653 116 800 147 SEXTI
836 116 1038 147 POMPEH
1071 117 1208 148 FESTI

298 215 427 252 natus
456 215 539 251 est.
601 210 726 260 Item,
750 212 823 265 qui
859 225 914 252 ex
944 213 1033 253 alio
1069 225 1223 264 genere
1250 214 1503 255 hominum⁵
1532 227 1688 258 munus

298 279 481 318 functus
517 282 597 319 est.
659 279 785 323 Item,
809 280 882 332 qui
905 280 948 319 in
980 279 1221 332 municipio
1239 280 1250 301 t
1271 293 1296 321 a
1319 282 1530 322 servitute
1555 295 1601 322 se
1638 283 1689 323 li·

297 345 495 386 beravit8
535 358 562 386 a
600 346 840 399 municipe.
901 346 1010 386 Item
1051 346 1298 399 municipes
1332 353 1473 398 erant,
1510 350 1588 402 qui
1629 362 1689 389 ex

296 412 396 452 aliis
427 413 681 454 civitatibus
698 419 715 434 ¹¹
739 413 933 453 Romam
953 413 1194 462 venissent,
1217 415 1380 467 quibus
1416 428 1500 455 non
1526 416 1690 457 licebat

296 481 599 533 magistratum
636 493 809 533 capere,
846 480 926 521 sed
956 484 1124 521 tantum
1160 483 1356 523 muneris
1388 489 1568 536 partem.
1627 482 1688 523 At

297 548 390 589 Ser.
409 548 550 589 filiusx
591 549 741 589 aiebat
768 547 896 588 initio
924 547 1078 597 fuisse,
1100 549 1177 601 qui
1198 562 1251 590 ea
1276 550 1525 590 conditione
1564 551 1687 591 cives

295 615 429 655 Rom.
445 615 651 664 fuissent,
672 618 719 654 ut
738 627 907 667 semper
922 628 1057 667 remp.
1075 615 1310 668 separatim
1328 629 1354 657 a
1371 617 1536 670 populo
1556 616 1689 657 Rom.

293 681 513 731 haberent,
535 681 757 722 Cumanos
786 681 1012 730 videlicet,
1038 681 1300 732 Acerranos,
1323 683 1571 730 Atellanos,
1607 684 1683 737 qui

295 755 452 803 aeque9
473 750 594 790 cives
607 748 736 789 Rom.
758 753 894 798 erant,
911 752 952 789 et
972 749 1017 789 in
1037 749 1211 801 legione
1233 752 1479 801 merebant,
1496 751 1573 791 sed
1595 751 1688 803 dig-

293 817 456 857 nitates
471 830 561 858 non
578 817 829 869 capiebant.

238 882 568 937 Municipaliaf
603 896 729 924 sacra
758 884 1045 933 vocabantur,
1075 897 1176 937 quae
1206 889 1306 927 ante
1327 886 1477 926 urbem
1508 886 1687 938 [PAUL.

292 950 511 991 conditam
528 956 560 975 ¹0
585 950 857 991 colebantur.

838 1049 954 1061 oooooo

961 1049 1076 1061 αααααα

276 1117 295 1145 8
320 1115 472 1151 Legebat
503 1117 590 1147 Scal.
624 1117 717 1153 Item,
741 1127 829 1156 quem
860 1116 1058 1154 ’nunicipium
1096 1127 1114 1146 a
1137 1117 1288 1147 servitute
1311 1116 1534 1147 liberavit.-—9
1557 1116 1611 1147 Al.
1635 1116 1687 1156 qui

233 1162 263 1188 et
279 1161 392 1189 c.——10
417 1159 467 1189 Ex
483 1159 586 1190 Festo
603 1159 818 1190 scribendum
838 1164 951 1190 monet
969 1159 1082 1190 Ursin.
1097 1163 1265 1198 acceptam.

889 1256 1028 1288 NOTAE

232 1319 280 1349 nti
298 1319 436 1356 debent,
451 1320 597 1350 babent:
634 1321 760 1352 liabent
777 1321 929 1361 plerique

229 1369 381 1400 libertini
422 1379 440 1400 a
486 1371 670 1411 municipio
711 1370 931 1402 manumissi!

229 1419 298 1449 dos.
316 1418 399 1450 Scal.

274 1469 452 1509 Municeps]
477 1469 507 1500 A
525 1479 661 1501 munere
680 1470 846 1510 capiendo
863 1481 928 1501 mu-

228 1519 341 1558 niceps.
387 1519 569 1560 Municipii
585 1520 668 1550 liber
685 1521 778 1555 civis,
793 1519 880 1550 unde
896 1520 928 1549 in

229 1568 341 1599 Gloss.
364 1569 578 1609 ‘Municeps‚
593 1570 746 1605 πολίτης]
770 1571 850 1601 Dae.

271 1622 282 1636 ³
307 1618 400 1656 Item,
417 1620 468 1659 qui
494 1629 533 1650 esc
548 1620 608 1650 alio
622 1629 734 1658 genere
757 1618 928 1657 hominmn]

229 1667 269 1698 Id
302 1674 367 1708 est,
393 1671 502 1710 quivis
530 1671 628 1701 homo
656 1671 724 1700 sive
743 1671 775 1700 in
791 1672 930 1701 munici-

229 1719 305 1757 piis,
321 1720 392 1750 sive
416 1720 494 1750 alibi
512 1726 622 1755 natus,
652 1721 752 1752 modo
775 1722 832 1762 qui
859 1732 927 1752 mu-

227 1777 288 1798 nus
307 1768 444 1800 functus
462 1772 516 1802 sit.
542 1773 640 1803 litem.

269 1822 278 1839 ²
303 1820 396 1860 Item,
426 1823 479 1861 qui
509 1823 539 1853 in
567 1825 746 1865 municipio]
774 1825 926 1864 Legebat

227 1869 392 1909 Scaliger.
411 1872 489 1902 Item
501 1883 588 1912 quem
607 1875 805 1914 municipium
821 1886 839 1905 α
862 1885 926 1906 ser—

226 1919 328 1950 vitute
344 1920 500 1953 liberavit.
542 1923 593 1952 Ex
611 1924 764 1955 Varrone
783 1925 842 1956 lib.
861 1934 925 1955 vn.

225 1969 234 1985 ⁴
249 1969 288 1999 In
306 1970 367 2001 lioc
384 1971 458 2011 ipso
476 1974 630 2012 analogia
655 1983 720 2004 non
738 1980 810 2004 est:
836 1976 926 2015 quod

226 2020 282 2050 alii
310 2030 433 2052 nomen
465 2023 591 2054 habeut
616 2023 658 2053 ab
689 2024 837 2064 oppidis,
868 2026 925 2056 alii

227 2073 285 2101 aut
301 2080 366 2101 non
383 2072 519 2110 habent,
547 2079 605 2104 aut
622 2083 699 2111 non,
717 2076 765 2105 uti
784 2074 925 2115 debent,

225 2117 362 2152 liabent.
410 2122 573 2164 Plerique
598 2124 748 2155 libertini
772 2135 791 2155 a
817 2127 925 2155 muni-

226 2170 318 2210 cipio
366 2173 582 2203 manumissi.’
650 2174 756 2204 Vides
793 2175 925 2206 liberti-

224 2229 286 2251 nos
324 2232 342 2252 a
370 2223 555 2263 municipio
596 2224 828 2264 manumissos,
867 2227 925 2266 qui

225 2277 345 2310 postea
371 2273 560 2314 municipes
583 2274 680 2304 dieti.
725 2274 789 2305 Sed
815 2280 849 2305 et
877 2276 923 2306 al-

225 2323 299 2350 tera
312 2321 407 2352 Festi
426 2323 528 2352 lectio
545 2321 685 2353 defendi
703 2329 829 2362 potest.
859 2325 911 2355 Id.

268 2375 281 2388 ¹¹
306 2371 385 2402 Item
413 2373 582 2412 municipes
607 2373 660 2412 qui
689 2384 729 2404 ex
753 2375 794 2404 al.
822 2375 924 2414 elvia]

226 2418 489 2461 Municipiorurn
527 2422 593 2453 duo
636 2422 731 2454 fuere.
778 2434 920 2461 genera:

225 2469 381 2508 primum,
398 2482 525 2511 eorum,
542 2473 597 2513 qui
615 2482 655 2502 ex
671 2474 862 2513 municipiis
881 2475 923 2505 ad

224 2517 395 2549 civitatem
415 2521 509 2552 Rom.
521 2521 669 2562 admissi,
686 2525 832 2554 muneris
849 2530 922 2556 tau-

226 2569 296 2596 tum
329 2567 495 2599 honorarii
536 2572 693 2602 Romanis
739 2575 921 2614 participes

225 2616 364 2651 fiebant,
380 2618 449 2648 sine
469 2619 617 2660 suffragii
638 2623 741 2662 jure3
766 2625 825 2654 lioc
856 2630 922 2662 ezr,

226 2665 281 2704 qui
297 2671 429 2697 tantum
454 2669 589 2700 lionoris
616 2681 717 2703 causa
743 2674 774 2703 in
803 2675 918 2705 civita-

988 1324 1054 1349 tem
1073 1318 1174 1349 Rom.
1193 1319 1368 1350 venientes
1385 1318 1523 1358 gradum
1542 1319 1685 1360 aliquem

986 1370 1163 1409 dignitatis
1188 1370 1498 1410 consequebantur,
1529 1373 1567 1399 ut
1593 1369 1685 1400 cives

986 1420 1086 1450 Rom.
1111 1430 1177 1451 non
1203 1421 1234 1450 in
1254 1421 1401 1457 auxiliis,
1420 1425 1456 1450 ut
1481 1419 1578 1458 socii,
1601 1420 1686 1450 mili-

985 1475 1108 1501 tarent.
1155 1470 1251 1510 lique
1270 1471 1337 1500 suis
1355 1470 1485 1509 legibus
1511 1470 1685 1501 vivebant.

985 1520 1074 1551 Gell.
1104 1520 1161 1551 lib.
1179 1529 1254 1551 xvi.
1270 1530 1344 1560 cap.
1368 1523 1419 1550 13.
1460 1521 1468 1538 ‘
1489 1520 1685 1560 Municipes

984 1575 1061 1600 sunt
1087 1570 1177 1600 cives
1206 1570 1303 1600 Rom.
1333 1579 1375 1600 ex
1404 1570 1594 1610 municipiis
1624 1580 1685 1601 suo

980 1621 1058 1659 jure
1076 1625 1111 1650 et
1135 1620 1265 1658 legibus
1289 1620 1358 1650 suis
1377 1625 1522 1653 utentes,
1537 1621 1684 1650 muneris

985 1675 1114 1701 tantum
1152 1679 1228 1700 cum
1274 1680 1354 1710 pop.
1394 1670 1488 1700 Rom.
1520 1670 1685 1701 honorarii

985 1721 1180 1761 participes,
1199 1731 1217 1750 a
1233 1730 1299 1760 quo
1324 1729 1461 1751 munere
1477 1720 1685 1760 capessendo

983 1771 1147 1810 appellati
1166 1770 1337 1808 videntur,
1363 1771 1462 1800 nullis
1480 1770 1552 1800 aliis
1569 1780 1685 1801 neces—

981 1821 1154 1858 sitatibus,
1197 1829 1304 1860 neque
1343 1820 1412 1850 ulla
1443 1820 1557 1859 populi
1589 1821 1686 1851 Rom.

984 1872 1057 1911 lege
1075 1871 1219 1909 astricti,
1236 1881 1312 1902 cum
1342 1880 1511 1911 nunquam
1540 1872 1684 1911 populus

983 1932 1095 1953 eorum
1111 1921 1236 1953 fundus
1253 1920 1364 1952 factus
1381 1920 1492 1951 esset!
1526 1920 1684 1952 Alterum

984 1977 1096 2003 autem
1129 1971 1385 2011 municipiorum
1423 1981 1528 2009 genus
1567 1980 1683 2002 eornm

983 2027 1069 2059 erat,
1087 2021 1205 2061 quibus
1221 2030 1296 2051 cnm
1313 2019 1462 2059 suffragii
1486 2021 1610 2051 latione
1636 2021 1683 2051 ci-

982 2071 1068 2100 vitas
1083 2075 1135 2101 est
1149 2070 1243 2108 data,
1260 2070 1306 2100 ita
1322 2075 1360 2100 ut
1375 2069 1442 2099 suis
1459 2069 1591 2109 legibus
1606 2078 1682 2109 spo-

982 2120 1052 2150 liati
1089 2120 1246 2151 Romanis
1288 2120 1568 2158 astringerentur.
1637 2119 1683 2149 Hi

981 2169 1182 2209 omniajura
1195 2168 1377 2206 habebant,
1389 2178 1463 2208 quae
1481 2169 1573 2199 cives
1587 2169 1683 2200 Rom.

981 2219 1220 2259 exceptojure
1238 2219 1411 2249 domicilii.
1457 2218 1530 2249 Hos
1559 2218 1683 2249 intelli-

982 2269 1031 2309 git
1049 2268 1133 2299 infra
1161 2269 1286 2299 Paulus
1317 2278 1394 2298 cum
1421 2269 1561 2300 scribit:
1584 2269 1682 2299 ‘Alio

982 2319 1093 2359 modo,
1110 2328 1186 2349 cnm
1211 2318 1244 2348 id
1268 2327 1375 2358 genus
1405 2319 1574 2350 hominnm
1601 2317 1679 2349 defi-

981 2370 1085 2407 nitur,
1102 2378 1242 2409 quorum
1258 2369 1378 2399 civitas
1403 2370 1558 2399 universa
1586 2369 1618 2397 in
1635 2368 1681 2398 ci-

980 2419 1122 2449 vitatem
1143 2420 1239 2449 Rom.
1258 2419 1364 2457 venit,
1390 2425 1427 2449 ut
1443 2418 1586 2454 Aricini,
1604 2418 1678 2449 Cae-

979 2470 1072 2508 rites‚
1091 2468 1284 2509 Anagnini:
1299 2471 1362 2499 &c.
1388 2469 1487 2499 Idem.

1020 2525 1034 2539 x
1058 2519 1104 2550 At
1141 2518 1211 2549 Ser.
1244 2517 1355 2560 filius]
1387 2518 1539 2548 Servium
1568 2518 1678 2558 Sulpi-

977 2568 1063 2599 cium
1080 2568 1185 2599 filium
1201 2567 1393 2606 intelligunt
1405 2567 1467 2596 viri
1481 2566 1583 2597 docti.
1608 2567 1677 2598 Sed

976 2621 1008 2649 in
1041 2620 1171 2650 schedis
1216 2619 1379 2657 scriptum
1426 2622 1478 2648 est
1517 2617 1676 2648 Servilius.

976 2670 1079 2700 Forte
1096 2671 1120 2700 is
1148 2670 1186 2700 P.
1205 2668 1365 2699 Servilius
1382 2676 1498 2707 augur,
1517 2677 1615 2708 quein
1642 2670 1675 2698 iu
