1835 2906
169 145 287 187 -76

673 155 820 186 SEX‘rt
857 155 1055 185 POMPEH
1092 155 1227 185 FEsTt

229 251 570 292 Ancunulentae⁰
590 251 782 292 foeminae
805 256 1024 292 menstruo
1046 256 1240 303 tempore
1261 249 1563 303 appellantur:
1585 264 1663 292 un-

287 317 342 358 de
365 317 550 358 trahitur
568 319 958 371 inquinamentum.

229 384 414 425 Ancus?
449 386 707 438 appellatur,
735 385 810 438 qui
842 384 1058 425 aduncum
1088 383 1314 425 brachium
1339 384 1490 434 habet,
1509 390 1559 426 ut
1589 397 1667 425 ex-

290 452 451 504 porrigi
472 465 556 492 non
579 451 737 504 possit.

230 517 441 559 Andronq
472 519 595 560 locus
623 517 832 558 domicilii
858 518 1103 571 appellatur
1132 517 1354 569 angustior
1384 517 1670 570 longitudine,

288 587 331 626 in
350 599 439 639 quo
460 587 541 627 viri
572 586 744 639 plurimi
758 584 775 609 ⁶
803 585 1102 635 morabantur,
1122 591 1172 626 ut
1197 597 1450 639 gynaeceum
1474 598 1500 625 a
1521 585 1674 625 mulie-

290 653 428 693 ribus.

234 718 498 767 Αῐιᾶῐιιειιθ,Γ
525 719 570 759 id
600 723 680 769 est,
702 731 933 768 recurrere,
958 732 983 760 a
1005 718 1166 759 Graeco
1190 719 1322 759 verbo
1344 719 1513 772 ἀναδρᾷν,
1530 718 1574 758 id
1592 722 1674 767 est,

287 787 478 826 invenire
497 799 506 824 z
537 786 639 827 hinc
662 790 704 827 et
725 787 832 827 drua
854 793 1015 827 vocata
1035 791 1114 826 est.

234 851 479 905 Angeronae
495 858 506 874 ⁵
539 853 651 894 Deae
678 866 803 894 sacra
831 867 857 894 a
889 853 1101 893 Romanis
1121 853 1325 893 instituta
1345 857 1460 902 sunt,
1482 865 1576 892 cum
1600 865 1675 892 an-

290 920 390 971 gina
411 932 538 959 omne
565 933 697 971 genus
727 920 978 960 animalium
1009 924 1357 960 consumeretur:
1404 919 1532 972 cujus
1562 918 1675 959 festa

290 986 588 1039 Angeronalia
609 987 886 1028 dicebantur.

838 1083 954 1095 eeeeee

957 1082 1072 1094 eeeeee

274 1152 294 1180 6
316 1149 384 1180 Pro
400 1150 462 1180 tiri
475 1150 602 1189 plurimi
618 1151 752 1193 quidam
769 1151 897 1183 habent
911 1152 1089 1192 plurimum,
1105 1149 1200 1188 male,
1215 1153 1372 1179 censente
1390 1148 1474 1179 Dae.

884 1238 1029 1272 NOTAE

232 1304 365 1341 anelare,
401 1305 608 1345 ministrare,
651 1305 928 1337 confunderetur.

234 1354 348 1385 Quare
365 1362 492 1384 certum
509 1361 571 1392 est,
584 1366 645 1396 pro
662 1357 795 1386 haurire
812 1357 930 1387 antlare

234 1403 359 1443 ubique
376 1404 590 1435 scribendum
608 1415 680 1436 esse
699 1416 758 1445 per
775 1409 788 1436 t
803 1406 928 1436 aGrae-

234 1462 275 1483 co
289 1452 426 1494 ἀντλεῖν,
450 1459 485 1484 ut
509 1454 735 1494 distinguatur
751 1455 793 1486 ab
808 1456 931 1485 ‹zur-lure

234 1503 323 1543 quod
342 1504 383 1534 ab
400 1505 552 1535 ancillare.
584 1506 709 1536 Versus
726 1506 826 1536 etiam
846 1505 930 1535 Livii

235 1554 419 1585 Andronici
447 1556 494 1585 sic
523 1556 697 1595 legendus.
751 1556 931 1595 Floremque

234 1604 396 1634 armabant
423 1604 512 1634 liberi
535 1614 575 1635 ea:
588 1605 761 1635 carchesiis.
809 1606 930 1645 Neque

235 1655 323 1685 euim
342 1656 508 1685 assentior
524 1655 697 1695 Scaligero
715 1656 841 1695 legenti
860 1656 931 1686 Flo-

234 1713 298 1734 rem
314 1704 507 1735 ‹tut-ulabant.
551 1705 616 1735 Sed
635 1705 815 1745 occupavit
842 1706 931 1736 Doc-

235 1754 382 1785 tissimus
399 1755 537 1785 Vossius
563 1755 595 1785 iu
622 1755 857 1796 Etymologico
873 1764 931 1785 suo

236 1813 404 1844 nunquam
421 1806 503 1835 satis
520 1806 665 1836 laudato.
690 1806 770 1836 Duc.

278 1858 292 1873 0
314 1853 556 1895 Ancunuleutae]
584 1855 770 1894 Pet-peram
788 1855 820 1885 in
835 1855 936 1886 Glos—

237 1904 342 1934 sario:
356 1908 364 1920 ‘
378 1903 569 1944 Ancodata,
580 1905 812 1944 περιοραθεῖσα.’
828 1905 936 1935 Mani-

237 1954 326 1985 festo
340 1955 534 1995 legendum,
545 1955 781 1986 Ancunulenta:
799 1965 858 1995 per
874 1955 936 1986 hoc

237 2004 377 2034 verbum
395 2005 504 2034 onmia
526 2013 649 2044 spurca
673 2008 708 2035 et
731 2005 865 2035 sordida
881 2014 938 2035 ex·

238 2060 437 2094 presserunt
466 2059 600 2085 veteres
632 2055 755 2093 Latini,
783 2055 936 2092 Coeuum,

240 2113 350 2143 eunte,
388 2104 572 2145 inquinare,
601 2105 869 2146 conquiniscere,
901 2110 935 2136 et

239 2155 316 2191 alia,
343 2165 418 2195 quae
443 2165 510 2186 non
538 2156 659 2187 dicam.
706 2157 791 2189 Quae
818 2166 877 2197 per
904 2168 935 2196 u,

240 2212 342 2237 antea
358 2215 418 2246 per
442 2217 469 2236 α’
491 2207 709 2237 extulerunt:
736 2207 820 2237 utin
844 2211 852 2224 ‘
868 2216 938 2247 ροι-

240 2256 333 2294 nire:
361 2257 370 2272 ‘
385 2256 524 2296 punire)
546 2257 615 2288 dos.
632 2257 718 2288 Scul-

292 2307 530 2348 Aucunulentae]
568 2308 576 2323 ‘
596 2306 742 2346 Cunire‚’
780 2311 818 2338 ut
850 2306 938 2338 infra

242 2357 374 2395 Festus,
397 2362 449 2387 est
466 2364 593 2388 stercus
610 2356 735 2396 facere,
750 2357 837 2388 unde
858 2359 866 2375 ‘
882 2367 938 2388 an-

242 2407 463 2439 cunuleutns'
487 2408 652 2438 sordidus.
697 2407 794 2438 Unde
810 2407 939 2448 ‘inqui-

242 2455 346 2491 nare‚'
386 2460 394 2473 ‘
417 2455 729 2496 inquinamentum!
790 2457 943 2505 Coenum,

243 2516 351 2543 cume,
378 2505 503 2540 cunire,
535 2506 723 2547 inquinare,
750 2507 940 2548 conquinis-

245 2566 335 2588 cere.
360 2556 440 2586 Duc.

288 2612 303 2633 ι’
329 2606 448 2646 Ancus]
486 2605 553 2637 Qui
580 2606 699 2637 Latine
728 2608 845 2647 Ancus,
869 2608 896 2639 is
926 2618 944 2639 a

247 2657 376 2688 Graecis
396 2655 588 2696 Ὑαλιαγκών.
613 2658 770 2689 Meminit
792 2665 826 2690 et
844 2659 943 2690 Glos-

248 2707 393 2738 sarium:
433 2706 442 2723 ‘
467 2707 595 2748 Αιιοιιε,
629 2708 786 2749 Mancus,
817 2708 943 2750 κυλλὺς,

1484 1273 1501 1288 0

983 1302 1116 1343 λορδός.’
1138 1304 1206 1334 Jos.
1225 1304 1307 1334 Scal.

1026 1352 1147 1391 Ancus]
1175 1353 1380 1384 Glossarium
1397 1364 1404 1383 z
1434 1358 1441 1369 ¹
1457 1362 1573 1391 anem,
1588 1361 1681 1382 man-

985 1416 1055 1445 cus,
1084 1405 1211 1445 κυλλὺς,
1240 1404 1373 1445 λορδός.’
1433 1404 1518 1435 Inde
1545 1403 1681 1434 ‘Aucus

985 1455 1152 1487 Mat-tius’
1180 1465 1237 1485 rex
1255 1456 1375 1486 dictus.
1398 1455 1481 1485 Duc.

984 1497 994 1503 ’
1027 1511 1043 1531 ‘1
1066 1505 1211 1544 Andron]
1248 1506 1379 1536 Graecis
1411 1504 1534 1545 ἀνδρῶν.
1588 1502 1683 1534 Infra

986 1566 1046 1596 pro
1061 1556 1122 1586 riri
1146 1556 1273 1596 plurimi
1301 1555 1432 1595 quidam
1450 1554 1573 1584 habent
1587 1553 1684 1593 pluri-

985 1617 1077 1642 mum,
1094 1607 1193 1638 male⁴
1211 1606 1293 1637 Cum
1309 1606 1341 1636 in
1359 1606 1506 1636 audronc
1523 1605 1683 1644 plurimos

985 1658 1133 1688 homines
1164 1657 1335 1687 habitasse
1362 1656 1445 1686 dicit
1472 1656 1607 1692 Festus,
1635 1654 1684 1683 ita

986 1708 1093 1737 innuit
1110 1707 1256 1747 amplum
1274 1706 1477 1737 domicilium
1506 1703 1620 1738 fuisse,
1649 1708 1685 1733 ut

986 1763 1068 1789 erat.
1098 1756 1248 1798 Hesyclt.
1272 1757 1414 1796 ἀνδρεὼν,
1441 1756 1456 1785 ὁ
1478 1754 1575 1793 μέγας
1591 1752 1683 1784 οἶκος.

991 1810 1089 1840 Idem.

1031 1863 1043 1878 ¹
1064 1857 1243 1898 Andruarc]
1259 1857 1287 1888 A
1299 1858 1420 1889 Gracco
1431 1857 1573 1898 ἆναδρᾷν.
1588 1854 1686 1887 Quod

990 1909 1081 1939 istud
1109 1909 1153 1940 sit
1182 1909 1288 1947 verbi,
1312 1909 1437 1946 nescio,
1462 1908 1579 1947 magis,
1606 1905 1684 1947 quid

992 1959 1065 1998 ejus
1096 1959 1201 1989 vicem
1234 1958 1436 1989 substituam
1467 1967 1533 1988 nou
1567 1955 1687 1986 liabeo.

992 2008 1071 2039 Non
1089 2013 1170 2049 puto
1189 2008 1326 2038 verbum
1345 2008 1502 2038 Graecum
1528 2007 1580 2037 hic
1597 2006 1687 2036 desi-

994 2058 1115 2089 derari.
1161 2058 1225 2088 Sed
1253 2058 1426 2097 scripsisse
1459 2058 1608 2094 Festum,
1632 2067 1686 2087 ‹m-

990 2110 1165 2145 druaressst
1183 2118 1349 2144 recurrere,
1364 2118 1381 2138 a
1400 2108 1489 2138 verbo
1514 2111 1630 2145 truure,
1655 2108 1687 2138 id

989 2162 1048 2198 est,
1064 2168 1192 2189 morere.
1227 2158 1314 2189 Hinc
1329 2162 1398 2189 trua
1414 2161 1530 2189 vocata.
1562 2159 1687 2188 Tamen

992 2209 1019 2240 si
1054 2208 1234 2249 ἀναδραμεῖν
1257 2218 1470 2248 reponamus,
1501 2208 1687 2238 tolerabilis

991 2259 1056 2290 erit
1070 2258 1258 2299 lectio,rita,
1274 2259 1439 2296 cadmum,
1458 2258 1491 2288 id
1514 2261 1570 2297 est,
1586 2267 1688 2288 recur-

990 2318 1070 2345 rere,
1089 2318 1108 2338 ιι
1137 2309 1247 2339 erco
1267 2307 1355 2338 rer-bo
1371 2307 1564 2348 ἀναδραμεῖν,
1578 2308 1610 2338 id
1630 2311 1688 2343 est,

992 2358 1178 2389 indevenire.
1227 2358 1351 2388 Nescio
1368 2357 1445 2398 quid
1466 2358 1528 2388 sibi
1547 2357 1689 2388 voluerit

993 2413 1109 2439 auctor
1135 2407 1312 2445 Glossarii,
1335 2408 1389 2447 qui
1415 2407 1587 2446 scripserit
1611 2407 1687 2437 ‘an-

996 2458 1129 2496 druare,
1141 2455 1358 2498 ἆνδρίζεσθαι.’
1382 2457 1455 2488 Nisi
1467 2456 1597 2496 putavit
1609 2455 1618 2471 ‘
1631 2467 1688 2487 an-

994 2508 1117 2538 druare
1134 2507 1141 2519 '
1159 2508 1286 2538 dictum
1298 2506 1379 2547 παρὰ
1391 2508 1449 2543 τὴν
1462 2506 1608 2546 ἀνδρείαν.
1620 2508 1690 2540 Jos.

996 2559 1147 2598 Scaliger.
1198 2557 1283 2589 Vide
1302 2560 1310 2575 ‘
1330 2556 1586 2588 redamtruare!
1608 2557 1687 2587 Dae.

1039 2615 1050 2629 ⁵
1074 2609 1262 2649 Angeronoe]
1292 2607 1516 2638 Glossarium:
1549 2607 1558 2623 ‘
1576 2606 1687 2646 Ange-

999 2659 1105 2697 ronta,
1131 2658 1150 2696 ἡ
1174 2658 1238 2690 θεὸς
1263 2658 1318 2694 τῆς
1343 2657 1459 2693 βουλῆς
1484 2658 1599 2693 καιρῶν.
1619 2656 1689 2688 dos.

999 2710 1080 2741 Scal.
