1835 2906
171 99 258 141 542
616 108 765 140 snx'm
800 110 1002 141 PoMPfflr
1038 111 1177 143 ηὸτι

230 205 453 257 inclinent,
484 206 822 263 praecipitesque
843 208 886 249 in
908 221 960 249 os
981 207 1192 250 ferantur.
1253 208 1544 264 Oscillantes,
1565 214 1630 257 ait

231 274 510 326 CornificiuS,
545 277 602 318 ab
634 290 688 319 eo
712 277 830 332 quod
853 291 902 318 os
925 277 1069 319 celare
1088 277 1209 319 soliti
1232 280 1467 333 personis⁷
1498 294 1631 337 prop-

229 349 296 386 ter
317 345 644 397 verecundiam,
679 347 756 400 qui
778 359 830 387 eo
852 358 1008 398 genere
1029 346 1156 387 lusus
1177 347 1421 389 utebantur.
1481 348 1631 392 Causa

229 417 377 454 autem
397 413 492 468 ejus
505 413 765 469 jactationis
786 413 988 468 proditur
1005 413 1193 456 Latinus
1210 427 1303 465 reX,
1323 416 1440 470 quod
1461 416 1630 472 praelio,

229 480 347 535 quod
380 482 419 522 ei
450 482 534 524 fuit
566 482 781 525 adversus
816 481 1085 524 Mezentium
1107 482 1315 524 Caeritum
1337 497 1495 538 regem,
1526 499 1630 528 nus-

227 563 361 604 quam
384 553 652 606 apparuerit,
676 552 991 607 judicatusque
1014 552 1072 594 sit
1088 551 1117 594 J
1122 552 1300 606 uppiter
1319 552 1463 595 factus
1480 554 1631 597 Latia-

227 619 304 661 ris.
364 620 522 678 Itaque
544 634 621 676 per
641 634 721 662 sex
742 634 820 662 eos
842 620 951 671 dies,
970 621 1152 663 feriatos
1174 621 1357 673 liberos,
1389 635 1630 678 servosque

227 689 448 744 requirere
469 703 586 741 eum,
605 703 694 731 non
717 691 858 732 solum
879 690 923 731 in
943 691 1085 742 terris,
1114 690 1193 732 sed
1216 691 1367 742 etiam,
1389 682 1493 747 quia
1511 692 1632 735 vide·

227 763 344 799 retur
376 759 536 801 coelum
568 772 700 813 posse
729 758 841 800 adiri
875 772 956 813 per
982 759 1319 811 oscillationem,
1341 761 1462 803 velut
1480 761 1632 815 imagi-

227 840 327 868 nem
351 820 572 881 quandam
588 828 692 871 vitae
711 828 931 880 humanae,
954 828 998 870 in
1017 841 1107 883 qua
1123 829 1342 870 altissima
1358 829 1415 871 ad
1434 831 1629 872 infimum

228 894 464 946 interdum,
505 896 657 938 infima
697 897 753 938 ad
791 910 1008 939 summum
1049 897 1312 940 efferuntur:
1354 903 1490 953 atque
1526 899 1628 941 ideo

225 965 486 1006 memoriam
524 978 701 1019 quoque
732 966 1019 1020 redintegrari
1052 967 1181 1008 initio
1205 971 1403 1021 acceptae
1424 967 1530 1010 vitae
1551 981 1632 1022 per

226 1038 373 1074 motus
395 1033 638 1084 cunarum,8
668 1033 889 1089 lactisque
913 1035 1182 1086 alimentum,
1203 1035 1311 1089 quia
1330 1049 1410 1090 per
1432 1049 1511 1077 eos
1533 1036 1630 1078 dies

226 1100 450 1151 feriarum,
486 1106 532 1142 et
552 1102 720 1143 oscillis
743 1108 1021 1155 moveantur,
1052 1108 1098 1144 et
1119 1104 1287 1145 lactata
1305 1104 1484 1158 potione
1504 1109 1632 1146 utan-

226 1174 310 1212 tur.
372 1169 470 1211 Nec
513 1170 685 1221 desunt,
721 1172 798 1225 qui
828 1172 1079 1227 exemplum
1112 1172 1374 1214 Graecorum
1389 1178 1406 1195 ¹¹
1448 1176 1629 1215 secutos

228 1241 382 1291 putent
404 1238 606 1288 Italicos,
629 1241 749 1293 quod
770 1241 829 1281 illi
854 1254 1030 1296 quoque
1052 1241 1209 1296 injuria
1231 1241 1463 1283 interfecto
1488 1242 1630 1291 Icaro,

228 1304 416 1358 Erigone
437 1305 531 1347 filia
552 1306 650 1360 ejus
673 1306 823 1350 dolore
840 1309 1035 1363 impulsa
1053 1309 1297 1363 suspendio
1320 1310 1524 1363 perisset,
1548 1323 1630 1364 per

227 1373 567 1418 simulationem.

170 1510 388 1553 Oscines¹
420 1518 558 1554 aves9
588 1512 769 1568 Appius
792 1512 1006 1555 Claudius
1026 1527 1128 1555 esse
1152 1515 1228 1564 ait,
1250 1527 1350 1570 quae
1373 1528 1446 1556 ore
1469 1528 1630 1556 canen-

781 1623 1020 1634 eeeeeeeeeeee

210 1680 230 1709 7
256 1677 321 1710 Ed.
337 1678 428 1710 Scal.
451 1679 529 1719 quod
544 1689 577 1709 os
593 1680 703 1710 coelare
726 1679 791 1710 sint
814 1678 900 1710 soliti
921 1678 1073 1718 personis.
1121 1679 1200 1710 Ver.
1230 1678 1289 1710 lib.
1313 1679 1426 1710 celeres
1452 1680 1517 1710 sint
1544 1679 1630 1710 soliti

163 1722 303 1762 personis
318 1722 367 1753 uti
387 1726 512 1763 propter
528 1734 555 1754 v.
600 1723 798 1761 Legendum
826 1728 942 1754 monet
967 1723 1054 1754 Scal.
1081 1722 1119 1753 ab
1145 1732 1179 1753 eo
1205 1723 1283 1763 quod
1304 1732 1336 1752 os
1360 1723 1541 1754 cillere.—-8
1569 1723 1629 1754 Vir

168 1764 261 1796 doct.
279 1765 311 1796 in
328 1774 435 1807 marg.
449 1766 504 1799 ed.
521 1767 611 1798 Scal.
628 1766 933 1807 conj.sunium.—0
951 1765 1003 1797 Id.
1019 1765 1103 1798 ibid.
1120 1766 1211 1807 conj.
1227 1765 1328 1797 alites.

833 1874 974 1907 NOTAE

168 1949 325 1988 personis
339 1950 528 1992 Virgilius:
554 1952 563 1969 ‘
579 1953 717 1995 Oraque
734 1953 869 1985 cortici·

169 1999 231 2030 bus
246 2006 383 2033 sumunt
397 2002 569 2035 horrenda
582 2004 737 2037 cavatis.’
780 2007 789 2022 ‘
806 2005 871 2036 Os-

168 2050 249 2082 cilla
264 2061 307 2083 ex
324 2052 396 2084 alta
413 2055 625 2095 suspendunt
642 2056 757 2087 mollia
773 2065 872 2098 quer-

168 2112 222 2133 cu.
245 2102 391 2146 [pinu.]'
426 2106 586 2138 Meminit
601 2113 637 2139 et
656 2108 796 2139 Maurus
808 2108 872 2139 Te-

168 2155 352 2187 rentianus.
398 2156 450 2188 De
466 2158 583 2189 oscillis
604 2160 689 2190 satis
714 2159 746 2189 in
764 2158 871 2189 Auso—

166 2204 258 2235 nium
276 2216 365 2238 anuo
390 2209 575 2249 superiore.
620 2210 736 2243 Quare
760 2209 797 2240 τὸ
820 2220 872 2241 cu·

168 2264 279 2287 narum
309 2257 341 2288 in
356 2258 487 2296 funium
517 2259 611 2292 docti
643 2262 706 2292 viri
738 2265 871 2293 mutare

168 2306 351 2348 voluerint,
368 2319 432 2340 non
451 2310 560 2343 video.
583 2313 652 2343 dos.
668 2312 749 2344 Scal.

217 2358 383 2400 oscillum]
411 2362 542 2402 oscilla,
558 2361 646 2395 festa
662 2363 694 2394 in
712 2363 872 2395 honorem

170 2406 260 2438 Icari
290 2414 326 2440 et
352 2411 520 2452 Erigones
545 2414 586 2446 ab
611 2414 874 2447 Atheniensibus

171 2456 346 2491 instituta:
372 2462 444 2493 aliis
476 2463 509 2494 in
536 2465 699 2496 honorem
731 2466 872 2499 Bacchi.

169 2508 266 2549 Virg.
284 2519 324 2541 n.
342 2512 469 2553 Geor-g.
493 2516 502 2533 ‘
520 2516 660 2557 Oraque
685 2517 872 2548 corticibus

169 2566 308 2592 sumunt
324 2561 490 2595 horrenda
507 2567 648 2606 cavatis,
664 2568 709 2598 Et
725 2572 770 2604 te,
786 2568 873 2600 Bac-

170 2609 245 2646 che,
262 2617 384 2643 vocant
402 2622 462 2653 per
477 2617 625 2647 carmina
639 2617 730 2659 lanta,
743 2618 872 2660 tibique

172 2659 302 2692 Oscilla
333 2671 374 2693 ex
407 2663 477 2694 alta
513 2667 727 2706 suspendunt
757 2669 873 2700 mollia

171 2719 311 2752 quercu.
334 2712 473 2754 [pinu.]’
520 2714 652 2748 Graecis
669 2717 773 2758 anpaa
801 2719 870 2751 dic-

927 1956 974 1983 ta.
1021 1951 1110 1984 Vide
1134 1952 1284 1994 Hesych.
1307 1952 1340 1984 in
1365 1952 1469 1994 αἵωρα.
1514 1952 1555 1984 In
1578 1953 1631 1993 iis,

926 2002 1007 2035 sune
1034 2004 1077 2035 de
1106 2004 1201 2043 tigno
1234 2004 1287 2035 vel
1318 2005 1442 2036 arbore
1475 2004 1631 2045 religato,

929 2056 980 2086 vel
997 2055 1100 2086 etiam
1118 2060 1313 2087 transverso
1330 2056 1422 2096 tigno
1444 2055 1487 2086 de
1508 2056 1630 2086 arbore

926 2115 1101 2146 suspenso,
1131 2106 1163 2137 in
1192 2106 1270 2136 a'ere
1296 2106 1410 2137 librati
1439 2116 1569 2137 sursum
1594 2112 1629 2138 et

927 2155 1085 2187 deorsum
1102 2155 1312 2187 ferebantur.
1350 2158 1452 2188 Dicta
1466 2156 1572 2188 oscilla
1588 2157 1629 2188 ab

927 2216 979 2238 ore
994 2211 1029 2237 et
1044 2206 1143 2247 cilleo,
1161 2216 1289 2239 moveo.
1313 2207 1395 2238 Dae.

971 2264 985 2279 ¹¹
1012 2259 1077 2290 Nec
1094 2259 1218 2299 desunt,
1237 2259 1292 2299 qui
1310 2260 1483 2300 exemplum
1502 2260 1628 2291 Groeco-

926 2309 1012 2350 rum]
1033 2309 1167 2350 Nempe
1184 2309 1465 2342 Atheniensium:
1489 2321 1564 2352 qnae
1582 2312 1632 2342 in-

927 2359 981 2391 fra
1011 2360 1136 2391 desunt
1162 2360 1210 2391 sic
1240 2361 1432 2401 supplenda
1462 2361 1632 2393 arbitror:

925 2421 981 2451 per
995 2411 1224 2442 simulationem
1237 2412 1396 2452 suspendii
1414 2412 1495 2443 diem
1507 2412 1631 2450 festum

926 2461 1130 2493 oso-illationis
1156 2462 1379 2494 instituerunt:
1410 2467 1516 2494 totam
1541 2463 1629 2493 hanc

927 2514 1102 2545 historiam
1121 2512 1197 2545 fuse
1213 2514 1368 2555 Hyginus
1385 2514 1502 2545 fabula
1517 2523 1630 2546 cxxx.

927 2564 1017 2596 Vide
1042 2569 1075 2596 ct
1096 2565 1249 2596 Servium
1266 2574 1307 2597 ιι.
1324 2566 1452 2607 Georg.
1476 2566 1551 2597 loco
1575 2576 1630 2596 su·

928 2626 990 2657 pra
1014 2616 1163 2647 laudato.
1188 2617 1284 2648 Idem.

969 2673 984 2689 Χ
1004 2668 1148 2709 oscines]
1174 2669 1278 2699 Picus
1293 2667 1453 2699 Feronius
1471 2667 1583 2699 dictus
1608 2677 1627 2698 a

927 2720 1084 2761 Feronia,
1102 2725 1139 2752 ut
1158 2720 1305 2752 Martius
1322 2720 1478 2753 aMarte.
1525 2721 1628 2753 Fero-
