<?xml version="1.0" encoding="UTF-8"?>
<!DOCTYPE html PUBLIC "-//W3C//DTD XHTML 1.0 Transitional//EN"
    "http://www.w3.org/TR/xhtml1/DTD/xhtml1-transitional.dtd">
<html xmlns="http://www.w3.org/1999/xhtml" xml:lang="en" lang="en">
 <head>
  <title>
</title>
<meta http-equiv="Content-Type" content="text/html;charset=utf-8" />
  <meta name='ocr-system' content='tesseract 3.04.00' />
  <meta name='ocr-capabilities' content='ocr_page ocr_carea ocr_par ocr_line ocrx_word'/>
</head>
<body>
  <div class='ocr_page' id='page_1' title='image "./mverriiflacciqua01verruoft_0165.png"; bbox 0 0 1835 2906; ppageno 0'>
   <div class='ocr_carea' id='block_1_1' title="bbox 328 147 1365 181">
    <p class='ocr_par' dir='ltr' id='par_1_1' title="bbox 328 147 1365 181">
     <span class='ocr_line' id='line_1_1' title="bbox 328 147 1365 181; baseline -0.004 0"><span class='ocrx_word' id='word_1_1' title='bbox 328 151 388 181; x_wconf 84' lang='lat' dir='ltr'>DE</span> <span class='ocrx_word' id='word_1_2' title='bbox 423 149 691 181; x_wconf 83' lang='lat' dir='ltr'>VERBORUM</span> <span class='ocrx_word' id='word_1_3' title='bbox 725 147 1127 180; x_wconf 80' lang='lat' dir='ltr'>SlGNlFchTloNE</span> <span class='ocrx_word' id='word_1_4' title='bbox 1164 148 1260 178; x_wconf 84' lang='lat' dir='ltr'>LIB.</span> <span class='ocrx_word' id='word_1_5' title='bbox 1293 148 1365 178; x_wconf 86' lang='lat'>111.</span> 
     </span>
    </p>
   </div>
   <div class='ocr_carea' id='block_1_2' title="bbox 129 243 750 294">
    <p class='ocr_par' dir='ltr' id='par_1_2' title="bbox 129 243 750 294">
     <span class='ocr_line' id='line_1_2' title="bbox 129 243 750 294; baseline -0.003 -9"><span class='ocrx_word' id='word_1_6' title='bbox 129 244 334 294; x_wconf 74' lang='lat' dir='ltr'>Cillibae,¹</span> <span class='ocrx_word' id='word_1_7' title='bbox 357 257 519 286; x_wconf 84' lang='lat' dir='ltr'>mensae</span> <span class='ocrx_word' id='word_1_8' title='bbox 537 243 750 285; x_wconf 81' lang='lat' dir='ltr'>rotundae.</span> 
     </span>
    </p>
   </div>
   <div class='ocr_carea' id='block_1_3' title="bbox 1480 137 1565 178">
    <p class='ocr_par' dir='ltr' id='par_1_3' title="bbox 1480 137 1565 178">
     <span class='ocr_line' id='line_1_3' title="bbox 1480 137 1565 178; baseline 0.012 -1"><span class='ocrx_word' id='word_1_9' title='bbox 1480 137 1565 178; x_wconf 81' lang='lat'>155</span> 
     </span>
    </p>
   </div>
   <div class='ocr_carea' id='block_1_4' title="bbox 129 308 1571 633">
    <p class='ocr_par' dir='ltr' id='par_1_4' title="bbox 129 308 1127 364">
     <span class='ocr_line' id='line_1_4' title="bbox 129 308 1127 364; baseline -0.003 -12"><span class='ocrx_word' id='word_1_10' title='bbox 129 311 318 353; x_wconf 78' lang='lat' dir='ltr'>Cimbri⁵</span> <span class='ocrx_word' id='word_1_11' title='bbox 339 312 483 364; x_wconf 84' lang='lat' dir='ltr'>lingua.</span> <span class='ocrx_word' id='word_1_12' title='bbox 500 311 676 353; x_wconf 82' lang='lat' dir='ltr'>Gallica</span> <span class='ocrx_word' id='word_1_13' title='bbox 694 311 886 351; x_wconf 84' lang='lat' dir='ltr'>latrones</span> <span class='ocrx_word' id='word_1_14' title='bbox 908 308 1127 349; x_wconf 88' lang='lat' dir='ltr'>dicuntur.</span> 
     </span>
    </p>

    <p class='ocr_par' dir='ltr' id='par_1_5' title="bbox 129 375 1571 633">
     <span class='ocr_line' id='line_1_5' title="bbox 129 375 1569 429; baseline -0.003 -10"><span class='ocrx_word' id='word_1_15' title='bbox 129 377 351 419; x_wconf 81' lang='lat' dir='ltr'>Cimmerii</span> <span class='ocrx_word' id='word_1_16' title='bbox 366 379 377 400; x_wconf 61' lang='lat' dir='ltr'><strong>t</strong></span> <span class='ocrx_word' id='word_1_17' title='bbox 405 379 609 419; x_wconf 89' lang='lat' dir='ltr'>dicuntur</span> <span class='ocrx_word' id='word_1_18' title='bbox 628 378 842 425; x_wconf 82' lang='lat' dir='ltr'>homineS‚</span> <span class='ocrx_word' id='word_1_19' title='bbox 864 376 940 429; x_wconf 90' lang='lat' dir='ltr'>qui</span> <span class='ocrx_word' id='word_1_20' title='bbox 961 375 1195 427; x_wconf 84' lang='lat' dir='ltr'>frigoribus</span> <span class='ocrx_word' id='word_1_21' title='bbox 1217 376 1459 427; x_wconf 81' lang='lat' dir='ltr'>occupatas</span> <span class='ocrx_word' id='word_1_22' title='bbox 1484 378 1569 414; x_wconf 87' lang='lat' dir='ltr'>ter·</span> 
     </span>
     <span class='ocr_line' id='line_1_6' title="bbox 183 440 1569 498; baseline -0.004 -13"><span class='ocrx_word' id='word_1_23' title='bbox 183 458 254 486; x_wconf 86' lang='lat' dir='ltr'>ras</span> <span class='ocrx_word' id='word_1_24' title='bbox 275 445 484 495; x_wconf 87' lang='lat' dir='ltr'>incolunt,</span> <span class='ocrx_word' id='word_1_25' title='bbox 511 446 664 498; x_wconf 83' lang='lat' dir='ltr'>quales</span> <span class='ocrx_word' id='word_1_26' title='bbox 691 444 863 484; x_wconf 84' lang='lat' dir='ltr'>fuerunt</span> <span class='ocrx_word' id='word_1_27' title='bbox 889 444 1000 483; x_wconf 88' lang='lat' dir='ltr'>inter</span> <span class='ocrx_word' id='word_1_28' title='bbox 1022 441 1160 482; x_wconf 83' lang='lat' dir='ltr'>Baias</span> <span class='ocrx_word' id='word_1_29' title='bbox 1181 444 1225 481; x_wconf 84' lang='lat' dir='ltr'>et</span> <span class='ocrx_word' id='word_1_30' title='bbox 1245 440 1426 489; x_wconf 84' lang='lat' dir='ltr'>Cumas,</span> <span class='ocrx_word' id='word_1_31' title='bbox 1451 441 1495 480; x_wconf 91' lang='lat' dir='ltr'>in</span> <span class='ocrx_word' id='word_1_32' title='bbox 1515 453 1569 481; x_wconf 87' lang='lat' dir='ltr'>ea</span> 
     </span>
     <span class='ocr_line' id='line_1_7' title="bbox 186 507 1571 565; baseline -0.006 -12"><span class='ocrx_word' id='word_1_33' title='bbox 186 514 372 564; x_wconf 83' lang='lat' dir='ltr'>regione,</span> <span class='ocrx_word' id='word_1_34' title='bbox 391 513 437 552; x_wconf 91' lang='lat' dir='ltr'>in</span> <span class='ocrx_word' id='word_1_35' title='bbox 463 525 550 565; x_wconf 82' lang='lat' dir='ltr'>qua</span> <span class='ocrx_word' id='word_1_36' title='bbox 572 510 790 553; x_wconf 87' lang='lat' dir='ltr'>convallis</span> <span class='ocrx_word' id='word_1_37' title='bbox 819 510 928 550; x_wconf 83' lang='lat' dir='ltr'>satis</span> <span class='ocrx_word' id='word_1_38' title='bbox 951 508 1153 550; x_wconf 84' lang='lat' dir='ltr'>eminenti</span> <span class='ocrx_word' id='word_1_39' title='bbox 1170 507 1277 561; x_wconf 84' lang='lat' dir='ltr'>jugo</span> <span class='ocrx_word' id='word_1_40' title='bbox 1297 507 1571 547; x_wconf 82' lang='lat' dir='ltr'>circumdata</span> 
     </span>
     <span class='ocr_line' id='line_1_8' title="bbox 186 575 1567 633; baseline -0.007 -12"><span class='ocrx_word' id='word_1_41' title='bbox 186 583 252 620; x_wconf 86' lang='lat' dir='ltr'>est</span> <span class='ocrx_word' id='word_1_42' title='bbox 273 593 284 630; x_wconf 92' lang='lat'>;</span> <span class='ocrx_word' id='word_1_43' title='bbox 329 593 430 633; x_wconf 87' lang='lat' dir='ltr'>quae</span> <span class='ocrx_word' id='word_1_44' title='bbox 465 593 609 633; x_wconf 84' lang='lat' dir='ltr'>neque</span> <span class='ocrx_word' id='word_1_45' title='bbox 640 579 853 619; x_wconf 86' lang='lat' dir='ltr'>matutino</span> <span class='ocrx_word' id='word_1_46' title='bbox 900 589 1044 630; x_wconf 85' lang='lat' dir='ltr'>neque</span> <span class='ocrx_word' id='word_1_47' title='bbox 1078 575 1330 629; x_wconf 82' lang='lat' dir='ltr'>vespertino</span> <span class='ocrx_word' id='word_1_48' title='bbox 1367 579 1567 626; x_wconf 86' lang='lat' dir='ltr'>tempore</span> 
     </span>
    </p>
   </div>
   <div class='ocr_carea' id='block_1_5' title="bbox 189 647 565 699">
    <p class='ocr_par' dir='ltr' id='par_1_6' title="bbox 189 647 565 699">
     <span class='ocr_line' id='line_1_9' title="bbox 189 647 565 699; baseline -0.008 -11"><span class='ocrx_word' id='word_1_49' title='bbox 189 647 284 688; x_wconf 87' lang='lat' dir='ltr'>sole</span> <span class='ocrx_word' id='word_1_50' title='bbox 304 647 565 699; x_wconf 82' lang='lat' dir='ltr'>contegitur.</span> 
     </span>
    </p>
   </div>
   <div class='ocr_carea' id='block_1_6' title="bbox 782 762 922 795">
    <p class='ocr_par' dir='ltr' id='par_1_7' title="bbox 782 762 922 795">
     <span class='ocr_line' id='line_1_10' title="bbox 782 762 922 795; baseline 0 0"><span class='ocrx_word' id='word_1_51' title='bbox 782 762 922 795; x_wconf 83' lang='lat' dir='ltr'>NOTAE</span> 
     </span>
    </p>
   </div>
   <div class='ocr_carea' id='block_1_7' title="bbox 128 841 839 2730">
    <p class='ocr_par' dir='ltr' id='par_1_8' title="bbox 128 841 409 884">
     <span class='ocr_line' id='line_1_11' title="bbox 128 841 409 884; baseline -0.011 -10"><span class='ocrx_word' id='word_1_52' title='bbox 128 842 216 884; x_wconf 81' lang='lat' dir='ltr'>ligit.</span> <span class='ocrx_word' id='word_1_53' title='bbox 239 842 307 872; x_wconf 87' lang='lat' dir='ltr'>Jos.</span> <span class='ocrx_word' id='word_1_54' title='bbox 324 841 409 872; x_wconf 84' lang='lat' dir='ltr'>Scal.</span> 
     </span>
    </p>

    <p class='ocr_par' dir='ltr' id='par_1_9' title="bbox 130 889 827 1286">
     <span class='ocr_line' id='line_1_12' title="bbox 175 889 826 931; baseline -0.006 -8"><span class='ocrx_word' id='word_1_55' title='bbox 175 892 305 931; x_wconf 80' lang='lat' dir='ltr'>Cilium]</span> <span class='ocrx_word' id='word_1_56' title='bbox 330 893 430 922; x_wconf 87' lang='lat' dir='ltr'>Festo</span> <span class='ocrx_word' id='word_1_57' title='bbox 446 891 618 922; x_wconf 80' lang='lat' dir='ltr'>consentit</span> <span class='ocrx_word' id='word_1_58' title='bbox 635 889 756 921; x_wconf 86' lang='lat' dir='ltr'>Isidor.</span> <span class='ocrx_word' id='word_1_59' title='bbox 770 889 826 920; x_wconf 92' lang='lat' dir='ltr'>lib.</span> 
     </span>
     <span class='ocr_line' id='line_1_13' title="bbox 131 941 826 983; baseline -0.007 -9"><span class='ocrx_word' id='word_1_60' title='bbox 131 953 181 975; x_wconf 76' lang='lat' dir='ltr'>xr.</span> <span class='ocrx_word' id='word_1_61' title='bbox 197 953 273 983; x_wconf 78' lang='lat' dir='ltr'>cap.</span> <span class='ocrx_word' id='word_1_62' title='bbox 293 945 323 973; x_wconf 92' lang='lat' dir='ltr'>l.</span> <span class='ocrx_word' id='word_1_63' title='bbox 350 943 358 958; x_wconf 89' lang='lat'>‘</span> <span class='ocrx_word' id='word_1_64' title='bbox 377 941 484 979; x_wconf 84' lang='lat' dir='ltr'>Cilia,’</span> <span class='ocrx_word' id='word_1_65' title='bbox 498 941 617 982; x_wconf 88' lang='lat' dir='ltr'>iuquit,</span> <span class='ocrx_word' id='word_1_66' title='bbox 634 941 643 956; x_wconf 90' lang='lat'>‘</span> <span class='ocrx_word' id='word_1_67' title='bbox 658 944 737 970; x_wconf 88' lang='lat' dir='ltr'>sunt</span> <span class='ocrx_word' id='word_1_68' title='bbox 753 943 826 979; x_wconf 84' lang='lat' dir='ltr'>teg-</span> 
     </span>
     <span class='ocr_line' id='line_1_14' title="bbox 131 989 826 1033; baseline -0.009 -9"><span class='ocrx_word' id='word_1_69' title='bbox 131 994 233 1028; x_wconf 86' lang='lat' dir='ltr'>mina,</span> <span class='ocrx_word' id='word_1_70' title='bbox 251 992 373 1033; x_wconf 86' lang='lat' dir='ltr'>quibus</span> <span class='ocrx_word' id='word_1_71' title='bbox 398 991 640 1031; x_wconf 84' lang='lat' dir='ltr'>cooperiuntur</span> <span class='ocrx_word' id='word_1_72' title='bbox 666 989 766 1027; x_wconf 87' lang='lat' dir='ltr'>oculi,</span> <span class='ocrx_word' id='word_1_73' title='bbox 791 992 826 1019; x_wconf 88' lang='lat' dir='ltr'>et</span> 
     </span>
     <span class='ocr_line' id='line_1_15' title="bbox 130 1041 826 1083; baseline -0.007 -9"><span class='ocrx_word' id='word_1_74' title='bbox 130 1045 224 1075; x_wconf 85' lang='lat' dir='ltr'>dicta</span> <span class='ocrx_word' id='word_1_75' title='bbox 239 1043 316 1074; x_wconf 90' lang='lat' dir='ltr'>cilia</span> <span class='ocrx_word' id='word_1_76' title='bbox 328 1042 413 1083; x_wconf 88' lang='lat' dir='ltr'>quod</span> <span class='ocrx_word' id='word_1_77' title='bbox 429 1042 539 1073; x_wconf 87' lang='lat' dir='ltr'>celent</span> <span class='ocrx_word' id='word_1_78' title='bbox 553 1041 680 1079; x_wconf 90' lang='lat' dir='ltr'>oculos,</span> <span class='ocrx_word' id='word_1_79' title='bbox 693 1044 826 1079; x_wconf 80' lang='lat' dir='ltr'>tegant-</span> 
     </span>
     <span class='ocr_line' id='line_1_16' title="bbox 130 1090 827 1135; baseline -0.006 -12"><span class='ocrx_word' id='word_1_80' title='bbox 130 1104 196 1135; x_wconf 85' lang='lat' dir='ltr'>que</span> <span class='ocrx_word' id='word_1_81' title='bbox 220 1098 292 1125; x_wconf 87' lang='lat' dir='ltr'>tuta</span> <span class='ocrx_word' id='word_1_82' title='bbox 315 1091 492 1124; x_wconf 87' lang='lat' dir='ltr'>custodia.&#39;</span> <span class='ocrx_word' id='word_1_83' title='bbox 535 1090 602 1122; x_wconf 91' lang='lat' dir='ltr'>Sed</span> <span class='ocrx_word' id='word_1_84' title='bbox 628 1090 764 1130; x_wconf 76' lang='lat' dir='ltr'>proprie</span> <span class='ocrx_word' id='word_1_85' title='bbox 780 1090 827 1120; x_wconf 87' lang='lat' dir='ltr'>ci-</span> 
     </span>
     <span class='ocr_line' id='line_1_17' title="bbox 133 1140 827 1183; baseline -0.007 -8"><span class='ocrx_word' id='word_1_86' title='bbox 133 1146 213 1175; x_wconf 89' lang='lat' dir='ltr'>lium</span> <span class='ocrx_word' id='word_1_87' title='bbox 237 1149 290 1175; x_wconf 87' lang='lat' dir='ltr'>est</span> <span class='ocrx_word' id='word_1_88' title='bbox 318 1142 456 1183; x_wconf 87' lang='lat' dir='ltr'>crepido</span> <span class='ocrx_word' id='word_1_89' title='bbox 485 1140 666 1180; x_wconf 87' lang='lat' dir='ltr'>superioris</span> <span class='ocrx_word' id='word_1_90' title='bbox 690 1140 827 1176; x_wconf 62' lang='lat' dir='ltr'>tunicae,</span> 
     </span>
     <span class='ocr_line' id='line_1_18' title="bbox 130 1190 824 1234; baseline -0.009 -9"><span class='ocrx_word' id='word_1_91' title='bbox 130 1194 220 1226; x_wconf 88' lang='lat' dir='ltr'>unde</span> <span class='ocrx_word' id='word_1_92' title='bbox 242 1194 300 1234; x_wconf 85' lang='lat' dir='ltr'>pili</span> <span class='ocrx_word' id='word_1_93' title='bbox 324 1196 461 1224; x_wconf 86' lang='lat' dir='ltr'>exeunt.</span> <span class='ocrx_word' id='word_1_94' title='bbox 507 1190 605 1222; x_wconf 85' lang='lat' dir='ltr'>Unde</span> <span class='ocrx_word' id='word_1_95' title='bbox 628 1190 824 1230; x_wconf 78' lang='lat' dir='ltr'>supercilium</span> 
     </span>
     <span class='ocr_line' id='line_1_19' title="bbox 132 1241 643 1286; baseline -0.008 -11"><span class='ocrx_word' id='word_1_96' title='bbox 132 1245 220 1286; x_wconf 88' lang='lat' dir='ltr'>quod</span> <span class='ocrx_word' id='word_1_97' title='bbox 238 1253 340 1283; x_wconf 86' lang='lat' dir='ltr'>supra</span> <span class='ocrx_word' id='word_1_98' title='bbox 353 1243 462 1274; x_wconf 91' lang='lat' dir='ltr'>cilium</span> <span class='ocrx_word' id='word_1_99' title='bbox 481 1246 546 1272; x_wconf 84' lang='lat' dir='ltr'>est.</span> <span class='ocrx_word' id='word_1_100' title='bbox 563 1241 643 1272; x_wconf 81' lang='lat' dir='ltr'>Dae.</span> 
     </span>
    </p>

    <p class='ocr_par' dir='ltr' id='par_1_10' title="bbox 131 1291 836 2274">
     <span class='ocr_line' id='line_1_20' title="bbox 174 1291 822 1334; baseline -0.008 -9"><span class='ocrx_word' id='word_1_101' title='bbox 174 1299 185 1314; x_wconf 74' lang='lat'>¹</span> <span class='ocrx_word' id='word_1_102' title='bbox 212 1293 349 1334; x_wconf 81' lang='lat' dir='ltr'>Cillibae]</span> <span class='ocrx_word' id='word_1_103' title='bbox 375 1293 514 1324; x_wconf 76' lang='lat' dir='ltr'>Dicitur</span> <span class='ocrx_word' id='word_1_104' title='bbox 546 1297 582 1322; x_wconf 88' lang='lat' dir='ltr'>et</span> <span class='ocrx_word' id='word_1_105' title='bbox 617 1291 822 1322; x_wconf 82' lang='lat' dir='ltr'>cilibantum:</span> 
     </span>
     <span class='ocr_line' id='line_1_21' title="bbox 131 1330 827 1375; baseline -0.007 0"><span class='ocrx_word' id='word_1_106' title='bbox 131 1345 239 1375; x_wconf 88' lang='lat' dir='ltr'>Varro</span> <span class='ocrx_word' id='word_1_107' title='bbox 267 1344 324 1374; x_wconf 90' lang='lat' dir='ltr'>lib.</span> <span class='ocrx_word' id='word_1_108' title='bbox 347 1352 397 1374; x_wconf 82' lang='lat' dir='ltr'>lv.</span> <span class='ocrx_word' id='word_1_109' title='bbox 420 1344 430 1361; x_wconf 91' lang='lat'>‘</span> <span class='ocrx_word' id='word_1_110' title='bbox 449 1343 569 1373; x_wconf 82' lang='lat' dir='ltr'>Mensa</span> <span class='ocrx_word' id='word_1_111' title='bbox 601 1330 752 1372; x_wconf 61' lang='lat' dir='ltr'>rotunda&#39;</span> <span class='ocrx_word' id='word_1_112' title='bbox 769 1350 827 1371; x_wconf 89' lang='lat' dir='ltr'>no-</span> 
     </span>
     <span class='ocr_line' id='line_1_22' title="bbox 131 1391 828 1428; baseline -0.007 -2"><span class='ocrx_word' id='word_1_113' title='bbox 131 1394 325 1426; x_wconf 83' lang='lat' dir='ltr'>minabatur</span> <span class='ocrx_word' id='word_1_114' title='bbox 348 1393 560 1428; x_wconf 89' lang='lat' dir='ltr'>cilibantum,</span> <span class='ocrx_word' id='word_1_115' title='bbox 581 1396 617 1422; x_wconf 87' lang='lat' dir='ltr'>ut</span> <span class='ocrx_word' id='word_1_116' title='bbox 643 1391 828 1422; x_wconf 84' lang='lat' dir='ltr'>etiamnum</span> 
     </span>
     <span class='ocr_line' id='line_1_23' title="bbox 131 1443 829 1476; baseline -0.006 0"><span class='ocrx_word' id='word_1_117' title='bbox 131 1446 166 1476; x_wconf 92' lang='lat' dir='ltr'>in</span> <span class='ocrx_word' id='word_1_118' title='bbox 194 1445 333 1476; x_wconf 85' lang='lat' dir='ltr'>castris:</span> <span class='ocrx_word' id='word_1_119' title='bbox 359 1444 392 1475; x_wconf 90' lang='lat' dir='ltr'>id</span> <span class='ocrx_word' id='word_1_120' title='bbox 420 1444 556 1474; x_wconf 86' lang='lat' dir='ltr'>videtur</span> <span class='ocrx_word' id='word_1_121' title='bbox 585 1443 790 1474; x_wconf 87' lang='lat' dir='ltr'>declinatum</span> <span class='ocrx_word' id='word_1_122' title='bbox 810 1452 829 1472; x_wconf 91' lang='lat' dir='ltr'>a</span> 
     </span>
     <span class='ocr_line' id='line_1_24' title="bbox 133 1492 828 1535; baseline -0.004 -9"><span class='ocrx_word' id='word_1_123' title='bbox 133 1496 271 1535; x_wconf 76' lang='lat' dir='ltr'>Graeco,</span> <span class='ocrx_word' id='word_1_124' title='bbox 288 1494 348 1525; x_wconf 79' lang='grc' dir='ltr'>ἀπὸ</span> <span class='ocrx_word' id='word_1_125' title='bbox 367 1495 423 1525; x_wconf 83' lang='grc' dir='ltr'>τοῦ</span> <span class='ocrx_word' id='word_1_126' title='bbox 448 1492 597 1525; x_wconf 57' lang='lat' dir='ltr'>reminas?</span> <span class='ocrx_word' id='word_1_127' title='bbox 641 1494 768 1524; x_wconf 86' lang='lat' dir='ltr'>Verum</span> <span class='ocrx_word' id='word_1_128' title='bbox 796 1493 828 1523; x_wconf 82' lang='lat' dir='ltr'>in</span> 
     </span>
     <span class='ocr_line' id='line_1_25' title="bbox 133 1543 828 1586; baseline -0.004 -10"><span class='ocrx_word' id='word_1_129' title='bbox 133 1551 248 1586; x_wconf 84' lang='lat' dir='ltr'>etymo</span> <span class='ocrx_word' id='word_1_130' title='bbox 276 1545 404 1576; x_wconf 83' lang='lat' dir='ltr'>fallitur</span> <span class='ocrx_word' id='word_1_131' title='bbox 433 1546 552 1576; x_wconf 88' lang='lat' dir='ltr'>Varro.</span> <span class='ocrx_word' id='word_1_132' title='bbox 599 1544 687 1575; x_wconf 87' lang='lat' dir='ltr'>Nam</span> <span class='ocrx_word' id='word_1_133' title='bbox 717 1543 828 1574; x_wconf 76' lang='lat' dir='ltr'>cillibae</span> 
     </span>
     <span class='ocr_line' id='line_1_26' title="bbox 131 1595 828 1633; baseline -0.006 -6"><span class='ocrx_word' id='word_1_134' title='bbox 131 1597 234 1628; x_wconf 77' lang='lat' dir='ltr'>dictae</span> <span class='ocrx_word' id='word_1_135' title='bbox 250 1607 269 1627; x_wconf 90' lang='lat' dir='ltr'>a.</span> <span class='ocrx_word' id='word_1_136' title='bbox 281 1596 404 1628; x_wconf 76' lang='lat' dir='ltr'>Graeco</span> <span class='ocrx_word' id='word_1_137' title='bbox 415 1595 572 1631; x_wconf 83' lang='grc' dir='ltr'>κιλλίβας,</span> <span class='ocrx_word' id='word_1_138' title='bbox 585 1595 828 1633; x_wconf 81' lang='lat' dir='ltr'>mensatripes,</span> 
     </span>
     <span class='ocr_line' id='line_1_27' title="bbox 133 1642 829 1686; baseline -0.006 -10"><span class='ocrx_word' id='word_1_139' title='bbox 133 1656 236 1686; x_wconf 81' lang='lat' dir='ltr'>snpra</span> <span class='ocrx_word' id='word_1_140' title='bbox 252 1655 350 1686; x_wconf 86' lang='lat' dir='ltr'>quam</span> <span class='ocrx_word' id='word_1_141' title='bbox 370 1645 555 1686; x_wconf 82' lang='lat' dir='ltr'>antiquitus</span> <span class='ocrx_word' id='word_1_142' title='bbox 580 1644 667 1675; x_wconf 90' lang='lat' dir='ltr'>bello</span> <span class='ocrx_word' id='word_1_143' title='bbox 687 1642 829 1674; x_wconf 83' lang='lat' dir='ltr'>redeun-</span> 
     </span>
     <span class='ocr_line' id='line_1_28' title="bbox 134 1691 829 1736; baseline -0.006 -11"><span class='ocrx_word' id='word_1_144' title='bbox 134 1699 186 1726; x_wconf 81' lang='lat' dir='ltr'>tes</span> <span class='ocrx_word' id='word_1_145' title='bbox 202 1695 335 1736; x_wconf 80' lang='lat' dir='ltr'>clypeos</span> <span class='ocrx_word' id='word_1_146' title='bbox 352 1694 574 1734; x_wconf 86' lang='lat' dir='ltr'>reponebant.</span> <span class='ocrx_word' id='word_1_147' title='bbox 611 1691 782 1731; x_wconf 76' lang='lat' dir='ltr'>Aristoph.</span> <span class='ocrx_word' id='word_1_148' title='bbox 796 1692 829 1721; x_wconf 90' lang='lat' dir='ltr'>in</span> 
     </span>
     <span class='ocr_line' id='line_1_29' title="bbox 136 1741 830 1780; baseline -0.006 -5"><span class='ocrx_word' id='word_1_149' title='bbox 136 1744 280 1775; x_wconf 69' lang='lat' dir='ltr'>Achai-n.</span> <span class='ocrx_word' id='word_1_150' title='bbox 301 1743 375 1775; x_wconf 82' lang='grc' dir='ltr'>Τοὺς</span> <span class='ocrx_word' id='word_1_151' title='bbox 387 1743 590 1778; x_wconf 80' lang='grc' dir='ltr'>κιλλίβαντας</span> <span class='ocrx_word' id='word_1_152' title='bbox 601 1741 680 1780; x_wconf 78' lang='grc' dir='ltr'>οἶσε,</span> <span class='ocrx_word' id='word_1_153' title='bbox 694 1742 760 1780; x_wconf 86' lang='grc' dir='ltr'>παῖ,</span> <span class='ocrx_word' id='word_1_154' title='bbox 773 1742 830 1777; x_wconf 81' lang='grc' dir='ltr'>τῆς</span> 
     </span>
     <span class='ocr_line' id='line_1_30' title="bbox 134 1791 831 1832; baseline -0.007 -7"><span class='ocrx_word' id='word_1_155' title='bbox 134 1794 273 1825; x_wconf 83' lang='grc' dir='ltr'>ἀσπίδος.</span> <span class='ocrx_word' id='word_1_156' title='bbox 295 1795 304 1810; x_wconf 93' lang='lat'>‘</span> <span class='ocrx_word' id='word_1_157' title='bbox 323 1794 525 1824; x_wconf 82' lang='lat' dir='ltr'>Cillihautes</span> <span class='ocrx_word' id='word_1_158' title='bbox 543 1791 637 1830; x_wconf 84' lang='lat' dir='ltr'>affer,</span> <span class='ocrx_word' id='word_1_159' title='bbox 653 1800 748 1832; x_wconf 88' lang='lat' dir='ltr'>puer,</span> <span class='ocrx_word' id='word_1_160' title='bbox 764 1791 831 1830; x_wconf 88' lang='lat' dir='ltr'>cly-</span> 
     </span>
     <span class='ocr_line' id='line_1_31' title="bbox 136 1839 831 1885; baseline -0.009 -10"><span class='ocrx_word' id='word_1_161' title='bbox 136 1843 298 1885; x_wconf 84' lang='lat' dir='ltr'>peorum.’</span> <span class='ocrx_word' id='word_1_162' title='bbox 327 1843 394 1874; x_wconf 87' lang='lat' dir='ltr'>Ubi</span> <span class='ocrx_word' id='word_1_163' title='bbox 410 1843 636 1874; x_wconf 89' lang='lat' dir='ltr'>Scholiastes:</span> <span class='ocrx_word' id='word_1_164' title='bbox 661 1839 831 1875; x_wconf 84' lang='grc' dir='ltr'>Κιλλίβαν-</span> 
     </span>
     <span class='ocr_line' id='line_1_32' title="bbox 134 1888 834 1932; baseline -0.007 -8"><span class='ocrx_word' id='word_1_165' title='bbox 134 1905 203 1932; x_wconf 79' lang='grc' dir='ltr'>τας,</span> <span class='ocrx_word' id='word_1_166' title='bbox 227 1893 376 1932; x_wconf 83' lang='grc' dir='ltr'>τρισκελῆ</span> <span class='ocrx_word' id='word_1_167' title='bbox 401 1904 470 1922; x_wconf 83' lang='grc' dir='ltr'>τινα</span> <span class='ocrx_word' id='word_1_168' title='bbox 491 1890 703 1930; x_wconf 83' lang='grc' dir='ltr'>σκευάσματα,</span> <span class='ocrx_word' id='word_1_169' title='bbox 720 1890 767 1929; x_wconf 84' lang='grc' dir='ltr'>ἐφ’</span> <span class='ocrx_word' id='word_1_170' title='bbox 794 1888 834 1920; x_wconf 73' lang='grc' dir='ltr'>ὧν</span> 
     </span>
     <span class='ocr_line' id='line_1_33' title="bbox 136 1939 835 1979; baseline -0.006 -5"><span class='ocrx_word' id='word_1_171' title='bbox 136 1942 305 1974; x_wconf 84' lang='grc' dir='ltr'>ἐπιτιθέασι</span> <span class='ocrx_word' id='word_1_172' title='bbox 332 1942 389 1973; x_wconf 79' lang='grc' dir='ltr'>τὰς</span> <span class='ocrx_word' id='word_1_173' title='bbox 412 1941 551 1977; x_wconf 81' lang='grc' dir='ltr'>ἀσπίδας,</span> <span class='ocrx_word' id='word_1_174' title='bbox 569 1941 692 1972; x_wconf 80' lang='grc' dir='ltr'>ἐπειδὰν</span> <span class='ocrx_word' id='word_1_175' title='bbox 716 1939 835 1979; x_wconf 77' lang='grc' dir='ltr'>κάμωσι</span> 
     </span>
     <span class='ocr_line' id='line_1_34' title="bbox 135 1992 833 2032; baseline -0.004 -8"><span class='ocrx_word' id='word_1_176' title='bbox 135 1994 351 2032; x_wconf 71' lang='grc' dir='ltr'>πολεμοῦντες.</span> <span class='ocrx_word' id='word_1_177' title='bbox 396 1993 436 2024; x_wconf 90' lang='lat' dir='ltr'>Id</span> <span class='ocrx_word' id='word_1_178' title='bbox 461 1998 523 2027; x_wconf 86' lang='lat' dir='ltr'>est,</span> <span class='ocrx_word' id='word_1_179' title='bbox 552 1992 756 2030; x_wconf 63' lang='lat' dir='ltr'>muhamas,</span> <span class='ocrx_word' id='word_1_180' title='bbox 783 1995 833 2022; x_wconf 91' lang='lat' dir='ltr'>ta-</span> 
     </span>
     <span class='ocr_line' id='line_1_35' title="bbox 136 2039 836 2084; baseline -0.006 -10"><span class='ocrx_word' id='word_1_181' title='bbox 136 2044 232 2074; x_wconf 86' lang='lat' dir='ltr'>bulas</span> <span class='ocrx_word' id='word_1_182' title='bbox 253 2042 413 2084; x_wconf 80' lang='lat' dir='ltr'>quasdam</span> <span class='ocrx_word' id='word_1_183' title='bbox 438 2041 545 2073; x_wconf 87' lang='lat' dir='ltr'>tribus</span> <span class='ocrx_word' id='word_1_184' title='bbox 563 2041 705 2081; x_wconf 85' lang='lat' dir='ltr'>pedibus</span> <span class='ocrx_word' id='word_1_185' title='bbox 721 2039 836 2079; x_wconf 86' lang='lat' dir='ltr'>fultas,</span> 
     </span>
     <span class='ocr_line' id='line_1_36' title="bbox 136 2090 835 2134; baseline -0.007 -9"><span class='ocrx_word' id='word_1_186' title='bbox 136 2103 240 2134; x_wconf 86' lang='lat' dir='ltr'>supra</span> <span class='ocrx_word' id='word_1_187' title='bbox 265 2103 348 2134; x_wconf 81' lang='lat' dir='ltr'>quas</span> <span class='ocrx_word' id='word_1_188' title='bbox 374 2093 512 2133; x_wconf 82' lang='lat' dir='ltr'>clypeos</span> <span class='ocrx_word' id='word_1_189' title='bbox 529 2095 660 2132; x_wconf 90' lang='lat' dir='ltr'>ponunt</span> <span class='ocrx_word' id='word_1_190' title='bbox 683 2091 739 2132; x_wconf 91' lang='lat' dir='ltr'>qui</span> <span class='ocrx_word' id='word_1_191' title='bbox 765 2090 835 2121; x_wconf 93' lang='lat' dir='ltr'>bel-</span> 
     </span>
     <span class='ocr_line' id='line_1_37' title="bbox 137 2140 836 2174; baseline -0.004 0"><span class='ocrx_word' id='word_1_192' title='bbox 137 2143 237 2174; x_wconf 89' lang='lat' dir='ltr'>lando</span> <span class='ocrx_word' id='word_1_193' title='bbox 253 2142 378 2174; x_wconf 82' lang='lat' dir='ltr'>defessi</span> <span class='ocrx_word' id='word_1_194' title='bbox 400 2146 489 2172; x_wconf 84' lang='lat' dir='ltr'>sunt.</span> <span class='ocrx_word' id='word_1_195' title='bbox 534 2140 588 2172; x_wconf 90' lang='lat' dir='ltr'>Ab</span> <span class='ocrx_word' id='word_1_196' title='bbox 612 2141 729 2172; x_wconf 83' lang='lat' dir='ltr'>harum</span> <span class='ocrx_word' id='word_1_197' title='bbox 745 2140 836 2171; x_wconf 90' lang='lat' dir='ltr'>simi-</span> 
     </span>
     <span class='ocr_line' id='line_1_38' title="bbox 137 2190 836 2232; baseline -0.004 -8"><span class='ocrx_word' id='word_1_198' title='bbox 137 2193 280 2224; x_wconf 84' lang='lat' dir='ltr'>litudine</span> <span class='ocrx_word' id='word_1_199' title='bbox 318 2193 515 2232; x_wconf 87' lang='lat' dir='ltr'>poculorum</span> <span class='ocrx_word' id='word_1_200' title='bbox 559 2201 685 2222; x_wconf 85' lang='lat' dir='ltr'>mensae</span> <span class='ocrx_word' id='word_1_201' title='bbox 722 2190 836 2222; x_wconf 78' lang='lat' dir='ltr'>cillibae</span> 
     </span>
     <span class='ocr_line' id='line_1_39' title="bbox 138 2242 490 2274; baseline -0.009 0"><span class='ocrx_word' id='word_1_202' title='bbox 138 2242 240 2274; x_wconf 83' lang='lat' dir='ltr'>etiam</span> <span class='ocrx_word' id='word_1_203' title='bbox 256 2242 369 2273; x_wconf 79' lang='lat' dir='ltr'>dictae.</span> <span class='ocrx_word' id='word_1_204' title='bbox 393 2243 490 2272; x_wconf 85' lang='lat' dir='ltr'>Idem.</span> 
     </span>
    </p>

    <p class='ocr_par' dir='ltr' id='par_1_11' title="bbox 140 2288 839 2673">
     <span class='ocr_line' id='line_1_40' title="bbox 180 2288 839 2332; baseline -0.003 -10"><span class='ocrx_word' id='word_1_205' title='bbox 180 2297 191 2312; x_wconf 55' lang='grc' dir='ltr'><strong><em>ἲ</em></strong></span> <span class='ocrx_word' id='word_1_206' title='bbox 211 2291 345 2331; x_wconf 78' lang='lat' dir='ltr'>Cimbri]</span> <span class='ocrx_word' id='word_1_207' title='bbox 366 2289 530 2332; x_wconf 83' lang='grc' dir='ltr'>Λῃστρικοὶ</span> <span class='ocrx_word' id='word_1_208' title='bbox 540 2299 633 2329; x_wconf 85' lang='lat' dir='ltr'>sane,</span> <span class='ocrx_word' id='word_1_209' title='bbox 647 2289 698 2321; x_wconf 79' lang='grc' dir='ltr'>καὶ</span> <span class='ocrx_word' id='word_1_210' title='bbox 720 2288 839 2326; x_wconf 83' lang='grc' dir='ltr'>πλάνη-</span> 
     </span>
     <span class='ocr_line' id='line_1_41' title="bbox 140 2340 837 2380; baseline -0.004 -7"><span class='ocrx_word' id='word_1_211' title='bbox 140 2353 193 2373; x_wconf 81' lang='grc' dir='ltr'>τες</span> <span class='ocrx_word' id='word_1_212' title='bbox 207 2341 354 2372; x_wconf 83' lang='lat' dir='ltr'>fuerunt.</span> <span class='ocrx_word' id='word_1_213' title='bbox 398 2341 467 2372; x_wconf 86' lang='lat' dir='ltr'>Sed</span> <span class='ocrx_word' id='word_1_214' title='bbox 483 2350 551 2372; x_wconf 90' lang='lat' dir='ltr'>non</span> <span class='ocrx_word' id='word_1_215' title='bbox 575 2341 681 2380; x_wconf 86' lang='lat' dir='ltr'>magis</span> <span class='ocrx_word' id='word_1_216' title='bbox 700 2340 837 2372; x_wconf 85' lang='lat' dir='ltr'>Cimber</span> 
     </span>
     <span class='ocr_line' id='line_1_42' title="bbox 140 2390 837 2431; baseline -0.004 -8"><span class='ocrx_word' id='word_1_217' title='bbox 140 2394 305 2423; x_wconf 86' lang='lat' dir='ltr'>latronem</span> <span class='ocrx_word' id='word_1_218' title='bbox 319 2390 501 2431; x_wconf 82' lang='lat' dir='ltr'>significat,</span> <span class='ocrx_word' id='word_1_219' title='bbox 518 2400 616 2431; x_wconf 89' lang='lat' dir='ltr'>quam</span> <span class='ocrx_word' id='word_1_220' title='bbox 634 2391 771 2421; x_wconf 87' lang='lat' dir='ltr'>Isaurus</span> <span class='ocrx_word' id='word_1_221' title='bbox 788 2390 837 2430; x_wconf 90' lang='lat' dir='ltr'>pi-</span> 
     </span>
     <span class='ocr_line' id='line_1_43' title="bbox 141 2439 837 2479; baseline -0.004 -6"><span class='ocrx_word' id='word_1_222' title='bbox 141 2446 270 2479; x_wconf 85' lang='lat' dir='ltr'>ratam3</span> <span class='ocrx_word' id='word_1_223' title='bbox 295 2440 437 2479; x_wconf 86' lang='lat' dir='ltr'>Ambro,</span> <span class='ocrx_word' id='word_1_224' title='bbox 453 2439 666 2479; x_wconf 86' lang='lat' dir='ltr'>dissolutum,</span> <span class='ocrx_word' id='word_1_225' title='bbox 684 2450 724 2471; x_wconf 87' lang='lat' dir='ltr'>ac</span> <span class='ocrx_word' id='word_1_226' title='bbox 742 2450 837 2471; x_wconf 85' lang='lat' dir='ltr'>vora-</span> 
     </span>
     <span class='ocr_line' id='line_1_44' title="bbox 141 2490 838 2531; baseline -0.004 -8"><span class='ocrx_word' id='word_1_227' title='bbox 141 2502 236 2530; x_wconf 91' lang='lat' dir='ltr'>cem;</span> <span class='ocrx_word' id='word_1_228' title='bbox 262 2492 404 2531; x_wconf 85' lang='lat' dir='ltr'>Opicus,</span> <span class='ocrx_word' id='word_1_229' title='bbox 421 2491 625 2522; x_wconf 75' lang='lat' dir='ltr'>obscoenum.</span> <span class='ocrx_word' id='word_1_230' title='bbox 668 2490 734 2520; x_wconf 89' lang='lat' dir='ltr'>Sed</span> <span class='ocrx_word' id='word_1_231' title='bbox 759 2490 838 2530; x_wconf 77' lang='lat' dir='ltr'>quia</span> 
     </span>
     <span class='ocr_line' id='line_1_45' title="bbox 143 2539 838 2579; baseline -0.007 -6"><span class='ocrx_word' id='word_1_232' title='bbox 143 2543 228 2573; x_wconf 85' lang='lat' dir='ltr'>tales</span> <span class='ocrx_word' id='word_1_233' title='bbox 243 2540 382 2572; x_wconf 86' lang='lat' dir='ltr'>fuerunt</span> <span class='ocrx_word' id='word_1_234' title='bbox 405 2550 454 2571; x_wconf 90' lang='lat' dir='ltr'>eae</span> <span class='ocrx_word' id='word_1_235' title='bbox 480 2540 646 2579; x_wconf 82' lang='lat' dir='ltr'>nationes,</span> <span class='ocrx_word' id='word_1_236' title='bbox 660 2539 702 2570; x_wconf 90' lang='lat' dir='ltr'>de</span> <span class='ocrx_word' id='word_1_237' title='bbox 725 2548 838 2569; x_wconf 88' lang='lat' dir='ltr'>earnm</span> 
     </span>
     <span class='ocr_line' id='line_1_46' title="bbox 142 2589 838 2631; baseline -0.004 -9"><span class='ocrx_word' id='word_1_238' title='bbox 142 2591 274 2622; x_wconf 81' lang='lat' dir='ltr'>nomine</span> <span class='ocrx_word' id='word_1_239' title='bbox 292 2600 461 2629; x_wconf 84' lang='lat' dir='ltr'>vocamuS,</span> <span class='ocrx_word' id='word_1_240' title='bbox 482 2589 537 2631; x_wconf 87' lang='lat' dir='ltr'>qui</span> <span class='ocrx_word' id='word_1_241' title='bbox 559 2590 644 2620; x_wconf 88' lang='lat' dir='ltr'>tales</span> <span class='ocrx_word' id='word_1_242' title='bbox 668 2591 757 2620; x_wconf 87' lang='lat' dir='ltr'>sunt.</span> <span class='ocrx_word' id='word_1_243' title='bbox 771 2589 838 2619; x_wconf 71' lang='lat' dir='ltr'><strong><em>JOS.</em></strong></span> 
     </span>
     <span class='ocr_line' id='line_1_47' title="bbox 145 2642 230 2673; baseline -0.035 0"><span class='ocrx_word' id='word_1_244' title='bbox 145 2642 230 2673; x_wconf 81' lang='lat' dir='ltr'>Scal.</span> 
     </span>
    </p>

    <p class='ocr_par' dir='ltr' id='par_1_12' title="bbox 191 2687 837 2730">
     <span class='ocr_line' id='line_1_48' title="bbox 191 2687 837 2730; baseline -0.006 -9"><span class='ocrx_word' id='word_1_245' title='bbox 191 2689 324 2730; x_wconf 78' lang='lat' dir='ltr'>Cimbri]</span> <span class='ocrx_word' id='word_1_246' title='bbox 352 2689 545 2721; x_wconf 80' lang='lat' dir='ltr'>Germaniae</span> <span class='ocrx_word' id='word_1_247' title='bbox 572 2687 837 2729; x_wconf 85' lang='lat' dir='ltr'>Septemtriona-</span> 
     </span>
    </p>
   </div>
   <div class='ocr_carea' id='block_1_8' title="bbox 880 837 1589 2721">
    <p class='ocr_par' dir='ltr' id='par_1_13' title="bbox 880 837 1575 1020">
     <span class='ocr_line' id='line_1_49' title="bbox 880 837 1570 879; baseline -0.003 -10"><span class='ocrx_word' id='word_1_248' title='bbox 880 839 930 869; x_wconf 87' lang='lat' dir='ltr'>les</span> <span class='ocrx_word' id='word_1_249' title='bbox 948 838 1074 879; x_wconf 89' lang='lat' dir='ltr'>populi,</span> <span class='ocrx_word' id='word_1_250' title='bbox 1089 838 1145 879; x_wconf 90' lang='lat' dir='ltr'>qui</span> <span class='ocrx_word' id='word_1_251' title='bbox 1161 847 1236 869; x_wconf 91' lang='lat' dir='ltr'>cum</span> <span class='ocrx_word' id='word_1_252' title='bbox 1252 838 1316 868; x_wconf 88' lang='lat' dir='ltr'>huc</span> <span class='ocrx_word' id='word_1_253' title='bbox 1334 841 1369 868; x_wconf 85' lang='lat' dir='ltr'>et</span> <span class='ocrx_word' id='word_1_254' title='bbox 1386 837 1464 868; x_wconf 88' lang='lat' dir='ltr'>illuc</span> <span class='ocrx_word' id='word_1_255' title='bbox 1481 847 1570 878; x_wconf 80' lang='lat' dir='ltr'>prae-</span> 
     </span>
     <span class='ocr_line' id='line_1_50' title="bbox 880 887 1575 929; baseline -0.003 -10"><span class='ocrx_word' id='word_1_256' title='bbox 880 889 1030 920; x_wconf 87' lang='lat' dir='ltr'>dabundi</span> <span class='ocrx_word' id='word_1_257' title='bbox 1047 893 1262 929; x_wconf 85' lang='lat' dir='ltr'>vagarentur,</span> <span class='ocrx_word' id='word_1_258' title='bbox 1278 888 1355 918; x_wconf 85' lang='lat' dir='ltr'>inde</span> <span class='ocrx_word' id='word_1_259' title='bbox 1379 887 1505 918; x_wconf 89' lang='lat' dir='ltr'>factum</span> <span class='ocrx_word' id='word_1_260' title='bbox 1521 892 1575 917; x_wconf 86' lang='lat' dir='ltr'>est</span> 
     </span>
     <span class='ocr_line' id='line_1_51' title="bbox 881 937 1575 977; baseline -0.006 -7"><span class='ocrx_word' id='word_1_261' title='bbox 881 945 918 970; x_wconf 88' lang='lat' dir='ltr'>nt</span> <span class='ocrx_word' id='word_1_262' title='bbox 944 940 1145 970; x_wconf 85' lang='lat' dir='ltr'>Germanica</span> <span class='ocrx_word' id='word_1_263' title='bbox 1172 943 1205 970; x_wconf 89' lang='lat' dir='ltr'>et</span> <span class='ocrx_word' id='word_1_264' title='bbox 1230 938 1365 969; x_wconf 85' lang='lat' dir='ltr'>Gallica</span> <span class='ocrx_word' id='word_1_265' title='bbox 1389 938 1502 977; x_wconf 85' lang='lat' dir='ltr'>lingua</span> <span class='ocrx_word' id='word_1_266' title='bbox 1530 937 1575 967; x_wconf 84' lang='lat' dir='ltr'>la-</span> 
     </span>
     <span class='ocr_line' id='line_1_52' title="bbox 881 988 1458 1020; baseline -0.005 0"><span class='ocrx_word' id='word_1_267' title='bbox 881 995 993 1020; x_wconf 87' lang='lat' dir='ltr'>trones</span> <span class='ocrx_word' id='word_1_268' title='bbox 1013 990 1131 1020; x_wconf 78' lang='lat' dir='ltr'>Cimbri</span> <span class='ocrx_word' id='word_1_269' title='bbox 1147 989 1354 1020; x_wconf 86' lang='lat' dir='ltr'>dicerentur.</span> <span class='ocrx_word' id='word_1_270' title='bbox 1378 988 1458 1018; x_wconf 80' lang='lat' dir='ltr'>Dae.</span> 
     </span>
    </p>

    <p class='ocr_par' dir='ltr' id='par_1_14' title="bbox 880 1038 1589 2721">
     <span class='ocr_line' id='line_1_53' title="bbox 923 1038 1575 1078; baseline -0.005 -8"><span class='ocrx_word' id='word_1_271' title='bbox 923 1040 932 1059; x_wconf 67' lang='lat'>2</span> <span class='ocrx_word' id='word_1_272' title='bbox 957 1038 1130 1078; x_wconf 80' lang='lat' dir='ltr'>Cimmerii]</span> <span class='ocrx_word' id='word_1_273' title='bbox 1154 1039 1348 1070; x_wconf 79' lang='lat' dir='ltr'>Cimmerios</span> <span class='ocrx_word' id='word_1_274' title='bbox 1375 1038 1408 1068; x_wconf 93' lang='lat' dir='ltr'>in</span> <span class='ocrx_word' id='word_1_275' title='bbox 1432 1038 1575 1077; x_wconf 86' lang='lat' dir='ltr'>Campa-</span> 
     </span>
     <span class='ocr_line' id='line_1_54' title="bbox 880 1088 1574 1128; baseline -0.003 -9"><span class='ocrx_word' id='word_1_276' title='bbox 880 1088 934 1119; x_wconf 89' lang='lat' dir='ltr'>nia</span> <span class='ocrx_word' id='word_1_277' title='bbox 946 1089 1036 1120; x_wconf 85' lang='lat' dir='ltr'>circa</span> <span class='ocrx_word' id='word_1_278' title='bbox 1047 1089 1146 1119; x_wconf 87' lang='lat' dir='ltr'>Baias</span> <span class='ocrx_word' id='word_1_279' title='bbox 1160 1093 1195 1119; x_wconf 88' lang='lat' dir='ltr'>et</span> <span class='ocrx_word' id='word_1_280' title='bbox 1208 1088 1330 1119; x_wconf 83' lang='lat' dir='ltr'>Cumas</span> <span class='ocrx_word' id='word_1_281' title='bbox 1341 1097 1448 1128; x_wconf 86' lang='lat' dir='ltr'>prope</span> <span class='ocrx_word' id='word_1_282' title='bbox 1465 1088 1574 1118; x_wconf 88' lang='lat' dir='ltr'>lacum</span> 
     </span>
     <span class='ocr_line' id='line_1_55' title="bbox 881 1137 1576 1178; baseline -0.006 -8"><span class='ocrx_word' id='word_1_283' title='bbox 881 1138 1056 1170; x_wconf 86' lang='lat' dir='ltr'>Avernum</span> <span class='ocrx_word' id='word_1_284' title='bbox 1084 1143 1254 1170; x_wconf 85' lang='lat' dir='ltr'>testantur</span> <span class='ocrx_word' id='word_1_285' title='bbox 1280 1137 1495 1178; x_wconf 86' lang='lat' dir='ltr'>Lycophron‚</span> <span class='ocrx_word' id='word_1_286' title='bbox 1526 1137 1576 1166; x_wconf 84' lang='lat' dir='ltr'>Si-</span> 
     </span>
     <span class='ocr_line' id='line_1_56' title="bbox 883 1188 1577 1228; baseline -0.003 -9"><span class='ocrx_word' id='word_1_287' title='bbox 883 1189 958 1228; x_wconf 76' lang='lat' dir='ltr'>lius,</span> <span class='ocrx_word' id='word_1_288' title='bbox 983 1189 1195 1226; x_wconf 75' lang='lat' dir='ltr'>Eustassrius,</span> <span class='ocrx_word' id='word_1_289' title='bbox 1219 1188 1387 1227; x_wconf 84' lang='lat' dir='ltr'>Ephorus,</span> <span class='ocrx_word' id='word_1_290' title='bbox 1403 1192 1439 1218; x_wconf 87' lang='lat' dir='ltr'>et</span> <span class='ocrx_word' id='word_1_291' title='bbox 1454 1197 1497 1217; x_wconf 85' lang='lat' dir='ltr'>ex</span> <span class='ocrx_word' id='word_1_292' title='bbox 1520 1196 1577 1218; x_wconf 87' lang='lat' dir='ltr'>eo-</span> 
     </span>
     <span class='ocr_line' id='line_1_57' title="bbox 883 1237 1578 1277; baseline -0.004 -8"><span class='ocrx_word' id='word_1_293' title='bbox 883 1240 958 1269; x_wconf 87' lang='lat' dir='ltr'>dem</span> <span class='ocrx_word' id='word_1_294' title='bbox 983 1239 1120 1277; x_wconf 88' lang='lat' dir='ltr'>Strabo,</span> <span class='ocrx_word' id='word_1_295' title='bbox 1144 1238 1285 1276; x_wconf 87' lang='lat' dir='ltr'>Plinius,</span> <span class='ocrx_word' id='word_1_296' title='bbox 1307 1237 1513 1272; x_wconf 85' lang='lat' dir='ltr'>Marcianus,</span> <span class='ocrx_word' id='word_1_297' title='bbox 1541 1241 1578 1267; x_wconf 86' lang='lat' dir='ltr'>et</span> 
     </span>
     <span class='ocr_line' id='line_1_58' title="bbox 883 1286 1578 1328; baseline -0.004 -9"><span class='ocrx_word' id='word_1_298' title='bbox 883 1289 952 1320; x_wconf 87' lang='lat' dir='ltr'>alii.</span> <span class='ocrx_word' id='word_1_299' title='bbox 996 1289 1048 1319; x_wconf 92' lang='lat' dir='ltr'>De</span> <span class='ocrx_word' id='word_1_300' title='bbox 1066 1289 1105 1318; x_wconf 90' lang='lat' dir='ltr'>iis</span> <span class='ocrx_word' id='word_1_301' title='bbox 1128 1287 1367 1328; x_wconf 83' lang='lat' dir='ltr'>intelligendus</span> <span class='ocrx_word' id='word_1_302' title='bbox 1393 1287 1483 1317; x_wconf 88' lang='lat' dir='ltr'>locus</span> <span class='ocrx_word' id='word_1_303' title='bbox 1508 1286 1578 1317; x_wconf 85' lang='lat' dir='ltr'>Ho-</span> 
     </span>
     <span class='ocr_line' id='line_1_59' title="bbox 882 1336 1578 1379; baseline -0.007 -8"><span class='ocrx_word' id='word_1_304' title='bbox 882 1341 965 1371; x_wconf 80' lang='lat' dir='ltr'>meri</span> <span class='ocrx_word' id='word_1_305' title='bbox 999 1339 1125 1379; x_wconf 86' lang='lat' dir='ltr'>OdySS.</span> <span class='ocrx_word' id='word_1_306' title='bbox 1150 1343 1188 1371; x_wconf 87' lang='lat' dir='ltr'>A.</span> <span class='ocrx_word' id='word_1_307' title='bbox 1227 1338 1323 1369; x_wconf 73' lang='lat' dir='ltr'><strong><em>&#39;‘Evoa</em></strong></span> <span class='ocrx_word' id='word_1_308' title='bbox 1350 1338 1383 1369; x_wconf 81' lang='grc' dir='ltr'>δὲ</span> <span class='ocrx_word' id='word_1_309' title='bbox 1410 1336 1578 1378; x_wconf 82' lang='grc' dir='ltr'>Κιμμερίων</span> 
     </span>
     <span class='ocr_line' id='line_1_60' title="bbox 882 1388 1579 1431; baseline -0.006 -10"><span class='ocrx_word' id='word_1_310' title='bbox 882 1391 996 1431; x_wconf 82' lang='grc' dir='ltr'>ἀνδρῶν</span> <span class='ocrx_word' id='word_1_311' title='bbox 1018 1389 1112 1428; x_wconf 84' lang='grc' dir='ltr'>δῆμός</span> <span class='ocrx_word' id='word_1_312' title='bbox 1131 1402 1167 1421; x_wconf 81' lang='grc' dir='ltr'>τε</span> <span class='ocrx_word' id='word_1_313' title='bbox 1188 1389 1280 1421; x_wconf 81' lang='grc' dir='ltr'>πόλις</span> <span class='ocrx_word' id='word_1_314' title='bbox 1299 1401 1347 1426; x_wconf 77' lang='grc' dir='ltr'>τε,</span> <span class='ocrx_word' id='word_1_315' title='bbox 1361 1389 1442 1427; x_wconf 83' lang='grc' dir='ltr'>Ἢέρι</span> <span class='ocrx_word' id='word_1_316' title='bbox 1458 1388 1509 1419; x_wconf 80' lang='grc' dir='ltr'>καὶ</span> <span class='ocrx_word' id='word_1_317' title='bbox 1531 1400 1579 1417; x_wconf 86' lang='grc' dir='ltr'>νε·</span> 
     </span>
     <span class='ocr_line' id='line_1_61' title="bbox 882 1438 1580 1481; baseline -0.003 -10"><span class='ocrx_word' id='word_1_318' title='bbox 882 1441 964 1481; x_wconf 84' lang='grc' dir='ltr'>φέλῃ</span> <span class='ocrx_word' id='word_1_319' title='bbox 1000 1440 1234 1479; x_wconf 84' lang='grc' dir='ltr'>κεκαλυμμένοι,</span> <span class='ocrx_word' id='word_1_320' title='bbox 1265 1439 1335 1470; x_wconf 84' lang='grc' dir='ltr'>οὐδέ</span> <span class='ocrx_word' id='word_1_321' title='bbox 1369 1438 1440 1469; x_wconf 84' lang='grc' dir='ltr'>ποτ’</span> <span class='ocrx_word' id='word_1_322' title='bbox 1469 1438 1580 1469; x_wconf 70' lang='grc' dir='ltr'>αὐτοὺς</span> 
     </span>
     <span class='ocr_line' id='line_1_62' title="bbox 882 1487 1579 1530; baseline -0.004 -10"><span class='ocrx_word' id='word_1_323' title='bbox 882 1490 1005 1522; x_wconf 82' lang='grc' dir='ltr'>Ἠέλιος</span> <span class='ocrx_word' id='word_1_324' title='bbox 1020 1490 1139 1530; x_wconf 85' lang='grc' dir='ltr'>φαέθων</span> <span class='ocrx_word' id='word_1_325' title='bbox 1157 1489 1347 1529; x_wconf 83' lang='grc' dir='ltr'>ἐπιδέρκεται</span> <span class='ocrx_word' id='word_1_326' title='bbox 1363 1487 1579 1520; x_wconf 80' lang='grc' dir='ltr'>ἀκτίνεσσιν...</span> 
     </span>
     <span class='ocr_line' id='line_1_63' title="bbox 881 1539 1579 1579; baseline -0.006 -7"><span class='ocrx_word' id='word_1_327' title='bbox 881 1542 969 1572; x_wconf 82' lang='grc' dir='ltr'>Ἀλλ’</span> <span class='ocrx_word' id='word_1_328' title='bbox 983 1541 1031 1571; x_wconf 81' lang='grc' dir='ltr'>ἐπὶ</span> <span class='ocrx_word' id='word_1_329' title='bbox 1046 1541 1096 1579; x_wconf 83' lang='grc' dir='ltr'>νὺξ</span> <span class='ocrx_word' id='word_1_330' title='bbox 1110 1540 1186 1577; x_wconf 79' lang='grc' dir='ltr'>ὀλοὴ</span> <span class='ocrx_word' id='word_1_331' title='bbox 1200 1540 1336 1571; x_wconf 81' lang='grc' dir='ltr'>τέταται.</span> <span class='ocrx_word' id='word_1_332' title='bbox 1364 1540 1373 1556; x_wconf 82' lang='lat'>‘</span> <span class='ocrx_word' id='word_1_333' title='bbox 1396 1539 1449 1570; x_wconf 83' lang='lat' dir='ltr'>Ibi</span> <span class='ocrx_word' id='word_1_334' title='bbox 1466 1543 1579 1568; x_wconf 84' lang='lat' dir='ltr'>autem</span> 
     </span>
     <span class='ocr_line' id='line_1_64' title="bbox 885 1587 1579 1629; baseline -0.007 -8"><span class='ocrx_word' id='word_1_335' title='bbox 885 1591 1101 1621; x_wconf 86' lang='lat' dir='ltr'>Cimmerium</span> <span class='ocrx_word' id='word_1_336' title='bbox 1119 1591 1266 1620; x_wconf 87' lang='lat' dir='ltr'>virorum</span> <span class='ocrx_word' id='word_1_337' title='bbox 1279 1588 1421 1629; x_wconf 87' lang='lat' dir='ltr'>populns</span> <span class='ocrx_word' id='word_1_338' title='bbox 1435 1592 1470 1618; x_wconf 90' lang='lat' dir='ltr'>et</span> <span class='ocrx_word' id='word_1_339' title='bbox 1488 1587 1579 1621; x_wconf 82' lang='lat' dir='ltr'>urbs,</span> 
     </span>
     <span class='ocr_line' id='line_1_65' title="bbox 885 1639 1580 1678; baseline -0.01 -5"><span class='ocrx_word' id='word_1_340' title='bbox 885 1641 953 1673; x_wconf 82' lang='lat' dir='ltr'>Qui</span> <span class='ocrx_word' id='word_1_341' title='bbox 974 1650 1041 1672; x_wconf 86' lang='lat' dir='ltr'>aere</span> <span class='ocrx_word' id='word_1_342' title='bbox 1066 1645 1102 1671; x_wconf 84' lang='lat' dir='ltr'>ct</span> <span class='ocrx_word' id='word_1_343' title='bbox 1124 1640 1256 1670; x_wconf 87' lang='lat' dir='ltr'>nebulis</span> <span class='ocrx_word' id='word_1_344' title='bbox 1280 1639 1373 1677; x_wconf 88' lang='lat' dir='ltr'>tecti,</span> <span class='ocrx_word' id='word_1_345' title='bbox 1388 1646 1497 1678; x_wconf 87' lang='lat' dir='ltr'>neque</span> <span class='ocrx_word' id='word_1_346' title='bbox 1522 1646 1580 1666; x_wconf 92' lang='lat' dir='ltr'>un-</span> 
     </span>
     <span class='ocr_line' id='line_1_66' title="bbox 886 1686 1581 1731; baseline -0.007 -10"><span class='ocrx_word' id='word_1_347' title='bbox 886 1701 984 1731; x_wconf 84' lang='lat' dir='ltr'>quam</span> <span class='ocrx_word' id='word_1_348' title='bbox 1009 1700 1065 1721; x_wconf 84' lang='lat' dir='ltr'>eos</span> <span class='ocrx_word' id='word_1_349' title='bbox 1081 1690 1139 1721; x_wconf 90' lang='lat' dir='ltr'>Sol</span> <span class='ocrx_word' id='word_1_350' title='bbox 1162 1689 1292 1720; x_wconf 84' lang='lat' dir='ltr'>lucidus</span> <span class='ocrx_word' id='word_1_351' title='bbox 1309 1689 1455 1719; x_wconf 87' lang='lat' dir='ltr'>illustrat</span> <span class='ocrx_word' id='word_1_352' title='bbox 1478 1686 1581 1717; x_wconf 80' lang='lat' dir='ltr'>radiis</span> 
     </span>
     <span class='ocr_line' id='line_1_67' title="bbox 883 1735 1581 1780; baseline -0.009 -9"><span class='ocrx_word' id='word_1_353' title='bbox 883 1740 949 1771; x_wconf 87' lang='lat' dir='ltr'>Sed</span> <span class='ocrx_word' id='word_1_354' title='bbox 973 1740 1119 1780; x_wconf 86' lang='lat' dir='ltr'>desuper</span> <span class='ocrx_word' id='word_1_355' title='bbox 1143 1749 1210 1770; x_wconf 85' lang='lat' dir='ltr'>nox</span> <span class='ocrx_word' id='word_1_356' title='bbox 1235 1738 1341 1768; x_wconf 81' lang='lat' dir='ltr'>tristis</span> <span class='ocrx_word' id='word_1_357' title='bbox 1363 1735 1581 1767; x_wconf 85' lang='lat' dir='ltr'>obtenditur.&#39;</span> 
     </span>
     <span class='ocr_line' id='line_1_68' title="bbox 883 1787 1580 1832; baseline -0.01 -10"><span class='ocrx_word' id='word_1_358' title='bbox 883 1791 1023 1832; x_wconf 86' lang='lat' dir='ltr'>Ulysses</span> <span class='ocrx_word' id='word_1_359' title='bbox 1046 1791 1148 1828; x_wconf 89' lang='lat' dir='ltr'>enim,</span> <span class='ocrx_word' id='word_1_360' title='bbox 1171 1799 1213 1820; x_wconf 87' lang='lat' dir='ltr'>ex</span> <span class='ocrx_word' id='word_1_361' title='bbox 1228 1789 1342 1820; x_wconf 80' lang='lat' dir='ltr'>Circes</span> <span class='ocrx_word' id='word_1_362' title='bbox 1357 1787 1466 1818; x_wconf 89' lang='lat' dir='ltr'>insula</span> <span class='ocrx_word' id='word_1_363' title='bbox 1483 1794 1580 1816; x_wconf 88' lang='lat' dir='ltr'>mane</span> 
     </span>
     <span class='ocr_line' id='line_1_69' title="bbox 884 1836 1582 1879; baseline -0.01 -8"><span class='ocrx_word' id='word_1_364' title='bbox 884 1840 1078 1879; x_wconf 80' lang='lat' dir='ltr'>discedens,</span> <span class='ocrx_word' id='word_1_365' title='bbox 1098 1844 1199 1870; x_wconf 90' lang='lat' dir='ltr'>vento</span> <span class='ocrx_word' id='word_1_366' title='bbox 1215 1837 1365 1869; x_wconf 87' lang='lat' dir='ltr'>secundo</span> <span class='ocrx_word' id='word_1_367' title='bbox 1383 1836 1446 1867; x_wconf 87' lang='lat' dir='ltr'>sub</span> <span class='ocrx_word' id='word_1_368' title='bbox 1465 1844 1582 1874; x_wconf 89' lang='lat' dir='ltr'>vespe-</span> 
     </span>
     <span class='ocr_line' id='line_1_70' title="bbox 888 1885 1582 1926; baseline -0.012 -4"><span class='ocrx_word' id='word_1_369' title='bbox 888 1901 957 1922; x_wconf 89' lang='lat' dir='ltr'>ram</span> <span class='ocrx_word' id='word_1_370' title='bbox 981 1891 1021 1922; x_wconf 89' lang='lat' dir='ltr'>ad</span> <span class='ocrx_word' id='word_1_371' title='bbox 1041 1889 1295 1922; x_wconf 85' lang='lat' dir='ltr'>Cimmeriorum</span> <span class='ocrx_word' id='word_1_372' title='bbox 1319 1896 1412 1918; x_wconf 87' lang='lat' dir='ltr'>oram</span> <span class='ocrx_word' id='word_1_373' title='bbox 1435 1885 1582 1926; x_wconf 81' lang='lat' dir='ltr'>appulit.</span> 
     </span>
     <span class='ocr_line' id='line_1_71' title="bbox 888 1934 1583 1980; baseline -0.014 -7"><span class='ocrx_word' id='word_1_374' title='bbox 888 1942 988 1975; x_wconf 81' lang='lat' dir='ltr'>Quod</span> <span class='ocrx_word' id='word_1_375' title='bbox 1016 1939 1138 1980; x_wconf 88' lang='lat' dir='ltr'>probat</span> <span class='ocrx_word' id='word_1_376' title='bbox 1164 1938 1207 1969; x_wconf 91' lang='lat' dir='ltr'>de</span> <span class='ocrx_word' id='word_1_377' title='bbox 1236 1936 1423 1969; x_wconf 84' lang='lat' dir='ltr'>Cimmeriis</span> <span class='ocrx_word' id='word_1_378' title='bbox 1448 1934 1583 1975; x_wconf 83' lang='lat' dir='ltr'>Scythis</span> 
     </span>
     <span class='ocr_line' id='line_1_72' title="bbox 888 1984 1583 2030; baseline -0.012 -8"><span class='ocrx_word' id='word_1_379' title='bbox 888 1992 981 2022; x_wconf 89' lang='lat' dir='ltr'>circa</span> <span class='ocrx_word' id='word_1_380' title='bbox 995 1990 1207 2030; x_wconf 86' lang='lat' dir='ltr'>Bosphorum</span> <span class='ocrx_word' id='word_1_381' title='bbox 1220 1997 1284 2018; x_wconf 93' lang='lat' dir='ltr'>non</span> <span class='ocrx_word' id='word_1_382' title='bbox 1302 1995 1398 2026; x_wconf 83' lang='lat' dir='ltr'>posse</span> <span class='ocrx_word' id='word_1_383' title='bbox 1414 1984 1583 2024; x_wconf 84' lang='lat' dir='ltr'>intelligi:</span> 
     </span>
     <span class='ocr_line' id='line_1_73' title="bbox 888 2032 1583 2071; baseline -0.013 1"><span class='ocrx_word' id='word_1_384' title='bbox 888 2039 948 2071; x_wconf 89' lang='lat' dir='ltr'>sed</span> <span class='ocrx_word' id='word_1_385' title='bbox 970 2039 1047 2070; x_wconf 88' lang='lat' dir='ltr'>audi</span> <span class='ocrx_word' id='word_1_386' title='bbox 1064 2038 1214 2068; x_wconf 88' lang='lat' dir='ltr'>Servium</span> <span class='ocrx_word' id='word_1_387' title='bbox 1232 2036 1271 2066; x_wconf 90' lang='lat' dir='ltr'>ad</span> <span class='ocrx_word' id='word_1_388' title='bbox 1289 2034 1370 2066; x_wconf 88' lang='lat' dir='ltr'>illud</span> <span class='ocrx_word' id='word_1_389' title='bbox 1386 2042 1434 2064; x_wconf 79' lang='lat' dir='ltr'>vr.</span> <span class='ocrx_word' id='word_1_390' title='bbox 1450 2032 1583 2064; x_wconf 85' lang='lat' dir='ltr'>AEneid.</span> 
     </span>
     <span class='ocr_line' id='line_1_74' title="bbox 887 2080 1584 2130; baseline -0.013 -10"><span class='ocrx_word' id='word_1_391' title='bbox 887 2090 897 2106; x_wconf 90' lang='lat'>‘</span> <span class='ocrx_word' id='word_1_392' title='bbox 912 2088 1045 2130; x_wconf 85' lang='lat' dir='ltr'>quando</span> <span class='ocrx_word' id='word_1_393' title='bbox 1068 2087 1120 2118; x_wconf 79' lang='lat' dir='ltr'>liic</span> <span class='ocrx_word' id='word_1_394' title='bbox 1142 2084 1265 2116; x_wconf 87' lang='lat' dir='ltr'>inferni</span> <span class='ocrx_word' id='word_1_395' title='bbox 1285 2084 1394 2124; x_wconf 87' lang='lat' dir='ltr'>janua</span> <span class='ocrx_word' id='word_1_396' title='bbox 1417 2081 1504 2122; x_wconf 86' lang='lat' dir='ltr'>regis</span> <span class='ocrx_word' id='word_1_397' title='bbox 1523 2080 1584 2111; x_wconf 91' lang='lat' dir='ltr'>Di-</span> 
     </span>
     <span class='ocr_line' id='line_1_75' title="bbox 888 2132 1584 2176; baseline -0.013 -6"><span class='ocrx_word' id='word_1_398' title='bbox 888 2139 976 2170; x_wconf 85' lang='lat' dir='ltr'>citur</span> <span class='ocrx_word' id='word_1_399' title='bbox 1000 2144 1036 2169; x_wconf 91' lang='lat' dir='ltr'>et</span> <span class='ocrx_word' id='word_1_400' title='bbox 1061 2137 1239 2169; x_wconf 82' lang='lat' dir='ltr'>tenebrosa</span> <span class='ocrx_word' id='word_1_401' title='bbox 1264 2135 1359 2176; x_wconf 86' lang='lat' dir='ltr'>palus</span> <span class='ocrx_word' id='word_1_402' title='bbox 1387 2132 1584 2163; x_wconf 86' lang='lat' dir='ltr'>Acheronte</span> 
     </span>
     <span class='ocr_line' id='line_1_76' title="bbox 889 2181 1585 2223; baseline -0.013 -3"><span class='ocrx_word' id='word_1_403' title='bbox 889 2187 1024 2220; x_wconf 63' lang='lat' dir='ltr'>refuso!</span> <span class='ocrx_word' id='word_1_404' title='bbox 1049 2192 1057 2205; x_wconf 87' lang='lat'>‘</span> <span class='ocrx_word' id='word_1_405' title='bbox 1075 2184 1259 2221; x_wconf 80' lang='lat' dir='ltr'>Aclieron,’</span> <span class='ocrx_word' id='word_1_406' title='bbox 1285 2184 1409 2223; x_wconf 89' lang='lat' dir='ltr'>inquit,</span> <span class='ocrx_word' id='word_1_407' title='bbox 1437 2182 1446 2199; x_wconf 93' lang='lat'>‘</span> <span class='ocrx_word' id='word_1_408' title='bbox 1462 2181 1585 2212; x_wconf 87' lang='lat' dir='ltr'>fluvius</span> 
     </span>
     <span class='ocr_line' id='line_1_77' title="bbox 889 2232 1583 2276; baseline -0.013 -6"><span class='ocrx_word' id='word_1_409' title='bbox 889 2239 1014 2270; x_wconf 88' lang='lat' dir='ltr'>dicitur</span> <span class='ocrx_word' id='word_1_410' title='bbox 1025 2237 1227 2274; x_wconf 82' lang='lat' dir='ltr'>Inferorum,</span> <span class='ocrx_word' id='word_1_411' title='bbox 1240 2234 1333 2276; x_wconf 88' lang='lat' dir='ltr'>qnasi</span> <span class='ocrx_word' id='word_1_412' title='bbox 1346 2234 1417 2264; x_wconf 85' lang='lat' dir='ltr'>sine</span> <span class='ocrx_word' id='word_1_413' title='bbox 1434 2232 1583 2273; x_wconf 86' lang='lat' dir='ltr'>gaudio:</span> 
     </span>
     <span class='ocr_line' id='line_1_78' title="bbox 887 2282 1586 2321; baseline -0.013 -1"><span class='ocrx_word' id='word_1_414' title='bbox 887 2289 946 2320; x_wconf 84' lang='lat' dir='ltr'>sed</span> <span class='ocrx_word' id='word_1_415' title='bbox 965 2293 1100 2319; x_wconf 81' lang='lat' dir='ltr'>constat</span> <span class='ocrx_word' id='word_1_416' title='bbox 1122 2287 1230 2317; x_wconf 90' lang='lat' dir='ltr'>locum</span> <span class='ocrx_word' id='word_1_417' title='bbox 1254 2293 1328 2314; x_wconf 88' lang='lat' dir='ltr'>esse</span> <span class='ocrx_word' id='word_1_418' title='bbox 1345 2282 1433 2313; x_wconf 89' lang='lat' dir='ltr'>haud</span> <span class='ocrx_word' id='word_1_419' title='bbox 1450 2282 1550 2321; x_wconf 84' lang='lat' dir='ltr'>longe</span> <span class='ocrx_word' id='word_1_420' title='bbox 1567 2290 1586 2311; x_wconf 83' lang='lat' dir='ltr'>a</span> 
     </span>
     <span class='ocr_line' id='line_1_79' title="bbox 886 2330 1585 2377; baseline -0.014 -7"><span class='ocrx_word' id='word_1_421' title='bbox 886 2338 978 2370; x_wconf 86' lang='lat' dir='ltr'>Baiis</span> <span class='ocrx_word' id='word_1_422' title='bbox 993 2338 1139 2377; x_wconf 86' lang='lat' dir='ltr'>undique</span> <span class='ocrx_word' id='word_1_423' title='bbox 1155 2334 1326 2365; x_wconf 87' lang='lat' dir='ltr'>montibus</span> <span class='ocrx_word' id='word_1_424' title='bbox 1343 2330 1585 2372; x_wconf 86' lang='lat' dir='ltr'>septum,adeo</span> 
     </span>
     <span class='ocr_line' id='line_1_80' title="bbox 889 2380 1586 2419; baseline -0.013 0"><span class='ocrx_word' id='word_1_425' title='bbox 889 2393 927 2419; x_wconf 90' lang='lat' dir='ltr'>ut</span> <span class='ocrx_word' id='word_1_426' title='bbox 944 2397 1006 2418; x_wconf 93' lang='lat' dir='ltr'>nec</span> <span class='ocrx_word' id='word_1_427' title='bbox 1022 2387 1200 2416; x_wconf 88' lang='lat' dir='ltr'>Orientem</span> <span class='ocrx_word' id='word_1_428' title='bbox 1213 2392 1274 2413; x_wconf 90' lang='lat' dir='ltr'>nec</span> <span class='ocrx_word' id='word_1_429' title='bbox 1287 2381 1513 2413; x_wconf 89' lang='lat' dir='ltr'>Occidentem</span> <span class='ocrx_word' id='word_1_430' title='bbox 1526 2380 1586 2411; x_wconf 90' lang='lat' dir='ltr'>So-</span> 
     </span>
     <span class='ocr_line' id='line_1_81' title="bbox 889 2431 1589 2477; baseline -0.013 -9"><span class='ocrx_word' id='word_1_431' title='bbox 889 2438 956 2468; x_wconf 91' lang='lat' dir='ltr'>lem</span> <span class='ocrx_word' id='word_1_432' title='bbox 982 2437 1089 2477; x_wconf 87' lang='lat' dir='ltr'>possit</span> <span class='ocrx_word' id='word_1_433' title='bbox 1107 2435 1273 2474; x_wconf 84' lang='lat' dir='ltr'>aspicere,</span> <span class='ocrx_word' id='word_1_434' title='bbox 1289 2431 1348 2462; x_wconf 89' lang='lat' dir='ltr'>sed</span> <span class='ocrx_word' id='word_1_435' title='bbox 1372 2436 1503 2462; x_wconf 78' lang='lat' dir='ltr'>tantum</span> <span class='ocrx_word' id='word_1_436' title='bbox 1521 2439 1589 2460; x_wconf 87' lang='lat' dir='ltr'>me·</span> 
     </span>
     <span class='ocr_line' id='line_1_82' title="bbox 890 2480 1587 2519; baseline -0.011 -2"><span class='ocrx_word' id='word_1_437' title='bbox 890 2487 981 2517; x_wconf 88' lang='lat' dir='ltr'>dium</span> <span class='ocrx_word' id='word_1_438' title='bbox 998 2486 1097 2516; x_wconf 85' lang='lat' dir='ltr'>diem.</span> <span class='ocrx_word' id='word_1_439' title='bbox 1144 2483 1244 2515; x_wconf 83' lang='lat' dir='ltr'>Quod</span> <span class='ocrx_word' id='word_1_440' title='bbox 1263 2487 1375 2513; x_wconf 88' lang='lat' dir='ltr'>autem</span> <span class='ocrx_word' id='word_1_441' title='bbox 1399 2481 1525 2511; x_wconf 87' lang='lat' dir='ltr'>dicitur</span> <span class='ocrx_word' id='word_1_442' title='bbox 1541 2480 1587 2519; x_wconf 87' lang='lat' dir='ltr'>ig-</span> 
     </span>
     <span class='ocr_line' id='line_1_83' title="bbox 893 2529 1588 2574; baseline -0.01 -8"><span class='ocrx_word' id='word_1_443' title='bbox 893 2535 990 2566; x_wconf 87' lang='lat' dir='ltr'>nibus</span> <span class='ocrx_word' id='word_1_444' title='bbox 1015 2535 1148 2574; x_wconf 79' lang='lat' dir='ltr'>plenus,</span> <span class='ocrx_word' id='word_1_445' title='bbox 1171 2533 1244 2563; x_wconf 85' lang='lat' dir='ltr'>haec</span> <span class='ocrx_word' id='word_1_446' title='bbox 1269 2532 1357 2562; x_wconf 89' lang='lat' dir='ltr'>ratio</span> <span class='ocrx_word' id='word_1_447' title='bbox 1380 2535 1452 2562; x_wconf 87' lang='lat' dir='ltr'>est:</span> <span class='ocrx_word' id='word_1_448' title='bbox 1477 2529 1588 2561; x_wconf 83' lang='lat' dir='ltr'>omnia</span> 
     </span>
     <span class='ocr_line' id='line_1_84' title="bbox 893 2579 1587 2620; baseline -0.009 -5"><span class='ocrx_word' id='word_1_449' title='bbox 893 2584 1002 2615; x_wconf 90' lang='lat' dir='ltr'>vicina</span> <span class='ocrx_word' id='word_1_450' title='bbox 1019 2583 1087 2614; x_wconf 88' lang='lat' dir='ltr'>illic</span> <span class='ocrx_word' id='word_1_451' title='bbox 1104 2584 1178 2613; x_wconf 91' lang='lat' dir='ltr'>loca</span> <span class='ocrx_word' id='word_1_452' title='bbox 1195 2581 1312 2613; x_wconf 84' lang='lat' dir='ltr'>calidis</span> <span class='ocrx_word' id='word_1_453' title='bbox 1328 2586 1365 2612; x_wconf 84' lang='lat' dir='ltr'>et</span> <span class='ocrx_word' id='word_1_454' title='bbox 1380 2579 1587 2620; x_wconf 86' lang='lat' dir='ltr'>sulphuratis</span> 
     </span>
     <span class='ocr_line' id='line_1_85' title="bbox 893 2630 1588 2675; baseline -0.01 -10"><span class='ocrx_word' id='word_1_455' title='bbox 893 2636 988 2675; x_wconf 83' lang='lat' dir='ltr'>aquis</span> <span class='ocrx_word' id='word_1_456' title='bbox 1025 2637 1179 2664; x_wconf 85' lang='lat' dir='ltr'>scatent:</span> <span class='ocrx_word' id='word_1_457' title='bbox 1208 2632 1279 2662; x_wconf 90' lang='lat' dir='ltr'>sine</span> <span class='ocrx_word' id='word_1_458' title='bbox 1317 2630 1440 2670; x_wconf 85' lang='lat' dir='ltr'>gaudio</span> <span class='ocrx_word' id='word_1_459' title='bbox 1475 2634 1588 2660; x_wconf 85' lang='lat' dir='ltr'>autem</span> 
     </span>
     <span class='ocr_line' id='line_1_86' title="bbox 893 2678 1587 2721; baseline -0.01 -5"><span class='ocrx_word' id='word_1_460' title='bbox 893 2685 969 2717; x_wconf 79' lang='lat' dir='ltr'>ideo</span> <span class='ocrx_word' id='word_1_461' title='bbox 994 2683 1050 2715; x_wconf 88' lang='lat' dir='ltr'>ille</span> <span class='ocrx_word' id='word_1_462' title='bbox 1078 2682 1203 2713; x_wconf 83' lang='lat' dir='ltr'>dicitur</span> <span class='ocrx_word' id='word_1_463' title='bbox 1229 2682 1336 2720; x_wconf 81' lang='lat' dir='ltr'>locus,</span> <span class='ocrx_word' id='word_1_464' title='bbox 1357 2678 1444 2721; x_wconf 86' lang='lat' dir='ltr'>quod</span> <span class='ocrx_word' id='word_1_465' title='bbox 1469 2687 1587 2710; x_wconf 52' lang='lat' dir='ltr'>necrov</span> 
     </span>
    </p>
   </div>
  </div>
 </body>
</html>
