1835 2906
369 182 431 211 DE
466 183 740 214 VERBORUM
776 183 1186 216 SIGNIFICATIONE
1222 188 1313 218 LlB.
1348 190 1399 220 Η.

214 277 298 317 bus
319 276 473 317 hostiis
503 278 837 320 sacrificaretur.

1520 181 1603 223 115

898 279 1110 322 Bidentes
1142 288 1289 324 autem
1317 288 1419 326 sunt
1447 291 1597 328 oves¹¹

214 343 326 384 duos
347 342 499 384 dentes
521 344 740 398 longiores
762 346 915 387 ceteris
935 347 1159 390 habentes.

157 408 403 461 Bigenerak
437 410 642 454 dicuntur
671 413 882 454 animalia
916 427 974 455 ex
1001 415 1176 457 diverso
1209 431 1362 470 genere
1385 424 1510 462 nata:
1556 425 1604 463 ut

212 477 448 531 leopardus
477 493 532 520 ex
553 480 680 521 leone
709 485 754 520 et
775 480 1015 534 panthera3
1049 483 1173 523 cicur
1197 497 1273 524 sus
1292 489 1325 507 ¹²
1360 499 1416 526 ex
1435 499 1541 540 apro
1563 495 1605 530 et

213 546 402 599 scropha
423 546 692 599 domestica3
724 547 872 589 mulus
891 561 949 589 ex
970 562 1086 602 equa
1102 555 1148 591 et
1168 551 1309 592 asino.

157 612 309 666 Bignae
328 611 336 634 ¹
361 614 545 666 geminae
567 615 785 664 dicuntur,
807 616 913 668 quia
934 617 1003 657 bis
1025 630 1114 658 una
1136 618 1208 659 die
1226 623 1344 660 natae
1367 623 1516 661 sunt.¹³

158 680 338 720 Bilbitm
370 681 539 722 factum
568 686 638 723 est
659 695 687 723 a
715 682 1005 725 similitudine
1027 686 1213 736 sonitus,
1247 687 1324 740 qui
1344 687 1393 728 fit
1414 688 1458 728 in
1482 702 1603 731 vase.

213 747 417 797 Naevius,
440 748 579 790 Bilbit
595 750 815 803 amphora,
835 751 989 805 inquit.

155 813 384 867 Bilingues
400 819 415 835 ¹¹
447 815 660 856 Brutates
691 816 858 858 Ennius
895 818 1023 869 dixit,
1053 822 1171 874 quod
1194 821 1336 863 Brutii
1358 826 1400 864 et
1422 822 1539 866 Osce
1562 829 1604 866 et

212 880 371 922 Graece
390 882 515 935 loqui
536 883 656 925 soliti
673 883 790 926 sint:
823 890 927 926 sunt
950 891 1095 929 autem
1119 888 1263 931 Italiae
1287 890 1445 943 populi
1467 892 1602 933 vicini

212 948 420 990 Lucanis.

770 1016 1009 1031 “Offmum

196 1072 233 1100 ll
260 1070 406 1103 Quidam
432 1070 510 1102 libri
531 1071 740 1105 hostioe.—l2
764 1072 833 1105 Alii
855 1073 1051 1109 hibris.—13
1076 1076 1347 1109 Rescribendum
1374 1082 1489 1109 monet
1518 1080 1599 1111 Dae⁴

152 1112 225 1151 quia
239 1112 318 1144 binae
333 1123 394 1144 una
410 1114 460 1145 die
475 1117 557 1145 παίω
573 1118 657 1146 sunt.

806 1192 838 1223 N
844 1192 948 1225 OTAE

153 1250 257 1282 dente
283 1251 419 1283 bidental
445 1252 574 1285 dictum
601 1258 747 1292 constet,
771 1266 851 1288 eon-

152 1306 220 1333 stat
236 1302 335 1333 etiam
359 1313 425 1333 non
444 1304 535 1344 prins
560 1304 689 1336 dictum
715 1316 814 1347 qnam
832 1317 852 1338 a

150 1353 289 1385 bidente
325 1354 430 1386 fuerit
461 1356 636 1395 expiatum
667 1360 704 1386 et
733 1366 852 1388 conse-

151 1410 292 1436 cratum.
337 1407 427 1447 Ergo
444 1407 589 1446 templum
604 1409 756 1447 quoddam
772 1408 853 1448 jure

151 1456 289 1492 dicitnr,
307 1456 340 1487 id
357 1463 423 1497 est,
450 1458 543 1489 locus
560 1458 733 1498 religionis
750 1468 854 1490 causa

150 1516 259 1544 muro,
276 1507 371 1547 palis,
394 1507 486 1546 fune,
502 1512 560 1539 aut
577 1508 674 1539 simili
693 1518 740 1549 re,
764 1510 851 1541 clau-

151 1567 205 1589 sus
219 1564 412 1599 septusque.
451 1559 496 1589 Et
507 1568 542 1590 re
561 1568 640 1590 vera
657 1563 695 1590 ut
713 1560 744 1590 in
758 1560 852 1591 libris

149 1608 374 1649 fulguralibus
383 1609 520 1650 Tagetis
531 1614 566 1641 et
579 1609 719 1641 aliorum
732 1611 852 1642 Etrus-

150 1669 266 1690 corum
276 1659 483 1699 continetur,
493 1659 651 1700 Arnspex
664 1670 746 1700 pura
757 1666 850 1692 veste

148 1709 286 1741 indutus
303 1710 442 1741 bidente
470 1711 580 1741 locum
604 1711 778 1750 expiabat,
793 1721 848 1742 ex-

148 1760 277 1799 piatum
296 1759 533 1799 consecrabat,
548 1765 782 1792 consecratum
797 1771 847 1792 se-

148 1808 278 1849 piebat,
302 1809 380 1850 quia
403 1809 528 1839 calcari
552 1808 649 1840 nefas
672 1815 756 1842 erat.
803 1811 848 1843 Et

146 1859 200 1890 hic
212 1859 331 1890 Festus
347 1859 416 1899 egit
433 1859 474 1890 de
492 1859 598 1899 prima
612 1860 740 1901 origine
755 1862 847 1893 vocis

148 1909 303 1941 bidental:
328 1914 448 1950 postea
472 1919 550 1941 vero
573 1909 646 1941 fieri
674 1912 785 1951 potnit
812 1918 850 1943 ut

149 1959 300 1991 bidental
327 1960 501 1991 diceretur
529 1960 638 2001 quivis
664 1961 758 1993 locus
783 1961 849 1993 ful-

147 2011 236 2041 mine
259 2015 384 2051 tactus,
411 2012 467 2052 qui
492 2011 631 2043 bidente
655 2022 720 2043 non
744 2012 849 2045 fuerit

148 2061 330 2100 expiatus3
358 2071 434 2092 nam
451 2065 488 2092 et
511 2062 653 2093 Persius
679 2063 847 2095 hominem

146 2110 250 2141 etiam
267 2111 405 2142 bidental
418 2111 561 2143 vocavit.
606 2112 675 2143 Sed
687 2122 753 2144 non
770 2114 847 2146 ideo

146 2159 248 2191 verba
274 2160 365 2191 Festi
382 2161 429 2191 sic
453 2166 580 2192 temere
604 2163 763 2194 mutilare
787 2163 846 2195 de-

146 2209 220 2242 buit
237 2212 288 2241 vir
302 2211 532 2242 doctissimus.
555 2211 638 2244 Dae.

189 2259 204 2279 Κ
227 2261 402 2301 Bigenera]
427 2262 533 2293 Docti
556 2263 621 2293 viri
646 2266 767 2303 putant
790 2264 850 2295 ali-

149 2310 231 2350 quid
251 2311 449 2342 mutandum
480 2312 512 2342 in
538 2312 624 2343 cicur
638 2323 701 2346 suS.
747 2314 848 2346 Quod

148 2369 253 2401 qnare
284 2361 347 2391 sibi
378 2362 618 2403 persuadeant,
646 2372 712 2395 non
738 2364 852 2396 video.

147 2411 218 2440 Jos.
235 2409 320 2440 Scal.

189 2459 196 2480 ¹
224 2459 354 2500 Bignae]
378 2461 517 2501 Riguus,
534 2471 593 2502 pro
614 2463 775 2504 Bigenus,
791 2475 848 2497 eo-

146 2509 224 2540 dem
239 2510 338 2541 modo
353 2509 482 2541 dictum
498 2520 564 2551 qno
580 2512 774 2553 Privignus,
785 2524 847 2555 pro

147 2561 317 2601 prigenus,
363 2561 452 2591 Nam
479 2561 539 2592 Pri
568 2571 629 2602 pro
655 2563 733 2595 Prae
755 2564 846 2597 diee-

145 2611 240 2650 bant,
255 2614 291 2641 nt
307 2611 437 2642 Pridie.
454 2611 552 2643 Idem.

189 2660 321 2700 Bignoe]
346 2661 473 2700 Riguus
494 2671 554 2702 pro
570 2662 708 2702 higemcs.
732 2663 843 2705 Infra,

148 2712 219 2752 quia
245 2712 292 2743 his
316 2722 378 2744 una
399 2713 449 2744 die
470 2716 553 2744 natoe
579 2718 663 2747 sunt.
708 2715 842 2748 Rescri-

906 1258 1064 1300 bendum,
1079 1259 1150 1300 quia
1171 1258 1252 1290 bime
1274 1269 1335 1291 una
1356 1259 1405 1292 die
1420 1263 1503 1291 natae
1518 1266 1603 1293 sunt.

907 1307 998 1340 Dae.

950 1363 973 1379 ¹1¹
1006 1359 1120 1400 Bilbit]
1166 1360 1395 1392 Glossarium:
1434 1361 1443 1378 ‘
1473 1361 1606 1403 finibit,

907 1409 1110 1449 ἐπισκιασμὸς
1125 1411 1251 1451 φωνῆς.’
1275 1412 1283 1428 ‘
1300 1411 1420 1451 Bilbit‚
1436 1412 1606 1452 βομβύζει.’

905 1461 974 1492 Jos.
992 1461 1076 1492 Scal.

949 1512 1068 1552 Bilbit]
1090 1512 1167 1543 Vox
1182 1512 1224 1543 ad
1247 1512 1468 1543 imitationem
1486 1515 1608 1555 strepi-

905 1565 958 1592 tus
983 1572 1082 1602 quem
1108 1563 1180 1594 edit
1205 1572 1293 1603 aqna
1317 1563 1370 1593 vel
1387 1563 1511 1598 vinum,
1529 1573 1605 1594 cnm

904 1620 966 1650 per
991 1617 1170 1651 angustum
1198 1611 1319 1652 phialae
1347 1609 1468 1642 collum
1495 1612 1606 1643 fundi-

904 1664 970 1691 tur.
1016 1661 1250 1692 Glossarium:
1282 1662 1291 1678 ‘
1310 1660 1423 1700 bilbit,
1445 1662 1606 1694 ἐπισκιασ-

901 1709 958 1748 μὸς
975 1710 1098 1750 ‹pau-7753
1143 1711 1296 1742 Imitatio
1318 1711 1422 1742 vocis.
1467 1712 1605 1744 Bilbere

905 1759 1020 1791 Graeci
1050 1761 1168 1792 dicunt
1199 1759 1392 1799 βομβύλλειν
1420 1765 1456 1792 et
1486 1762 1607 1801 βομβύ-

902 1808 980 1849 ζειν.
1005 1811 1118 1843 Gloss.
1140 1812 1149 1827 ‘
1163 1811 1286 1851 Bilbit,
1300 1809 1475 1850 βομβύζει.’
1519 1813 1605 1844 Inde

902 1863 912 1877 ‘
930 1860 1160 1901 bombylium.'
1183 1861 1266 1893 Dae.

947 1916 962 1931 ¹²
988 1910 1173 1951 Bizingues]
1204 1912 1300 1952 Lego
1330 1912 1510 1953 Brutiates,
1537 1922 1605 1945 uon

904 1960 1067 1992 Brutates.
1103 1960 1276 2002 Βρετιάται.
1322 1962 1427 2003 Apud
1451 1964 1606 2004 Porphy-

904 2012 1034 2043 rionem
1052 2017 1165 2043 tamen
1176 2017 1330 2043 veterem
1350 2013 1484 2044 Horatii
1501 2013 1606 2045 inter-

903 2067 1037 2102 pretem
1063 2062 1189 2101 legitur
1211 2064 1378 2103 Brutum,
1400 2063 1433 2094 iu
1460 2073 1535 2094 eum
1558 2065 1605 2094 lo-

902 2121 990 2150 cum,
1005 2116 1013 2129 ‘
1029 2112 1191 2143 Canusini
1207 2122 1299 2143 more
1316 2112 1501 2152 bilinguis.’
1526 2117 1534 2129 ‘
1546 2113 1604 2143 Bi-

902 2161 1051 2202 linguis,'
1089 2162 1212 2203 inquit,
1249 2167 1258 2180 ⁴
1273 2162 1409 2197 dicitur,
1446 2163 1604 2203 quoniam

901 2217 1045 2254 utraque
1060 2213 1173 2253 lingua
1191 2212 1353 2244 Canusini
1372 2212 1420 2243 usi
1438 2216 1526 2247 sunt,
1538 2213 1602 2244 sic-

901 2267 939 2294 ut
957 2273 1018 2303 per
1046 2273 1179 2294 omnem
1197 2264 1290 2294 illum
1315 2266 1459 2294 tractum
1478 2263 1602 2304 Italiae,

901 2323 1002 2354 quem
1027 2323 1069 2344 ex
1092 2314 1213 2354 majori
1242 2317 1339 2354 parte
1367 2312 1482 2344 Graeci
1510 2313 1603 2344 inco-

900 2365 1049 2395 luerunt.
1096 2365 1147 2395 Ex
1164 2373 1230 2405 quo
1251 2373 1372 2403 magna
1389 2363 1528 2394 Graecia
1544 2373 1602 2394 no-

901 2423 978 2445 men
1003 2414 1148 2454 accepit.
1191 2413 1276 2444 Ideo
1301 2422 1383 2453 ergo
1409 2416 1444 2444 et
1469 2413 1600 2444 Ennius

902 2468 938 2494 et
954 2464 1100 2494 Lucilius
1116 2464 1284 2495 Brutaces
1301 2463 1478 2503 Bilingnes
1505 2463 1600 2494 dixe-

902 2514 1006 2545 runt.’
1051 2514 1106 2545 Ita
1136 2514 1223 2545 enim
1258 2524 1302 2545 ex
1334 2514 1442 2544 veteri
1473 2513 1600 2545 Codice

902 2564 1135 2595 emendandus
1151 2564 1207 2595 ille
1233 2563 1474 2604 Porphyrionis
1494 2563 1599 2594 locus.

900 2616 942 2646 In
959 2625 1024 2656 qno
1047 2615 1140 2646 vides
1164 2615 1284 2647 eadem
1302 2625 1377 2656 qnae
1401 2615 1455 2645 hic
1479 2613 1598 2645 scribit

899 2666 1035 2697 Festus.
1057 2667 1127 2697 JoS.
1143 2666 1227 2697 Scal.

940 2715 1124 2756 Bizingues]
1150 2716 1305 2748 Brutates
1342 2716 1467 2756 legitur
1506 2714 1595 2755 apud
