1835 2906
141 138 225 180 284

586 149 733 180 SEXTI
768 149 969 180 FOMPEll
1004 149 1140 179 FESTI

199 249 274 285 tea
305 243 526 297 Tanaquil
559 246 756 286 vocitata
779 250 870 286 erat
899 256 1013 284 uxor
1039 243 1264 297 Tarquinii
1290 243 1435 284 Prisci
1466 244 1582 296 regis

196 312 518 352 Romanorum:
550 325 648 365 quae
681 316 817 353 tantae
850 311 1084 365 probitatis
1114 310 1212 360 fuit,
1256 315 1303 351 ut
1339 310 1385 351 id
1419 323 1580 352 nomen

199 379 356 420 ominis
376 379 480 420 boni
501 392 639 421 causa
658 380 935 432 frequentent
960 378 1193 428 nubentes,
1215 391 1346 431 quam
1369 390 1584 418 summam

199 450 452 487 asseverant
472 447 692 488 lanificam
712 446 865 487 fuisse.

141 512 394 563 Galbeum,¹'
421 514 660 554 ornamenti
677 526 828 566 genus.

143 581 319 622 Gallam
335 586 348 603 ⁰
379 582 543 632 bibere,
567 594 618 621 ac
640 594 767 633 rugas
791 580 1032 620 (abducere
1064 579 1218 629 ventri,
1239 592 1340 620 cum
1367 578 1430 619 ait
1452 579 1585 619 Luci-

197 649 282 690 lius
299 663 310 700 ;
340 652 580 702 praemonet
596 648 864 702 parsimonia
885 660 982 688 esse
999 647 1220 697 utendum,
1238 659 1382 700 neque
1397 646 1508 699 gulae
1523 646 1587 686 in-

199 716 481 768 dulgendum,
502 721 783 768 ventremque
807 715 1106 756 coartandum.

143 782 298 833 Galli?
329 784 404 837 qui
426 788 638 824 vocantur
674 782 830 823 Matris
857 782 1030 834 Magnae
1057 782 1257 830 comites,
1291 780 1401 821 dicti
1434 784 1535 823 sunt
1563 792 1590 820 a

199 851 391 900 flumine,
414 851 485 892 eui
505 864 666 891 nomen
690 857 760 890 est
775 849 928 891 Gallo:
950 849 1067 903 quia,
1090 850 1165 903 qui
1186 862 1242 889 ex
1261 861 1314 888 eo
1327 847 1530 896 biberint,
1545 847 1591 887 in

199 919 281 959 hoc
303 919 440 959 furere
462 919 691 971 incipiant,
714 923 760 958 ut
786 931 835 958 se
855 919 1032 971 privent
1058 916 1280 959 virilitatis
1301 919 1438 968 parte.

1497 913 1592 954 Alii

201 989 358 1039 putant
388 986 490 1027 ideo
525 999 602 1026 eos
630 985 715 1026 sibi
742 985 951 1038 genitalia
977 983 1181 1033 incidere,
1202 982 1305 1036 quia
1327 981 1593 1022 violaverint

199 1066 352 1094 nomen
373 1054 524 1107 patris,
546 1054 767 1102 matrisve,
789 1066 841 1093 ne
862 1053 1032 1106 possint
1052 1052 1142 1105 ipsi
1162 1050 1257 1091 fieri
1278 1052 1495 1103 parentes.

146 1120 348 1161 Ganeum
364 1126 377 1142 θ
409 1121 576 1174 antiqui
594 1121 741 1161 locum
764 1120 974 1167 abditum,
1005 1133 1057 1160 ac
1080 1119 1200 1161 velut
1227 1118 1308 1158 sub
1339 1122 1453 1157 terra
1471 1116 1593 1156 dixe—

201 1193 312 1230 runt.

198 1256 241 1295 in
258 1268 454 1308 ganeum.

744 1341 884 1353 eeeeeee

190 1399 205 1427 1
229 1395 298 1426 Alii
317 1396 400 1428 libb.
416 1396 556 1427 abditum
573 1396 625 1427 vel
644 1396 822 1428 obductum.

372 1189 627 1229 Terentius:
659 1188 748 1229 Ubi
769 1189 891 1229 illum
915 1187 1141 1241 quaeram‘?
1174 1185 1306 1227 credo
1328 1185 1565 1226 abductum
1580 1187 1592 1205 ¹

887 1341 986 1352 “““

798 1489 939 1522 NOTAE

188 1565 201 1584 '³
226 1564 391 1604 Gazbeum]
415 1564 505 1595 Vide
529 1564 719 1596 ‘Calbeos.'
743 1565 841 1596 Idem.

186 1619 199 1634 ⁰
227 1616 368 1655 Gallam]
394 1615 500 1646 Lucil.
517 1615 574 1646 lib.
588 1624 650 1646 xv.
667 1615 756 1656 apud
773 1616 842 1647 No-

147 1665 236 1695 uium
252 1675 259 1695 :
285 1666 293 1682 ‘
309 1666 394 1696 Quae
411 1666 532 1704 gallam
561 1665 676 1696 bibere
690 1675 728 1696 ac
744 1675 843 1706 rugas

146 1715 339 1746 conducere
359 1716 469 1746 ventri
488 1716 592 1746 Farre
605 1725 757 1755 aceroso,
770 1717 844 1745 oleo

146 1765 346 1801 decumano,
362 1776 448 1806 pane
460 1765 573 1806 coegit
587 1766 762 1797 Cumano.²
787 1766 845 1797 Sic

147 1815 234 1845 enim
262 1815 432 1846 scribendi
457 1822 535 1846 sunt
559 1816 591 1846 bi
616 1825 743 1848 versus,
766 1816 844 1847 Ant.

147 1865 233 1903 Aug.

192 1916 315 1946 Gallam
332 1916 449 1957 bibere]
469 1916 644 1956 integrum
660 1916 776 1946 Lucilii
797 1916 844 1946 lo-

147 1977 222 1998 cum
248 1967 347 1999 affert
373 1969 504 1999 Nonius
529 1969 561 1998 in
587 1978 669 1999 voce
694 1969 703 1985 ‘
727 1978 843 1999 acero-

148 2018 246 2056 sum‚'
264 2028 305 2048 ex
325 2018 443 2049 Annal.
462 2027 549 2049 xxv.
585 2019 593 2035 ‘
611 2019 695 2051 Quae
713 2019 847 2049 Gallam

150 2070 267 2099 bibere
299 2079 336 2099 ac
368 2079 468 2109 rugas-
499 2069 693 2099 conducere
726 2069 847 2109 ventri,

151 2120 253 2149 Farre
272 2130 425 2157 averoso,
445 2120 518 2150 oleo
536 2119 734 2157 decumano,
761 2129 847 2159 pane

151 2169 264 2210 co'egit
290 2169 466 2200 Cumano:
513 2170 607 2200 Gallu
636 2175 689 2200 est
718 2169 850 2200 fructus

151 2220 211 2250 sub
236 2225 432 2251 autumnum
459 2220 635 2250 arboribus
661 2220 851 2258 innascens,

153 2271 325 2310 praecipue
343 2271 466 2310 robori,
482 2271 570 2301 Gall.
599 2270 674 2300 noim
697 2271 734 2300 de
755 2271 847 2309 galle.

152 2320 231 2359 Ejus
249 2330 348 2360 sapor
365 2330 486 2361 asper3
502 2329 605 2360 quare
622 2320 848 2361 vinum,quod

152 2376 262 2401 atrum
295 2377 397 2406 esset,
421 2377 456 2401 et
487 2379 643 2410 asperum
677 2370 717 2400 ad
742 2371 848 2401 instar

153 2421 264 2461 gallae,
282 2422 404 2451 Gallum
422 2422 550 2451 dixere.
575 2420 656 2450 Duc.

193 2470 208 2490 ‘¹
233 2470 335 2509 Galli]
352 2471 556 2501 Sacerdotes
574 2471 676 2501 Rhea»
694 2471 847 2506 castrati,

152 2531 172 2551 a
197 2520 297 2551 Gallo
322 2519 424 2550 fluvio
455 2521 628 2560 Pbrygiae.
673 2521 776 2552 Ovid.
799 2530 848 2552 iv.

154 2571 244 2601 Fast.
267 2571 276 2586 ‘
296 2570 364 2600 Cur
379 2570 479 2609 igitur
491 2571 621 2608 Galim,
634 2571 690 2610 qni
708 2580 742 2600 se
758 2571 849 2600 exci-

153 2620 248 2653 dere,
273 2621 537 2657 voeamrrs,()111n
560 2625 690 2650 tantum
714 2620 853 2660 aPlnry-

154 2669 210 2710 gia
227 2669 361 2700 Gallica
377 2668 480 2700 distet
498 2669 614 2700 liumus
632 2670 642 2699 ?
668 2670 776 2710 Inter,
793 2671 852 2705 air,

898 1563 1039 1594 viridem
1069 1562 1221 1603 Cybelen
1260 1560 1410 1600 altasque
1440 1558 1595 1589 Celaenas

899 1614 1018 1644 Amnis
1040 1614 1067 1644 it
1084 1615 1202 1643 insana
1214 1610 1348 1641 nomine
1365 1609 1483 1641 Gallus
1500 1617 1600 1648 aqua.

898 1665 966 1697 Qui
998 1664 1082 1695 bibit
1112 1662 1203 1699 inde,
1233 1660 1335 1692 furit:
1370 1660 1488 1700 procul
1520 1659 1599 1689 binc

899 1715 1078 1750 discedite,
1096 1714 1169 1755 quis
1195 1717 1247 1743 est
1268 1712 1360 1743 Cura
1385 1711 1482 1741 bonae
1508 1718 1601 1740 men·

902 1766 959 1803 tis,
973 1766 1028 1806 qui
1047 1765 1131 1795 bibit
1147 1763 1224 1794 inde
1242 1761 1349 1793 furit!
1386 1760 1602 1792 Herodianus

898 1817 930 1847 in
946 1816 1149 1847 Commodo:
1167 1813 1268 1844 Πάλαι
1279 1811 1456 1854 μὲνΦρύγες
1469 1809 1600 1852 ‹lap-yla}-

898 1879 932 1897 ον
957 1866 1005 1897 ἐπὶ
1029 1868 1074 1905 τῷ
1093 1867 1225 1905 ποταμῷ
1252 1864 1364 1904 Γάλλῳ
1389 1862 1600 1904 παραῤῥέοντι,

898 1918 950 1958 ἀφ’
966 1916 1001 1949 οὗ
1015 1918 1074 1955 τὴν
1090 1916 1262 1956 ἐπωνυμίαν
1277 1918 1423 1957 φέρουσιν
1436 1915 1464 1945 οἱ
1478 1915 1518 1955 τῇ
1534 1915 1603 1951 Θεῷ

897 1969 999 2007 τομίαι
1013 1969 1179 2010 ἱερωμένοι.
1209 1970 1218 1985 ‘
1234 1967 1431 2008 Antiquitus
1447 1966 1602 2005 Phryges

903 2020 1008 2057 Orgia
1038 2018 1260 2049 celebrabant
1287 2017 1327 2047 ad
1356 2015 1485 2047 fluenta
1511 2013 1604 2044 fluvii

904 2070 1009 2109 Galli,
1023 2080 1042 2100 a
1058 2079 1124 2110 quo
1139 2077 1259 2099 nomen
1274 2067 1433 2101 habuere,
1447 2065 1503 2105 qni
1517 2065 1603 2095 Deae

903 2121 1044 2150 castrati
1060 2116 1327 2149 consecrantur.'
1352 2116 1447 2146 Idem.

947 2176 959 2190 ⁸
976 2169 1131 2208 Gnaeum]
1148 2169 1287 2198 Terent.
1305 2167 1337 2197 in
1352 2165 1498 2206 Adelph.
1513 2165 1522 2181 ‘
1534 2164 1603 2196 Ubi

904 2229 966 2260 ego
985 2220 1076 2249 illum
1094 2216 1273 2259 quiveram?
1298 2217 1375 2247 Ant.
1394 2216 1477 2254 Aug.

950 2268 1107 2308 Guneum]
1123 2269 1231 2299 Locus
1241 2267 1379 2297 Terent.
1393 2271 1445 2296 est
1458 2264 1605 2305 Adelph.

906 2325 973 2350 act.
997 2328 1050 2350 ιιι.
1079 2328 1126 2349 sc.
1148 2321 1179 2348 3.
1205 2317 1261 2347 ubi
1279 2317 1406 2347 Donat.
1431 2317 1440 2332 ‘
1459 2316 1605 2346 Veteres

903 2379 1045 2409 ganemu
1085 2368 1293 2398 meritoriam
1327 2367 1501 2397 tabernam
1533 2366 1607 2396 dix-

902 2425 1013 2454 erunt,
1037 2418 1097 2449 ἀπὸ
1112 2419 1169 2454 τῆς
1183 2419 1258 2456 γᾶς,
1277 2416 1363 2447 ταῦτ’
1386 2416 1453 2447 ἔστι
1467 2417 1524 2451 τῆς
1536 2416 1606 2454 γῆς.

903 2470 1005 2503 Quod
1020 2471 1091 2510 ipsa
1106 2469 1150 2499 sit
1168 2469 1199 2499 in
1220 2475 1321 2502 terra,
1341 2477 1417 2502 non,
1437 2473 1472 2497 ut
1489 2468 1607 2497 Caena-

905 2521 995 2557 cula,
1010 2518 1188 2559 superius!
1235 2519 1323 2555 Ergo
1347 2526 1492 2555 ganeum,
1509 2515 1605 2555 quasi

904 2572 1041 2610 Ὑανεῑον,
1053 2580 1070 2600 a
1086 2581 1141 2607 γα,
1159 2569 1230 2598 sive
1248 2567 1359 2607 potius
1374 2564 1467 2604 γάνει,
1486 2570 1522 2595 ut
1539 2565 1606 2595 Ve-

907 2627 998 2652 teres
1031 2620 1204 2658 dicebant,
1241 2618 1267 2648 si
1306 2616 1388 2646 fides
1421 2615 1605 2655 Hesycbio.

908 2671 955 2702 At
985 2670 1096 2702 Julius
1130 2670 1246 2701 Caesar
1274 2667 1426 2707 Scaliger
1454 2665 1607 2697 Exercit.
