1835 2906
395 107 457 137 DE
492 107 763 140 VERBORUM
800 108 1209 142 SIGNIFICATIONE
1245 112 1338 143 [ΑΒ.
1372 114 1464 144 XII.

1578 107 1663 148 493

217 200 261 241 Ν
266 214 423 244 overea
440 208 455 224 Χ
475 202 651 254 dicitur,
670 216 801 257 quam
835 204 934 257 quis
969 204 1158 246 sublatis
1192 207 1340 249 liberis
1362 221 1524 251 novam
1555 224 1664 253 uxo·-

270 282 355 310 rem
379 269 510 310 duxit
530 271 738 323 augendae
756 276 785 294 ¹¹
814 270 996 312 familiae
1017 273 1170 324 gratia.

216 333 429 376 Novercay
450 335 601 377 dicitur
621 351 741 392 quam
766 338 854 392 quis
872 337 1006 378 liberis
1028 337 1198 379 sublatis
1228 354 1386 383 novam
1406 357 1479 383 ux-
1500 344 1660 398 [FEST.

269 416 375 442 orem
414 402 523 443 ducit
566 404 744 444 arcenda:
770 404 955 459 familiae
991 406 1148 459 gratia,
1196 407 1240 447 id
1279 414 1361 459 est,
1403 410 1663 453 coorcendae:

260 470 399 522 prima
441 477 577 511 autem
619 478 865 512 memoratur
908 472 1020 526 apud
1060 471 1096 512 V
1098 475 1395 525 ecterrania‚¹2
1436 491 1522 531 quae
1560 493 1664 533 nup-

265 536 333 577 sit.

212 600 398 643 Navibus
443 611 666 660 regnante²
697 605 790 646 Ser.
811 606 959 647 Tullio
990 607 1099 661 quod
1131 608 1175 648 in
1207 607 1457 650 Aventinum
1487 618 1662 652 montem

258 669 451 723 paludib.
493 671 706 712 disclusum
745 674 1068 724 ascenderetur,
1109 674 1163 715 ab
1196 676 1368 717 advectu
1410 678 1465 717 sic
1507 678 1662 719 dictum

264 738 399 789 aiunt,
421 738 485 779 vel
515 739 623 793 quod
663 739 901 781 Aventinus
940 741 984 781 in
1025 743 1239 784 Aventino
1275 758 1345 785 νει
1384 743 1572 786 Albanus
1608 747 1659 787 sit

262 805 485 859 sepultus.¹³

208 872 345 914 Noxa
366 875 542 927 ponitur
563 889 642 928 pro
672 879 855 930 peccato
878 880 953 917 aut
984 890 1062 930 pro
1085 879 1262 931 peccati
1286 893 1435 933 poena,
1477 882 1656 935 [PAU1„

262 953 361 981 cum
381 941 599 996 lexjubet
618 956 749 985 noxae
767 944 923 984 dedere
945 958 1025 997 pro
1047 949 1248 999 peccato.

207 1009 378 1050 Noxiafl
410 1010 528 1063 apud
561 1012 768 1065 antiquos
809 1011 1016 1053 damnum
1059 1014 1295 1066 significat,
1327 1015 1406 1057 sed
1449 1030 1475 1058 a
1507 1017 1653 1071 poetis

261 1078 436 1130 ponitur
457 1091 534 1131 pro
557 1079 701 1132 culpa.

807 1200 924 1211 eeeeee

927 1200 1046 1212 eeeeee

247 1276 284 1304 11
311 1273 395 1305 Ead.
422 1273 474 1305 ed.
498 1274 593 1306 ducit.
639 1275 719 1306 Vet.
743 1274 801 1306 lib.
825 1277 965 1307 arcemloe
982 1276 1034 1307 vel
1050 1277 1339 1307 accersendae.-—1·2
1365 1276 1426 1308 Ed.
1449 1277 1538 1308 ScaI.
1570 1278 1653 1309 Vec-

205 1316 387 1346 ten-annia.
416 1318 498 1347 Dae.
510 1317 643 1356 reponit
671 1319 751 1357 apud
773 1317 917 1348 Verrium
932 1319 1052 1358 Annia,
1077 1320 1129 1350 vel
1146 1321 1226 1358 apud
1253 1323 1367 1350 veteres
1383 1320 1588 1351 Anniu.-—l3
1612 1321 1653 1352 ln

206 1358 280 1391 ead.
296 1358 348 1389 ed.
364 1359 417 1391 hie
434 1359 629 1391 inseruntur
646 1360 687 1390 τὰ
702 1362 710 1377 ‘
727 1361 879 1391 Natalem
896 1370 1025 1401 agrum,
1042 1364 1093 1393 &c
1097 1384 1232 1394 ......
1251 1360 1391 1393 ἵκέσθαι.’

854 1479 993 1511 NOTAE

240 1558 255 1573 Χ
280 1552 437 1593 Nouerca]
476 1552 693 1594 Reponeex
724 1552 897 1584 veteribus

201 1602 416 1643 editionibus,
430 1604 724 1640 arcemlaefamilioe.
770 1602 897 1634 Arcen-

197 1654 231 1685 di
263 1653 367 1685 verbo
398 1655 598 1694 primigenio
634 1655 742 1685 utitur
776 1655 896 1685 Festus

197 1714 259 1744 pro
281 1704 447 1745 derivato,
468 1715 601 1745 arcesso,
617 1705 709 1744 alibi,
727 1715 803 1736 curn
827 1705 894 1736 ait:

196 1754 205 1769 ‘
220 1755 379 1795 Sagmina
403 1759 565 1786 vocantur
594 1754 765 1790 verbenae,
782 1753 814 1784 id
833 1758 897 1794 est,

195 1805 310 1835 herbae
328 1815 442 1845 purae:
468 1805 545 1846 quia
562 1815 603 1835 ex
622 1806 695 1836 loco
708 1809 827 1836 sancto
843 1814 894 1835 ar-

196 1853 362 1885 cebantur
378 1864 396 1885 a
411 1853 580 1885 Consule.’
612 1854 712 1886 Quod
729 1863 893 1885 consensu

193 1909 369 1944 receptum
397 1905 541 1945 videtur,
569 1914 642 1935 cum
666 1905 721 1935 lex
746 1909 782 1936 et
817 1913 893 1945 pro·

194 1955 305 1994 portio
331 1955 496 1985 sermonis
523 1954 636 1985 Latini
663 1959 834 1995 posceret,
857 1959 894 1985 ut

193 2004 365 2036 diceretur
404 2005 518 2044 arc-ire,
556 2014 621 2035 non
653 2014 768 2043 arcere,
803 2005 891 2046 quod

192 2058 311 2094 postea
327 2054 456 2085 dictum
487 2054 612 2090 (κείνω
641 2058 678 2085 ut
708 2055 716 2071 ‘
731 2053 891 2093 Arcedo,'

190 2104 339 2136 ‘accedo
354 2104 374 2143 ;'
398 2104 594 2143 ‘Arvenio,’
617 2103 804 2136 ‘adveniol
827 2104 890 2135 Ar-

192 2155 239 2185 cio
261 2164 355 2195 ergo,
373 2165 512 2186 arcesso:
537 2160 574 2185 ut
591 2159 598 2171 ‘
611 2154 731 2195 capio,'
753 2156 761 2172 ⁶
774 2163 889 2194 capes-

193 2204 254 2236 so.'
308 2205 376 2236 Hic
405 2214 486 2236 vero
522 2215 625 2236 arcere
661 2205 732 2245 ipse
767 2205 888 2235 Festus

192 2259 334 2294 usurpat
356 2264 419 2295 pro
436 2254 607 2290 coercere,
628 2259 666 2286 ut
689 2256 761 2294 ipse
784 2255 888 2285 inter-

191 2310 364 2346 pretatur:
389 2305 478 2346 quod
496 2306 572 2336 olim
588 2315 653 2337 non
676 2306 887 2337 animadver-

192 2355 234 2385 tit
248 2355 438 2386 Turnebus.
461 2356 531 2387 Jos.
548 2355 631 2386 Scal.

234 2410 246 2430 5
273 2402 428 2442 Not-erce]
452 2403 568 2435 Infra:
594 2405 691 2435 deest
715 2404 822 2444 prima
848 2406 886 2436 li-

190 2464 266 2486 nea.
303 2456 442 2486 Nouerca
457 2456 584 2495 dicitur,
600 2465 688 2496 quum
700 2456 768 2496 quis
782 2456 887 2487 liberis

189 2506 319 2536 sublatis
344 2516 455 2536 noram
481 2516 607 2537 uxorem
633 2508 717 2537 (lucit
746 2508 885 2538 urcendoe

183 2556 318 2592 familioe
330 2556 493 2595 gradicum
509 2562 573 2595 est,
586 2556 793 2587 coercendae.
820 2557 882 2588 Re-

190 2606 364 2645 liquasunt
381 2604 605 2646 fragmentum
620 2606 882 2638 Novendialium

191 2655 361 2688 feriarum.
408 2657 452 2688 Et
469 2657 501 2687 in
523 2657 592 2697 iilo,
608 2657 812 2697 ecterrannia,
829 2667 884 2698 ag-

949 1563 1052 1584 nosco
1091 1554 1236 1593 vestigia
1273 1555 1413 1586 nominis
1447 1556 1650 1594 lectisternia}

948 1605 1037 1645 quod
1067 1605 1205 1636 verbum
1236 1606 1489 1637 accommodum
1513 1612 1565 1638 est
1591 1617 1649 1638 no-

948 1654 1157 1686 vendialibus
1184 1655 1290 1686 feriis.
1334 1655 1376 1685 In
1393 1655 1458 1686 fine
1475 1656 1545 1687 haec
1562 1657 1650 1689 desi-

947 1703 1136 1734 derantur:
1176 1705 1329 1735 Novalem
1359 1715 1469 1744 agrum
1498 1708 1602 1738 AElz'us
1630 1719 1648 1738 a

945 1763 1022 1784 nora
1036 1758 1168 1785 semente
1178 1766 1188 1784 :
1214 1754 1270 1785 alii
1284 1754 1377 1785 aiunt
1390 1765 1463 1786 esse
1476 1756 1648 1796 Graecum,

946 1803 1036 1839 νειὸν,
1054 1804 1095 1834 ad
1121 1803 1211 1845 quod
1239 1808 1328 1835 teste
1345 1805 1495 1835 Homero
1513 1815 1647 1846 quoque

947 1859 1110 1885 utuntur:
1135 1852 1246 1892 ἱέμενοι
1271 1855 1361 1884 νειοῖο
1387 1853 1511 1891 βαθείης
1532 1854 1648 1885 τέλσον

947 1903 1078 1935 ἱκέσθαι.
1124 1905 1235 1935 Locus
1261 1909 1314 1935 est
1333 1903 1440 1936 Ἰλιάδ.
1456 1907 1491 1936 Σ.
1538 1905 1646 1946 Supe-

944 1956 1012 1986 rius
1029 1965 1163 1996 quoque
1180 1955 1221 1985 de
1241 1955 1351 1985 novali
1366 1964 1445 1995 agro
1463 1955 1643 1987 disseruit:

944 2005 1005 2036 nisi
1027 2007 1133 2036 mavis
1150 2005 1360 2045 conjungere
1384 2014 1457 2036 cum
1474 2005 1535 2036 his.
1581 2007 1645 2036 Ta-

942 2064 1018 2085 men
1031 2064 1096 2085 non
1114 2060 1167 2085 est
1183 2063 1303 2084 novum
1317 2054 1419 2084 Festo
1436 2054 1572 2093 iterum,
1587 2060 1645 2085 aut

943 2109 1008 2144 ter,
1025 2105 1067 2135 de
1081 2104 1202 2135 eadem
1220 2113 1254 2134 re
1270 2103 1362 2144 loqui
1378 2113 1385 2133 :
1403 2108 1439 2134 ut
1452 2103 1494 2133 de
1510 2103 1643 2144 Suppa-

941 2164 979 2185 ro
997 2159 1062 2194 ter,
1086 2155 1128 2185 de
1145 2154 1270 2185 Suculu
1287 2153 1347 2185 bis.
1372 2154 1469 2184 Idem.

986 2204 1143 2244 Now-ca]
1160 2205 1230 2235 Pro
1243 2204 1300 2234 ino
1320 2204 1534 2243 Vecteramn'a,
1552 2205 1641 2245 quod

939 2259 1136 2294 corruptum
1161 2258 1225 2292 est,
1248 2262 1375 2293 repono
1396 2256 1476 2294 apud
1497 2255 1641 2286 Verrium

938 2305 1057 2341 Annia,
1089 2305 1141 2335 vel
1167 2305 1248 2344 apud
1270 2307 1388 2334 ¹veteres
1414 2304 1540 2335 Annia.-
1563 2315 1639 2336 nam

938 2355 1049 2387 Annia
1081 2361 1133 2387 est
1162 2364 1284 2386 nomen
1309 2355 1398 2385 illius
1431 2365 1505 2395 quae
1533 2356 1640 2396 prima.

938 2414 1086 2436 noverca
1102 2408 1320 2435 memoratur.
1364 2404 1516 2435 Immane
1537 2414 1640 2446 quan-

938 2462 1007 2488 tum
1023 2458 1076 2489 hic
1092 2457 1217 2488 erravit
1230 2457 1392 2496 Scaliger.
1416 2457 1501 2487 Duc.

980 2513 992 2528 Ζ
1015 2508 1158 2538 Navibus
1180 2505 1346 2546 regnante]
1380 2506 1467 2538 Vide
1500 2511 1508 2524 ‘
1524 2507 1637 2540 Aven-

936 2558 1051 2590 tinus!
1075 2558 1173 2589 Idem.

980 2614 994 2630 ²²
1018 2609 1141 2649 Noxia]
1182 2607 1414 2639 Glossarium:
1447 2608 1456 2625 ‘
1476 2608 1635 2647 Nemmio,

940 2658 1069 2691 εὐθύνα.’
1098 2663 1106 2677 ‘
1119 2658 1253 2690 Noxam
1270 2657 1375 2699 dedit,
1391 2658 1431 2690 εἰς
1447 2658 1575 2690 κόλασιν
1587 2658 1634 2689 δέ·
