1835 2906
184 115 267 156 246

641 122 789 153 SEXTI
827 121 1025 153 POMPEI!
1062 122 1197 153 FESTI

185 219 448 272 Exemplum
466 216 478 240 f
507 222 590 267 est,
611 217 728 271 quod
749 228 998 270 sequamur,
1034 218 1108 256 aut
1128 216 1322 257 vitemus
1341 229 1352 257 ε
1384 217 1626 270 exemplar,

243 300 301 328 ex
321 299 408 340 quo
426 285 566 326 simile
585 285 819 327 faciamus.

241 354 383 395 oculis
405 353 686 407 conspicitur.

187 421 474 471 Exercirent,g
494 421 717 462 sarcirent.

880 282 997 324 Illud
1019 284 1161 324 animo
1183 283 1441 334 aestimatur,
1463 284 1585 325 istud
1597 286 1630 307 ¹⁰

187 486 535 531 Exercitionemh
566 487 747 529 exerciti
771 487 978 529 dicebant
993 493 1023 512 ¹¹
1047 488 1240 542 antiqui:
1274 488 1630 529 exercitationem

242 556 470 599 exercitati
480 587 488 595 .

548 556 660 597 Item
683 556 1006 606 exercitiorem,
1023 555 1418 606 exercitissimum3
1441 557 1556 596 sicut
1574 557 1630 596 ab

244 624 501 672 exercitato,
521 623 888 674 exercitatiorem,
909 624 1336 665 exercitatissimum.

187 690 438 734 Exercitusi
459 696 504 733 et
523 691 712 732 militum
735 691 866 745 copia
886 692 1071 742 dicitur3
1102 695 1147 732 et
1170 691 1302 732 homo
1323 691 1476 732 multis
1498 703 1633 744 nego-

244 761 318 801 tiis
341 759 588 800 exercitus:
621 758 698 799 sed
731 760 929 813 superius
955 760 1097 813 quarti
1123 759 1303 808 ordinis,
1334 759 1417 800 hoc
1452 757 1633 800 secundi

243 831 324 868 est.

189 892 394 943 Exesto,k
415 898 541 934 extra
562 899 690 935 esto:
728 893 794 935 sic
826 893 943 935 enim
975 893 1107 935 lictor
1133 894 1177 935 in
1204 893 1471 948 quibusdam
1492 894 1634 935 sacris

245 960 524 1002 clamitabat:
547 961 704 1010 hostis,
728 961 916 1011 vinctus,
936 961 1102 1007 mulier,
1121 962 1242 1015 virgo
1263 965 1445 1002 exesto:
1466 961 1637 1002 scilicet

244 1029 456 1069 interesse
479 1029 800 1081 prohibebatur.

788 1127 927 1140 eeeeeee

932 1127 1030 1140 eeeee

190 1194 228 1224 lo
253 1193 321 1224 Pro
338 1193 419 1223 istud
434 1192 568 1234 quidam
584 1192 660 1224 libri
678 1193 795 1235 legunt
810 1196 840 1224 et
856 1193 1008 1225 hoa—ll
1027 1194 1121 1226 Vett.
1140 1193 1222 1225 libb.
1238 1193 1444 1225 Exercionem
1462 1192 1591 1223 exerciti
1606 1193 1639 1222 d.

841 1277 981 1309 NOTAE

194 1343 320 1376 Exduta
337 1343 379 1374 ab
396 1344 506 1381 exduo,
522 1342 645 1374 Graece
658 1341 765 1377 ἐκδύω,
777 1346 812 1373 et
829 1342 886 1373 eli-

188 1405 225 1427 so
240 1397 272 1434 d,
287 1403 378 1432 exuo,
395 1394 539 1424 exuviae.
565 1394 661 1424 Idem.

230 1444 243 1464 f
265 1443 462 1485 Exemplum]
493 1444 593 1475 Quod
619 1444 729 1474 animo
755 1442 885 1473 imitan-

187 1495 267 1526 dum
290 1494 490 1536 proponitur
504 1495 646 1525 Terent.
663 1493 810 1534 Adelph.
829 1502 885 1524 111.

188 1549 218 1577 3.
241 1546 251 1563 ‘
271 1545 430 1585 Denique
461 1544 636 1584 Inspicere
664 1548 823 1584 tanquam
854 1544 886 1573 in

188 1595 362 1636 speculum
380 1594 412 1624 in
431 1594 516 1624 vitas
533 1594 678 1624 omnium
696 1593 821 1633 Jubeo,
838 1599 883 1624 at·

188 1656 253 1687 que
279 1656 319 1676 ex
349 1645 421 1676 aliis
438 1654 570 1676 sumere
588 1645 782 1685 exemplum
800 1645 891 1676 sibi.’

189 1697 371 1734 Exemplar
387 1705 465 1726 vero
482 1695 571 1736 quod
589 1696 708 1735 oculis,
724 1701 760 1727 ut
777 1696 889 1735 pictu-

189 1755 247 1783 rae,
263 1745 388 1776 tabulae
405 1745 604 1785 pictoribus.
640 1745 761 1776 Horat.
779 1746 890 1786 Epist.

189 1798 219 1825 2.
238 1795 294 1825 lib.
312 1805 334 1826 1.
357 1796 366 1811 ‘
382 1795 508 1825 Rursus
528 1795 607 1836 quid
626 1795 731 1825 virtus
756 1795 887 1836 etquid

188 1845 356 1884 sapientia
373 1845 478 1884 possit
504 1845 599 1875 Utile
629 1846 806 1885 proposuit
830 1855 889 1876 no-

190 1895 239 1925 bis
258 1896 433 1935 exemplar
449 1895 630 1935 Ulyssem!
664 1895 729 1925 Sed
747 1895 889 1927 confun-

190 1945 326 1981 duntur,
352 1950 388 1976 ut
412 1946 605 1986 plurimum,
627 1946 699 1976 haec
717 1946 795 1976 duo.
840 1947 889 1977 Ut

190 2006 266 2027 cum
295 1996 418 2028 dicitur
444 1996 638 2035 exemplum
664 2000 698 2026 et
715 1997 890 2037 exemplar

189 2047 405 2088 eloquentiae,
421 2056 482 2087 pro
498 2047 642 2087 imagine
656 2052 691 2077 et
709 2048 890 2087 praescrip-

191 2097 283 2127 tione
300 2097 343 2128 ad
361 2096 571 2136 imitandum,
588 2102 619 2127 ct
638 2098 824 2136 exemplar,
837 2098 890 2128 vel

190 2148 395 2187 exemplum,
438 2147 626 2185 literarum,
664 2147 891 2188 chirographi,

192 2199 398 2237 testamenti,
425 2208 486 2239 pro
514 2196 621 2229 forma
653 2204 687 2229 et
716 2199 890 2241 descripto

190 2248 279 2289 quod
298 2250 399 2287 vulgo
415 2248 503 2288 copia
517 2253 668 2280 vocatur.
694 2250 792 2281 Idem.

234 2304 248 2323 ἕ
277 2299 478 2339 Exercirent]
507 2298 534 2329 Α
551 2299 650 2330 sarcio
666 2300 889 2340 compositum

193 2348 342 2386 cxsercz'o,
355 2349 437 2379 eliso
450 2358 477 2386 s,
489 2348 620 2379 exercio.
638 2349 736 2380 Unde
753 2349 892 2380 Terent.

192 2404 199 2415 ‘
216 2398 282 2430 Qui
311 2408 415 2438 opere
444 2400 570 2430 rustico
597 2399 768 2431 Faciundo
791 2399 891 2432 facile

194 2448 318 2479 victum
335 2449 530 2479 exercitent
558 2448 676 2480 suum.’
721 2450 776 2481 Ita
802 2451 890 2481 enim

192 2497 390 2529 scribendus
407 2503 459 2528 est
483 2500 588 2538 locus,
607 2509 684 2538 non,
701 2507 735 2531 ut
755 2501 891 2542 quidam

194 2547 293 2583 male,
305 2547 505 2579 emm-cirene.
522 2548 564 2579 Et
577 2548 665 2580 forte
681 2551 893 2582 restituenda

195 2607 258 2628 vox
273 2597 330 2627 illa
343 2597 498 2627 Ciceroni
517 2598 548 2627 in
566 2599 651 2629 libro
665 2599 707 2630 de
725 2601 891 2641 petitione

195 2647 413 2678 consulatus:
438 2648 447 2665 ‘
463 2646 546 2677 Aliis
566 2653 598 2678 te
617 2649 649 2679 id
669 2650 770 2680 rebus
793 2661 893 2682 exac-

195 2705 304 2731 turum
323 2709 396 2731 esse
422 2700 648 2740 persuadeas:
693 2702 891 2744 Legendum

940 1343 1029 1373 enim
1046 1347 1234 1374 exerturam.
1259 1342 1366 1375 Idem.

984 1391 998 1412 ¹³
1022 1393 1269 1433 Exercitionem]
1307 1392 1360 1425 Ab
1376 1402 1503 1424 exerceo
1517 1397 1569 1423 est
1586 1403 1640 1424 ex-

941 1443 1094 1479 ercitium,
1110 1444 1270 1483 exercitio,
1285 1443 1451 1482 exercitus,
1461 1443 1641 1478 exercitior,

940 1493 1198 1533 exercitissz'mus,
1223 1494 1340 1535 quibus
1365 1494 1416 1525 usi
1434 1499 1565 1525 veteres
1580 1492 1642 1525 Ju-

943 1544 1148 1582 risconsulti,
1172 1549 1208 1575 ut
1231 1544 1273 1575 ab
1297 1544 1518 1582 exercitatus,
1544 1552 1642 1574 exer-

943 1595 1094 1630 citatior.
1121 1595 1433 1634 exercitatissimus,
1457 1597 1522 1626 &c.
1573 1593 1641 1625 Sed

944 1645 974 1675 in
992 1650 1074 1676 vett.
1101 1646 1182 1676 libb.
1205 1645 1367 1686 scriptum
1383 1645 1574 1676 exercionem
1589 1653 1643 1675 ex-

944 1695 1035 1726 erciti
1050 1696 1203 1731 dicebant,
1218 1697 1271 1735 ἔμ’.
1288 1695 1376 1736 quod
1395 1699 1430 1726 et
1442 1704 1557 1726 verum
1571 1699 1642 1726 est:

945 1755 1020 1776 nam
1048 1751 1086 1777 ut
1114 1755 1132 1776 a
1158 1745 1304 1785 suspicio,
1331 1745 1460 1776 dictum
1487 1745 1643 1786 suspicio.

944 1797 1028 1835 onis,
1051 1806 1069 1826 a
1091 1796 1254 1837 conspicio,
1279 1795 1466 1836 conspicio,
1493 1795 1579 1833 onis,
1595 1794 1643 1825 sic

944 1846 986 1877 ab
1011 1857 1148 1886 exerceo,
1174 1847 1311 1878 ductum
1327 1846 1576 1878 substantivum
1590 1855 1644 1876 ex-

945 1898 1047 1933 ereio,
1061 1898 1147 1928 onis.
1170 1898 1267 1928 Idem.

987 1947 993 1967 i
1022 1947 1204 1987 Exercitus]
1230 1947 1377 1978 Militum
1394 1946 1504 1986 copia,
1527 1946 1644 1977 exerci-

945 2003 1060 2037 tus,us,
1073 1999 1244 2029 substant.
1257 2003 1387 2038 quartae
1402 1996 1645 2027 declinationis.

945 2048 993 2079 At
1009 2049 1178 2087 exercitus,
1191 2052 1237 2087 ta,
1253 2051 1330 2087 tum,
1355 2046 1477 2087 adject.
1503 2046 1645 2086 negotiis

945 2093 1645 2138 districtus,impeditus,fatigatus.Plaut.

946 2139 1113 2180 Bacchid.
1143 2149 1152 2166 ‘
1171 2149 1256 2181 Qnae
1285 2147 1434 2178 sodalem
1462 2151 1564 2187 atque
1592 2157 1645 2178 me

946 2199 1114 2230 exercitos
1143 2198 1270 2229 habet.’
1323 2197 1516 2238 Aliquando
1543 2197 1644 2227 etiarn

945 2250 1113 2285 exercitus,
1129 2249 1227 2290 liujus
1244 2248 1412 2285 exercitus,
1439 2257 1498 2287 pro
1515 2247 1645 2278 exerci-

947 2300 1077 2331 tatione
1094 2300 1232 2339 legitur,
1247 2303 1281 2328 ut
1297 2299 1386 2339 apud
1403 2297 1563 2328 Plautum
1579 2298 1646 2328 Ru-

946 2349 1039 2381 dent.
1058 2359 1096 2380 11.
1114 2352 1142 2380 l.
1159 2348 1252 2379 ‘Pro
1265 2348 1418 2379 exercitu
1432 2348 1646 2388 gymnastico

946 2406 982 2432 et
998 2401 1192 2441 palaestrico
1209 2400 1269 2430 hoc
1285 2397 1469 2429 habemus!
1504 2398 1646 2438 Legitur

947 2456 981 2482 et
997 2451 1164 2488 exercitus,
1178 2448 1323 2488 exerciti,
1341 2458 1402 2489 pro
1417 2448 1582 2486 exerc-itm,
1598 2457 1645 2478 us.

947 2501 1046 2531 Varr.
1064 2499 1105 2531 ‹le
1124 2500 1194 2530 vita
1212 2509 1290 2539 pop.
1306 2499 1403 2529 Rom.
1420 2497 1477 2528 lib.
1495 2506 1536 2527 11.
1554 2499 1563 2514 ‘
1577 2496 1645 2527 De·

947 2552 1018 2582 cius
1034 2551 1226 2591 Imperator
1248 2558 1308 2589 pro
1326 2547 1467 2579 exerciti
1483 2546 1590 2577 salute
1609 2555 1644 2576 se

950 2602 1020 2633 Diis
1037 2600 1190 2632 manibus
1205 2597 1364 2630 devovit.'
1389 2597 1484 2628 Idem.

991 2652 1003 2671 k
1031 2650 1164 2690 Exesto]
1190 2648 1291 2683 Quod
1318 2648 1365 2679 ait
1391 2647 1423 2677 in
1445 2646 1644 2687 quibusdam

948 2703 1064 2741 sacris,
1094 2707 1186 2732 recte
1217 2698 1316 2730 docet
1342 2706 1407 2729 uon
1434 2696 1466 2727 in
1493 2696 1644 2728 omnibu}
