1835 2906
341 160 400 189 DE
434 156 703 187 VERBORUM
739 150 1143 182 stGNleA'rIONE
1181 150 1273 179 [AB.
1307 149 1370 177 vi.

1498 136 1580 177 277

142 257 377 297 Fremitum
394 260 409 276 ³
440 254 600 294 dictum
624 251 740 292 velut
759 248 1044 289 serimentum.

142 322 384 364 Frendereb
413 327 479 362 est
500 321 694 372 frangere
714 331 722 358 :
755 316 867 357 unde
890 319 954 356 est
976 314 1078 355 faba
1091 312 1258 353 fressa:
1291 311 1402 352 unde
1423 313 1466 351 et
1482 308 1583 350 den-

196 392 313 432 tibus
330 390 514 430 dicimus
536 387 746 428 frendere.

142 457 512 511 Frequentarium,
534 456 819 508 frequentem.

141 525 178 566 F
182 525 343 577 rigerec
372 530 416 565 et
431 525 609 565 frictum
632 535 659 562 a
680 520 839 562 Graeco
857 519 977 560 venit
997 519 1168 572 φρικιεῖν.4

143 590 379 645 Fringillad
413 593 508 633 avis
531 592 662 640 dicta,
685 589 807 643 quod
834 587 990 640 frigore
1012 590 1179 633 cantet,
1202 587 1249 624 et
1270 582 1438 634 vigeat:
1474 579 1587 620 unde

199 665 242 701 et
261 661 469 713 frigutire.

143 727 343 768 Frivola.e
374 731 474 768 sunt
511 727 682 781 proprie
718 736 826 766 vasa
862 722 1017 763 fictilia
1057 732 1237 774 quassa.

1304 715 1428 757 Unde
1469 714 1591 755 dicta

199 796 331 836 verba
344 795 513 844 frivola,
535 807 636 848 quae
657 794 800 834 minus
823 795 924 832 sunt
945 789 1030 830 fide
1052 787 1254 829 subnixa.

144 863 348 904 Frontem
362 860 374 884 f
401 863 574 916 antiqui
590 861 832 902 masculino
853 871 1008 911 genere
1026 856 1190 897 dixere.

748 978 885 990 nnnnn

186 1041 205 1069 4
232 1037 284 1070 Al.
306 1039 441 1077 φριγεῖν.

888 978 985 988 ‘‘‘‘‘

798 1107 941 1138 NOTAE

186 1187 200 1202 ³
222 1180 412 1221 Fremitum]
430 1179 537 1211 Immo
556 1190 574 1210 a
586 1180 701 1218 fremo,
719 1178 806 1219 quod
825 1188 843 1207 a

145 1231 258 1273 βρέμω.
284 1233 384 1262 Idem.

187 1283 201 1303 ¹³
226 1281 398 1321 Frendere]
423 1281 568 1321 Proprie
592 1279 753 1310 dentibus
775 1279 843 1310 col-

143 1334 212 1364 lisis
229 1333 375 1364 sonitum
395 1331 511 1370 edere,
538 1341 600 1362 vox
618 1341 636 1360 a
650 1340 732 1361 sono
749 1329 843 1361 ficta.

144 1384 213 1414 Per
235 1383 486 1423 metonymiam,
501 1381 660 1412 dentibus
674 1380 845 1421 frangere.

145 1435 260 1466 Gloss.
284 1438 292 1451 ‘
312 1433 469 1473 frendeo,
483 1431 576 1471 θλάω,
597 1438 682 1471 tero,
698 1431 844 1471 frangoz’

144 1485 225 1516 iude
253 1486 424 1516 Pacuvius
455 1486 487 1516 in
522 1484 674 1524 Antiopa
703 1485 712 1500 ‘
730 1483 845 1524 fruges

145 1534 303 1573 frendeo,
326 1537 424 1576 solas,
439 1545 477 1566 ac
495 1536 588 1566 sicco
607 1533 749 1565 robore?
784 1534 844 1565 Se-

146 1596 264 1617 renus:
290 1591 297 1603 ⁴
313 1587 420 1627 Copia
432 1586 530 1617 farris
545 1586 592 1617 uti
608 1584 843 1616 frendentibus

146 1642 243 1667 eruta
254 1637 365 1667 saxis.'
381 1636 497 1667 Attius
510 1636 716 1667 Troadibus:
734 1636 843 1666 ‘Saxo

146 1686 258 1726 fruges
275 1686 453 1717 frendam.⁷
466 1688 556 1725 Virg.
570 1687 602 1716 in
617 1687 753 1717 Culice:
768 1686 778 1703 ‘
789 1685 844 1716 ob-

148 1738 200 1766 via
217 1735 452 1768 infrenderet.’
470 1736 694 1774 1ndefressus,
707 1735 846 1774 fractus,

150 1788 312 1818 Columel.
329 1787 386 1818 lib.
406 1797 443 1818 ιι.
461 1797 535 1827 cap.
551 1790 602 1818 11.
627 1789 636 1804 ‘
651 1787 772 1818 Cicera
787 1786 845 1816 bu-

149 1838 211 1868 bus
238 1838 310 1869 erui
335 1839 419 1877 loco,
447 1837 550 1868 fres-sa
583 1837 663 1869 faba
686 1838 787 1868 datur
812 1837 845 1866 in

149 1888 313 1929 Hispania
328 1889 494 1920 Betliica.’
522 1889 564 1920 Et
575 1889 692 1919 Celsus
704 1898 778 1928 cap.
794 1890 845 1918 18.

148 1940 208 1971 lib.
230 1949 263 1971 v.
282 1941 430 1970 Martial.
446 1941 503 1970 lib.
519 1949 568 1971 ιν.
581 1940 646 1980 Ep.
662 1942 714 1971 46.
738 1940 747 1956 ‘
767 1939 845 1969 Far-

149 1993 193 2021 ris
207 1992 389 2029 semodius,
406 1990 561 2031 fabaeque
579 1989 719 2020 fressae.'
756 1988 845 2020 Vide

148 2043 156 2058 ‘
177 2041 394 2073 Nefrendes.’
420 2042 517 2072 Idem.

191 2097 204 2111 ⁰
227 2092 375 2133 Frigere]
412 2091 442 2122 A
473 2092 592 2131 φρικεῖν
622 2090 692 2120 sive
716 2091 849 2131 φριγεῖν.

151 2145 243 2183 Lege
273 2143 413 2184 φρύγειν.
443 2143 654 2173 Glossarium
671 2153 676 2170 :
716 2144 724 2158 ‘
743 2140 850 2180 frigit,

151 2193 273 2234 φρύγει,
297 2192 483 2233 τηγανίζει.’
526 2193 704 2230 Sartagine
733 2196 854 2224 torret.

153 2245 238 2275 Inde
265 2245 274 2261 ‘
291 2243 401 2275 frictae
426 2242 551 2277 nuees‚’
576 2243 725 2280 Plaut03
751 2242 759 2257 ‘
777 2241 855 2272 fric-

154 2301 224 2325 tum
242 2294 356 2330 cicer-,⁹
383 2294 540 2325 Horatio.
564 2293 661 2324 Idem.

194 2344 210 2366 d
234 2345 409 2384 Fringz'lla]
434 2345 555 2375 Σπῖνος.
581 2345 650 2374 Jos.
668 2343 754 2373 Scal.

198 2395 371 2435 Fringilla]
403 2394 550 2424 Nonius:
590 2396 599 2409 ‘
618 2393 759 2432 Frigere
790 2396 853 2430 est,

155 2452 189 2478 et
206 2446 362 2487 frigutire
380 2449 415 2475 et
429 2443 587 2481 fritinire,
603 2443 759 2473 subsilire
777 2452 852 2472 cum

153 2507 247 2536 sono,
263 2497 313 2527 vel
331 2496 415 2535 erigi
435 2501 470 2525 et
491 2495 639 2532 exsilire,
654 2493 743 2534 quod
759 2503 850 2534 quae-

155 2556 298 2588 cumque
324 2545 494 2585 friguntur
518 2545 571 2575 vel
596 2543 725 2584 frigent
752 2544 854 2574 nimio

157 2598 268 2628 calore
286 2597 339 2627 vel
360 2595 498 2635 frigore,
528 2604 604 2624 cum
632 2603 713 2624 sono
741 2603 855 2624 susum

158 2646 360 2677 subsiliunt)
405 2645 435 2676 A
458 2644 616 2683 frigutire
646 2643 751 2683 igitur
785 2643 857 2674 sive

150 2696 331 2736 sringutire
348 2696 413 2727 erit
425 2694 592 2734 fringillus
616 2693 859 2734 sivefrz'ngz'lla,

898 1177 969 1207 avis
985 1176 1034 1207 sic
1061 1176 1155 1206 dicta
1172 1173 1260 1215 quod
1290 1171 1411 1202 crebro
1440 1167 1598 1199 subsiliat

898 1234 933 1259 et
957 1228 1127 1259 subsultet
1150 1236 1225 1257 cunr
1251 1233 1342 1254 sono.
1382 1221 1438 1252 Sic
1457 1219 1599 1258 afritin-

898 1279 979 1317 nire,
993 1279 1167 1316 fritinnus,
1184 1281 1218 1306 et
1247 1284 1308 1316 per
1338 1271 1597 1303 diminutionem

891 1329 1042 1368 fritillas,
1071 1328 1255 1361 vasculum,
1283 1323 1461 1361 turricula,
1486 1321 1599 1361 inquo

901 1388 1040 1414 tesserae
1064 1380 1248 1417 fritiniunt,
1275 1387 1350 1408 cum
1381 1384 1464 1406 sono
1494 1372 1600 1404 subsi-

901 1433 997 1471 liunt,
1035 1438 1275 1469 concussaeque
1314 1426 1499 1467 agitantur.
1552 1423 1601 1453 At

901 1484 1011 1514 Varro
1038 1482 1149 1512 innuit
1165 1479 1345 1519 sringutire
1377 1483 1412 1507 et
1429 1473 1602 1513 fritinnire

902 1544 1002 1566 voces
1026 1542 1099 1564 esse
1123 1541 1142 1562 a
1173 1539 1256 1561 sono
1286 1527 1428 1561 effictas,
1452 1530 1487 1556 et
1511 1524 1602 1554 illam

898 1584 1132 1625 fringillarum,
1160 1581 1244 1611 hanc
1275 1576 1491 1609 hirundinum
1524 1582 1601 1614 pro-

899 1635 1025 1675 priam3
1050 1632 1108 1662 sed
1136 1640 1197 1671 per
1222 1628 1454 1668 metaphoram
1480 1625 1522 1656 ad
1547 1624 1605 1654 bo·-

898 1685 1004 1716 mines
1021 1681 1207 1714 transferri.
1233 1680 1317 1720 Ejus
1330 1677 1432 1708 verba
1448 1680 1526 1706 sunt
1542 1673 1604 1705 lib.

902 1744 937 1766 v.
951 1735 994 1765 de
1010 1735 1048 1764 L.
1067 1733 1105 1763 L.
1144 1736 1152 1748 ‘
1173 1727 1358 1771 Ejusdem'
1375 1724 1508 1768 (Ennii)
1533 1724 1542 1740 ‘
1561 1723 1604 1753 ab

899 1785 1093 1822 hirundine,
1107 1780 1285 1814 Nefrende
1300 1775 1606 1810 fritinnisuaviter.

900 1838 952 1868 M.
984 1835 1108 1866 Actius
1139 1834 1172 1863 in
1200 1832 1322 1863 Casina
1353 1839 1372 1858 a
1403 1825 1608 1866 Fringuilla,

901 1886 991 1920 Quid
1009 1884 1181 1925 fringutis,
1198 1881 1279 1923 quid
1297 1881 1384 1910 istuc
1402 1883 1469 1909 tam
1483 1874 1607 1917 cupide

901 1935 1035 1978 cupis?’
1059 1934 1148 1966 Inde
1172 1931 1373 1971 Fulgentius
1388 1930 1396 1945 ‘
1413 1925 1607 1967 Frigutire:

903 1987 1026 2028 inquit,
1049 1989 1058 2004 ‘
1077 1990 1131 2017 est
1159 1983 1330 2015 subtiliter
1357 1976 1548 2019 adgarrire,'
1571 1980 1609 2007 et

906 2038 1006 2069 affert
1020 2038 1129 2068 locum
1144 2034 1261 2065 Plauti
1279 2042 1377 2074 quein
1396 2029 1512 2061 laudat
1523 2027 1609 2058 Var-

903 2099 940 2119 ro
960 2097 968 2117 t
993 2089 1002 2105 ‘
1021 2086 1112 2119 Quid
1130 2082 1316 2124 fringutis‚'
1332 2084 1394 2112 διο.
1421 2080 1503 2110 Dae.

950 2144 964 2159 e
981 2137 1122 2177 Frivola]
1138 2135 1257 2172 Afrz'0,
1268 2137 1422 2168 contero,
1436 2129 1608 2159 imminuo.

910 2190 1059 2221 Budaeus
1076 2191 1192 2217 annot.
1210 2185 1243 2215 in
1260 2181 1429 2214 Pandect.
1457 2177 1610 2209 Sumitur

909 2250 971 2280 pro
1005 2236 1212 2278 supellectili
1242 2232 1335 2264 tenui
1370 2229 1449 2268 Ulp.
1479 2229 1545 2266 leg.
1570 2234 1611 2256 11.

911 2292 976 2331 §4
994 2290 1037 2320 D.
1057 2288 1098 2317 de
1125 2285 1255 2325 pigner.
1282 2286 1348 2312 act.
1384 2283 1392 2296 ‘
1413 2279 1490 2309 Non
1519 2275 1609 2306 enim

910 2340 1074 2372 credibile
1100 2342 1151 2368 est
1180 2337 1241 2365 hoc
1269 2330 1479 2364 convenisse,
1505 2332 1543 2358 ut
1567 2325 1609 2356 ad

910 2392 1098 2421 universam
1125 2385 1321 2427 pensionem
1347 2380 1465 2411 insulae
1489 2376 1611 2408 frivola

908 2451 984 2472 mea
1001 2436 1206 2470 teneantur.’
1240 2435 1362 2465 Senec.
1386 2431 1445 2461 lib.
1464 2429 1610 2460 Contro-

910 2502 1003 2523 vers.
1024 2499 1081 2520 ιιι.
1119 2488 1128 2504 ‘
1146 2488 1218 2526 Ego
1243 2484 1318 2515 illos
1336 2484 1369 2514 in
1391 2480 1514 2512 frivola
1526 2478 1612 2510 invi·

911 2542 979 2573 tavi
996 2537 1135 2570 nostra!
1162 2537 1260 2567 Idem.

954 2590 964 2611 ¹¹
986 2586 1150 2627 Frontem]
1184 2585 1273 2616 Vide
1311 2581 1482 2615 ‘Corius.’

913 2642 1000 2680 Aug.

959 2689 1124 2730 Frontem]
1142 2687 1228 2718 Vide
1250 2689 1258 2704 ‘
1270 2690 1365 2717 recto
1379 2681 1516 2715 fronte.’
1531 2682 1612 2713 Dae.

1531 2580 1610 2610 Ant.
