1835 2906
193 118 277 157 444

638 127 783 156 SEX'l'l
818 126 1018 156 POMPEH
1054 126 1191 156 FES'rr

197 223 367 263 Mutaex
398 222 602 262 dicuntur
638 221 806 272 literae3
839 221 959 275 quod
994 220 1155 273 positae
1187 221 1229 260 in
1259 220 1425 261 ultimis
1457 219 1635 273 [PAUL.

253 290 454 342 partibus
493 289 702 329 orationis
743 290 1044 329 obmutescere
1079 293 1241 340 cogant
1274 288 1531 340 loquentes:
1567 287 1638 327 vel

253 356 371 410 quod
393 369 542 409 parvae
565 358 823 409 exiguaeque
855 356 943 396 sint
962 357 1115 406 vocis3
1146 359 1195 395 ut
1223 368 1323 395 cum
1354 358 1519 394 mutum
1541 366 1637 394 ora-

254 429 409 473 torem,
431 429 509 464 aut
530 424 775 476 tragoedum
798 423 1000 464 dicimus.

401 521 410 530 .
441 496 643 532 mutumy
670 492 883 532 dicimus:
916 495 989 531 aut
1011 489 1128 542 quod
1149 489 1311 531 nullius
1333 489 1442 531 fiant
1472 489 1637 543 [FES'P.

255 559 394 607 vocis,
417 572 515 599 cum
537 560 582 599 in
602 572 675 599 eas
695 559 845 599 literas
864 558 1075 599 incidant.

199 623 344 665 Malas
365 625 503 665 literas
524 632 559 664 et
580 625 888 674 semivocales,Z
906 624 1086 665 solebant
1117 623 1280 680 antiqui
1314 622 1522 678 duplicare
1543 623 1641 663 scri-

256 692 411 741 bendo,
447 698 525 733 aut
555 691 732 747 legendo,
764 699 802 732 et
832 693 892 732 ita
926 692 986 732 ait
1020 691 1201 732 Ennium
1232 692 1475 745 scripsisse,
1512 692 1558 732 in
1587 703 1640 731 eo

255 773 370 812 quem
391 759 438 799 cle
471 791 483 801 .
516 790 524 797 .

560 790 568 799 .
599 773 618 800 r
641 767 751 799 muta
773 759 998 814 duplicata
1018 762 1075 801 sit
1090 760 1270 814 primum
1293 791 1302 800 .
1327 790 1336 798 .
1360 791 1370 801 .
1392 773 1517 798 manu
1535 757 1644 798 mitti

256 824 466 866 dicebatur
486 840 569 867 ser.
593 840 818 867 sacrorum
840 841 961 867 causa
983 841 1071 866 cam
1089 826 1277 867 dominus
1298 826 1410 880 ‹gjusss
1460 856 1469 864 .

201 891 391 933 Mutini³
410 893 547 934 Titini
569 895 779 935 sacellum
800 893 886 934 fuit
906 895 951 934 in
973 894 1155 944 Veliis,4
1170 893 1185 916 ὓ
1212 894 1441 934 adversum
1466 892 1644 934 Murum

805 1012 939 1024 eeeee

244 1079 261 1105 3
288 1076 414 1107 Eadem
442 1077 495 1109 ed.
519 1088 586 1108 cum
608 1080 748 1111 domiuus
763 1080 839 1118 ejus,
862 1085 897 1112 ut
919 1091 1011 1121 supra
1030 1103 1037 1111 .

941 1013 1038 1024 eeeee

1057 1103 1064 1111 .
1083 1103 1092 1111 .
1105 1083 1177 1112 .-4
1202 1079 1286 1111 Ead.
1308 1079 1363 1110 ed.
1385 1078 1491 1109 Velis:
1516 1081 1550 1108 et
1567 1085 1644 1107 mox

200 1119 209 1134 ‘
225 1118 357 1149 Domiti.
385 1121 508 1151 calvini
521 1121 542 1152 :⁷
568 1127 602 1152 et
627 1124 636 1139 ‘
655 1133 694 1153 ea·
720 1124 841 1163 Pontis.
861 1130 979 1156 extum
1004 1129 1039 1155 et
1063 1124 1282 1155 vicensimum
1300 1123 1422 1154 dextra
1438 1122 1499 1152 via.
1516 1122 1567 1161 &a
1587 1142 1594 1150 .
1613 1141 1620 1150 .
1635 1141 1643 1149 .

203 1161 328 1192 ntatael

853 1242 993 1273 NOTAE

244 1315 258 1330 λ’
284 1312 400 1353 Mutoe]
440 1313 532 1344 Festi
558 1314 658 1344 verba
684 1323 724 1345 ex
751 1315 802 1354 iis,
823 1325 897 1355 quae

204 1361 331 1392 Paulus
353 1363 569 1402 conscripsit,
586 1365 823 1404 intelligimus:
846 1375 898 1394 οι·-

204 1411 314 1441 dinem
333 1417 444 1442 tamen
466 1413 599 1443 videtur
623 1419 784 1453 mutasse,
806 1423 898 1444 nam-

205 1472 269 1501 que
287 1462 343 1491 illa
361 1462 426 1492 duo
445 1462 545 1493 verba
562 1463 668 1501 Festi,
683 1467 799 1494 mutum
821 1465 899 1494 dici—

203 1520 284 1550 mus,
302 1510 478 1542 referenda
495 1518 572 1543 sunt
588 1513 628 1543 ad
644 1519 823 1549 oratorem,
842 1519 900 1545 aut

206 1562 403 1601 tragoedum.
449 1564 482 1593 Si
503 1564 574 1603 quis
591 1569 703 1594 tamen
721 1565 802 1595 velit
819 1565 900 1594 nihil

205 1621 350 1652 mutare,
368 1613 491 1644 addere
510 1616 635 1653 poterit
658 1625 709 1654 ea,
726 1626 801 1655 quae
821 1615 901 1646 Fes-

207 1669 261 1693 tus
276 1664 408 1701 scribit,
426 1665 564 1704 iis,quae
582 1666 706 1696 Paulus
724 1667 901 1697 retulerat.

206 1714 291 1744 Mihi
310 1715 400 1752 prior
417 1715 531 1753 opinio
550 1716 675 1755 placet.
699 1716 777 1748 Ant.
793 1717 880 1755 Aug.

250 1765 365 1804 Mutae]
390 1765 506 1795 Infra:
532 1766 634 1796 verba
652 1767 743 1797 Festi
760 1772 837 1798 sunt
854 1768 903 1797 ul-

208 1814 290 1844 tima
309 1816 340 1844 in
362 1816 532 1854 epitome:
567 1816 800 1855 praecedentia
823 1827 902 1856 sup-

209 1864 318 1903 plebis
344 1875 385 1894 ex
410 1865 482 1904 ipsa
505 1867 666 1905 epitome.
712 1868 799 1897 Nam
819 1867 903 1897 falso

209 1920 331 1953 putant
348 1915 440 1945 docti
457 1915 619 1951 hominm,
641 1925 707 1955 qua
726 1916 850 1946 Paulus
868 1916 903 1945 fi-

209 1964 272 2003 nit,
302 1974 342 1995 ea
374 1965 526 2004 incipere
562 1966 710 1997 Festum.
756 1965 903 1996 Antece-

208 2014 325 2044 ‹lentia
350 2015 452 2050 enirn,
481 2021 517 2045 ut
546 2016 626 2051 dixi,
653 2016 904 2048 desiderantur.

210 2068 296 2098 Qum
320 2072 520 2106 sequuntur,
545 2066 607 2097 ulio
633 2072 801 2106 spectant.
834 2068 905 2098 Jos.

211 2118 295 2147 Scal-

251 2173 263 2194 5
290 2167 430 2207 Mutum]
465 2168 577 2198 Multa
596 2168 650 2198 hic
673 2168 807 2208 desunt,
830 2179 906 2210 quae

211 2229 251 2248 ex
268 2219 365 2249 Pauli
379 2220 527 2258 epitome
541 2219 587 2249 sic
602 2220 799 2250 collocanda
810 2226 905 2251 sunt:

210 2269 592 2305 Mutoeanimantum-112,
606 2271 684 2309 quod
696 2271 805 2309 positoe
817 2271 908 2311 ingil-

211 2319 296 2349 timis
318 2320 459 2359 partibus
474 2321 623 2350 orationis
641 2320 843 2351 obmutescere
859 2332 906 2351 co-

210 2373 285 2405 gant
302 2370 469 2409 loquentes,
486 2371 531 2400 ret
554 2371 631 2410 quod
651 2380 756 2410 parva>
770 2371 907 2410 cxiguoe—

212 2429 269 2458 que
284 2420 347 2450 sint
371 2421 465 2457 vocis,
487 2425 520 2451 ut
543 2432 611 2451 cum
629 2424 781 2451 oratorem
796 2425 825 2452 et
843 2425 907 2452 tra-

211 2470 331 2507 goedum
348 2475 465 2500 nautum
477 2471 620 2510 dicimus,
633 2475 686 2501 aut
702 2473 780 2511 (quod
796 2473 909 2503 nullius

205 2521 291 2561 flant
316 2523 399 2551 vocis
413 2533 481 2552 cum
496 2524 529 2553 in
551 2533 602 2553 eas
626 2523 734 2554 literas
755 2524 908 2555 incidunt.

217 2573 301 2602 Dae.

259 2627 270 2642 '¹-
302 2622 410 2652 Mutus
435 2623 541 2653 literas
570 2627 599 2653 et
630 2624 908 2665 semivocales...]

221 2672 327 2705 Deest
353 2677 494 2712 tantum,
512 2672 550 2702 In
570 2683 602 2703 eo
625 2684 713 2713 quern
738 2676 775 2705 (le
796 2678 911 2714 tempo-

953 1327 987 1347 re
1008 1326 1065 1355 quo
1081 1319 1178 1355 muta,
1193 1318 1246 1356 &cu
1292 1314 1380 1346 Vide
1404 1314 1437 1345 in
1460 1313 1648 1344 ‘solitauri-

953 1367 1018 1400 lia.'
1064 1369 1149 1400 Quae
1184 1372 1369 1407 sequuntur
1407 1364 1579 1405 pertinent
1605 1363 1647 1393 ad

953 1419 1142 1448 manumitti.
1202 1418 1259 1448 Sic
1297 1419 1305 1434 ‘
1323 1416 1518 1447 manumitti
1559 1414 1651 1444 dice·

954 1468 1054 1498 batur
1065 1477 1180 1498 servus
1193 1477 1362 1498 sacrorum
1376 1464 1496 1498 causa.’
1523 1465 1649 1495 Locum

956 1518 1022 1548 adi.
1048 1518 1146 1548 Idem.

997 1572 1010 1587 ³
1035 1566 1171 1606 Matini]
1207 1566 1294 1597 Vide
1321 1575 1362 1596 an
1391 1565 1438 1596 ita
1464 1564 1564 1594 scribi
1593 1563 1650 1593 de-

957 1617 1048 1656 beat,
1072 1618 1105 1647 in
1130 1617 1320 1656 angiportu;
1352 1617 1388 1646 de
1417 1625 1473 1655 quo
1493 1614 1557 1644 aris
1582 1613 1651 1643 sab-

957 1669 1031 1698 lalis
1048 1668 1206 1698 balnearia
1228 1671 1297 1698 sunt
1318 1665 1525 1706 posteasacta
1548 1665 1652 1694 domus

960 1720 1032 1750 CN.
1060 1719 1203 1749 Caluini:
1241 1728 1308 1748 cum
1335 1717 1498 1747 mansisset
1521 1715 1559 1745 ab
1579 1715 1653 1745 urbe

957 1769 1082 1799 condita
1099 1770 1139 1799 ad
1153 1768 1361 1809 principatum
1374 1766 1523 1805 Augusti.
1553 1766 1654 1796 Cete-

959 1830 994 1850 ra
1012 1829 1075 1849 nou
1093 1819 1301 1860 assequimur
1318 1829 1324 1847 z
1340 1817 1397 1848 sed
1410 1816 1488 1847 addi
1504 1821 1655 1856 pos-sunt,

959 1881 1034 1911 quae
1056 1870 1182 1900 Paulus
1208 1867 1316 1899 refert
1340 1867 1382 1898 de
1406 1867 1580 1897 mulierum
1604 1875 1655 1895 sa·

960 1921 1100 1952 criticio.
1144 1919 1319 1951 videndus
1347 1919 1448 1949 etiam
1475 1917 1656 1947 Tertullia-

961 1981 1022 2001 nus
1038 1971 1069 2000 in
1095 1971 1239 2010 Apolog.
1267 1979 1341 2009 cap.
1364 1972 1416 1999 2⁴.
1442 1967 1572 1998 Arnob.
1597 1967 1654 1997 lib.

963 2031 1015 2052 tv.
1042 2026 1162 2051 contra
1190 2025 1320 2060 gentes.
1367 2018 1526 2048 Firmiau.
1551 2017 1608 2046 lib.
1631 2025 1654 2046 i.

962 2081 1036 2111 cap.
1057 2073 1109 2101 20.
1126 2070 1213 2109 Aug.
1231 2069 1289 2099 lib.
1314 2077 1362 2099 1v.
1385 2077 1459 2107 cap.
1476 2070 1526 2097 ll.
1542 2066 1585 2097 de
1601 2066 1656 2096 Ci—

962 2121 1020 2151 vit.
1034 2121 1114 2151 Dei.
1137 2119 1214 2150 Ant.
1229 2119 1313 2157 Aug.

1004 2170 1140 2209 Matini]
1166 2170 1220 2200 Ita
1234 2169 1423 2208 explemus,
1440 2167 1559 2197 Matini
1576 2166 1657 2196 Titi-

961 2221 993 2251 ni
1009 2219 1222 2256 suceltamsuit
1240 2220 1272 2249 in
1289 2219 1399 2256 Vestis,
1416 2219 1577 2248 adversum
1592 2226 1656 2246 mu-

962 2282 1030 2301 rum
1046 2271 1263 2301 Mustellinum
1279 2269 1310 2298 in
1326 2268 1512 2307 angiportu:
1547 2269 1583 2296 ile
1599 2276 1659 2305 quo

962 2322 1026 2352 aris
1047 2321 1179 2351 sublatis
1206 2320 1364 2350 balnearia
1387 2322 1458 2349 sunt
1472 2318 1562 2355 sacta
1589 2318 1657 2347 Do-

962 2371 1045 2402 mitii
1072 2370 1217 2401 Calvini:
1252 2379 1319 2400 cum
1338 2369 1499 2399 mansisset
1521 2367 1558 2397 ab
1584 2367 1658 2397 urbe

962 2423 1084 2452 condita
1101 2423 1140 2451 ud
1155 2421 1364 2460 principatum
1379 2419 1524 2458 Augusti.
1572 2417 1657 2447 Reli-

962 2473 1047 2511 giose
1062 2476 1092 2503 et
1114 2475 1218 2502 sancte
1243 2471 1358 2501 cultum
1371 2470 1486 2507 faisse,
1511 2466 1656 2504 manifes-

964 2526 1029 2552 tum
1044 2526 1101 2553 est.
1149 2522 1233 2551 Nam
1256 2531 1335 2551 nunc
1350 2521 1390 2549 ad
1411 2522 1544 2555 sextum,
1559 2520 1589 2547 ct
1611 2517 1658 2546 vi-

963 2574 1129 2604 censimum
1144 2576 1234 2604 extra
1251 2572 1369 2609 urbem,
1384 2570 1544 2599 aediculam
1555 2567 1659 2606 habet,

964 2625 1017 2655 ubi
1033 2629 1060 2654 et
1077 2624 1203 2663 colitur,
1219 2626 1248 2653 et
1272 2621 1411 2651 mulieres
1426 2619 1507 2657 togis
1521 2621 1660 2657 pra’tesc·

966 2674 1006 2704 tis
1021 2675 1129 2705 relata:
1151 2674 1179 2705 ei
1198 2671 1384 2712 sacrificant.
1429 2668 1555 2699 Ultima
1579 2677 1657 2708 sup-
