1835 2906
209 133 263 173 18
706 145 757 175 M.
791 145 965 175 VERRII
1001 147 1172 177 FLAcm

207 249 306 276 cum
337 249 424 277 rem
447 240 612 290 gestam
646 240 816 279 senatui
849 240 1107 289 nuntiasset,
1140 240 1367 293 placuisse
1400 243 1533 283 velari
1556 244 1652 286 loca

204 316 271 350 ea,
294 317 383 356 qua
403 318 569 358 pompa
593 305 820 346 veheretur
842 320 851 347 ε
885 311 1016 360 atque
1039 307 1103 348 ita
1134 310 1256 360 peste
1279 307 1432 349 sedata
1453 323 1650 362 puerum,

204 372 280 423 qui
315 373 623 425 antiquitatem
658 373 786 414 sortis
819 374 1085 424 absolverat,
1119 379 1232 427 togae
1262 379 1490 427 praetextae
1524 391 1649 418 usum

202 452 358 479 munus
382 440 720 493 impetravisse.¹¹

359 586 444 634 M.
493 587 739 635 VERRII
793 588 1041 637 FLACCI
1095 589 1486 638 SATURNUS.

253 690 696 733 SATURNAmoRUM
714 694 807 734 dies
829 696 948 748 apud
967 695 1154 738 Graecos
1170 710 1350 751 quoque
1372 696 1474 737 festi
1490 696 1647 736 haben-

196 762 299 798 tur.⁰

252 825 456 868 Dilucide
489 841 558 868 me
599 829 653 869 de
686 829 992 871 constitutione
1026 830 1378 871 Saturnaliorum
1411 831 1643 884 scripsisse

196 893 393 933 arbitror.

249 958 339 999 Cur
360 965 503 1001 autem
521 961 736 1004 Saturnus
757 963 854 1016 ipse
876 963 920 1004 in
943 963 1226 1016 compedibus
1250 964 1434 1015 visatur,
1462 966 1642 1007 Verrius

197 1025 389 1066 Flaccus
409 1041 589 1069 causam
611 1043 658 1070 se
679 1031 877 1082 ignorare
901 1031 1024 1071 dicit.

247 1103 339 1133 ΧΗ.
373 1093 475 1135 Kal.
496 1096 600 1137 Jan.
640 1096 758 1138 feriae
791 1102 890 1138 sunt
921 1098 1035 1138 divae
1071 1097 1354 1150 Angeroniae,
1382 1099 1453 1139 cui
1486 1099 1641 1140 Ponti-

186 1159 291 1200 fices
329 1161 373 1200 in
405 1163 569 1203 sacello
602 1163 810 1218 Volupiae
847 1179 1019 1206 sacrum
1052 1166 1242 1206 faciunt:
1277 1179 1409 1218 quam
1452 1165 1637 1207 Verrius

187 1228 377 1268 Flaccus
400 1228 699 1282 Angeroniam
719 1232 804 1273 dici
837 1233 915 1282 ait,
937 1233 1056 1287 quod
1089 1245 1270 1286 angores
1302 1246 1354 1273 ac
1392 1233 1637 1274 animorum

181 1295 480 1337 solicitudines
499 1298 741 1351 propitiata
760 1299 965 1353 depellat.

562 1538 646 1585 M.
696 1537 942 1584 VERRH
1000 1535 1251 1584 FLACCI

528 1644 611 1683 DE
642 1641 951 1683 OBSCURIS
987 1641 1277 1683 CATONIS.

774 1741 894 1781 LIB.
918 1741 958 1781 Ι.

774 1818 894 1859 LIB.
918 1819 983 1859 II.

234 1909 291 1948 IN
326 1921 378 1949 eo
411 1909 522 1949 libro
556 1907 772 1959 scriptum
794 1908 1017 1947 inventum
1050 1912 1132 1955 est,
1153 1907 1430 1958 receptitium
1454 1918 1624 1946 servum

176 1974 262 2014 dici
292 1987 498 2027 nequam,
520 1977 562 2014 et
592 1973 701 2012 nulli
731 1973 873 2026 pretii,
894 1973 984 2026 qui,
1017 1986 1114 2012 cum
1146 1985 1303 2013 venum
1337 1976 1454 2012 esset
1475 1972 1624 2020 datus,

172 2041 416 2081 redhibitus
448 2041 504 2081 ob
548 2039 729 2093 aliquod
760 2040 929 2088 vitium,
968 2044 1265 2092 receptusque
1301 2039 1374 2078 sit.
1437 2038 1625 2090 Propter

172 2120 238 2155 ea,
269 2107 426 2160 inquit,
469 2120 618 2148 servus
650 2107 867 2159 ejusmodi
898 2107 1058 2147 sectari
1089 2107 1309 2153 maritum,
1351 2108 1392 2144 et
1425 2104 1623 2156 flagitare

170 2175 400 2225 pecuniam
418 2173 674 2227 jubebatur:
708 2178 823 2213 uteo
847 2173 946 2225 ipso
970 2173 1094 2213 dolor
1114 2172 1266 2225 major,
1288 2178 1331 2213 et
1352 2171 1621 2211 contumelia

171 2240 344 2290 gravior
365 2241 459 2280 viro
482 2239 618 2288 fieret,
639 2239 759 2292 quod
790 2252 891 2279 eum
923 2251 1072 2279 servus
1103 2238 1228 2278 nihili
1260 2238 1463 2291 petendae
1486 2250 1619 2290 pecu-

171 2306 259 2346 niae
297 2319 436 2347 causa.
466 2306 767 2360 compellaret.
828 2306 941 2346 Cum
961 2319 1072 2359 pace
1099 2310 1260 2354 autem,
1282 2318 1468 2357 cumque
1489 2305 1618 2344 venia

170 2371 372 2422 istorum,
398 2373 435 2412 si
457 2375 531 2426 qui
567 2378 680 2422 sunt,
701 2373 776 2426 qui
795 2372 941 2413 Verrii
966 2373 1120 2414 Flacci
1154 2372 1410 2412 auctoritate
1433 2371 1617 2423 capiun-

170 2442 254 2487 tur,
276 2438 438 2479 dictum
460 2439 542 2479 hoc
566 2441 648 2479 sit:
677 2439 932 2492 receptitius
955 2440 1064 2479 enim
1089 2451 1242 2478 servus
1264 2439 1306 2477 in
1327 2451 1380 2478 ea
1400 2451 1458 2487 re,
1481 2450 1614 2490 quam

171 2504 281 2545 dicit
297 2504 423 2554 Cato,
445 2505 566 2545 aliud
588 2506 763 2546 omnino
782 2511 860 2556 est,
881 2518 1014 2559 quam
1035 2504 1215 2545 Verrius
1238 2505 1442 2558 scripsit.p

211 2608 226 2623 ¹¹
250 2603 302 2633 Ex
318 2602 476 2634 Macrob.
491 2603 548 2634 lib.
565 2613 588 2636 1.
919 2604 977 2635 lib.
993 2613 1018 2635 1.

212 2656 227 2672 ⁰
250 2652 334 2684 Haec
361 2658 396 2684 et
422 2661 516 2695 seqq.
543 2663 586 2685 ex
611 2654 765 2686 Macrob.
793 2654 861 2687 Sat.
959 2659 975 2681 Ρ
1000 2655 1051 2686 Ex
1068 2653 1156 2685 Gen.
1172 2652 1231 2685 lib.
1246 2659 1338 2683 xvu.
1355 2660 1429 2692 cap.
1447 2653 1477 2682 6„
