1835 2906
357 161 420 190 DE
455 160 727 192 VERBORUM
762 159 1167 191 SIGNIFIGATIONE
1203 161 1296 191 [ΑΒ.
1330 161 1402 191 111.

1518 153 1600 193 1723

156 254 404 309 Comparsit
419 260 432 276 ²
461 255 700 296 Terentius
721 267 802 308 pro
820 254 1096 307 compescuit
1116 255 1279 307 posuit.

158 322 466 375 Compascuus
483 320 495 343 f
521 335 637 375 ager,
666 322 846 363 relictus
869 320 925 361 ad
945 321 1218 374 pascendum
1239 324 1523 364 communiter
1545 325 1605 366 vi·

212 389 336 430 cinis.

158 455 399 509 Comperce
414 462 429 485 g
460 471 542 510 pro
565 469 799 511 compesce
823 457 1026 498 dixerunt
1044 456 1228 509 antiqui.

158 520 457 576 Compernesh
489 525 764 565 nominantur
793 523 989 564 homines
1019 523 1203 576 genibus
1232 523 1336 577 plus
1356 522 1484 577 justo
1509 537 1610 565 con-

212 589 398 642 junctis.

159 655 473 711 Compescerei
505 662 572 700 est
593 659 712 700 velut
733 659 778 699 in
800 658 954 700 eodem
973 671 1141 714 pascuo
1163 660 1401 702 continere.

160 723 452 779 Compescere
471 724 649 776 lucum,k
679 731 749 767 est
765 727 916 768 lucum
939 729 1032 768 suis
1053 727 1215 768 finibus
1237 728 1458 770 cohibere.

161 790 433 846 Compilare¹
465 797 533 834 est
553 807 722 846 cogere,
735 799 787 842 ‚et
806 795 851 835 in
871 808 1004 836 unum
1025 795 1242 837 condere-2

787 892 1009 905 ‹mee-‘movet

203 947 223 975 2
245 944 254 961 ‘
270 945 307 976 L.
320 955 363 976 m.
376 955 438 985 pro
450 947 580 978 condere
594 946 697 978 habet
712 956 853 987 congere,
869 947 956 978 unde
973 947 1208 988 conjecturam
1224 947 1326 985 facio,
1341 957 1504 988 congerere
1516 947 1618 980 scribi

163 986 313 1019 debere.’
338 988 430 1019 Fulv.
455 990 565 1020 Ursz'n.

824 1054 964 1086 NOTAE

164 1124 205 1155 ge
217 1115 428 1154 εὐσχημόνως,
437 1117 576 1153 Hercle,
585 1116 732 1159 adstitit,
745 1122 779 1149 et
791 1118 865 1150 dul-

164 1175 217 1204 ce,
233 1170 269 1197 et
285 1166 497 1199 comoediee.'
518 1167 596 1198 Ant.
615 1167 702 1207 Aug.

211 1216 397 1257 Comoedice]
434 1217 476 1248 Id
502 1222 568 1257 est,
591 1217 727 1250 festive.
752 1218 866 1250 Plaut.

164 1267 277 1297 Milite
294 1276 335 1298 11.
351 1270 383 1299 2.
409 1267 418 1283 ‘
435 1268 544 1308 Euge,
564 1277 663 1308 euge,
686 1268 865 1299 euscheme

164 1316 277 1347 hercle
294 1317 405 1348 astitit
421 1321 456 1349 et
472 1317 585 1349 dulice
602 1323 638 1350 et
655 1318 868 1350 comoedice.’

165 1366 254 1397 Nam
271 1367 452 1407 legendum
469 1368 568 1399 dulice
581 1378 648 1399 non
663 1369 773 1400 dulce.-
798 1370 868 1399 δου-

167 1418 273 1457 λικῶς,
290 1418 300 1434 ‘
314 1418 508 1449 serviliter!
542 1420 587 1450 Et
603 1419 652 1450 ita
666 1419 745 1450 olim
761 1418 868 1451 Janus

167 1466 369 1498 Gulielmus.
394 1468 477 1500 Duc.

209 1522 223 1537 θ
249 1518 442 1558 Compar-sit]
480 1518 621 1552 Terent.
659 1519 694 1550 in
732 1520 869 1553 Phorm.

168 1566 248 1597 Ant.
268 1567 355 1606 Aug.

215 1618 408 1658 Comparsit]
432 1619 540 1650 Locus
557 1618 693 1660 quidem
716 1620 869 1652 Terentii

168 1671 267 1698 notus
280 1669 381 1709 vulgo
395 1679 437 1699 ex
446 1669 666 1708 Phormione,
683 1670 731 1700 ita
744 1673 870 1709 tamen,

170 1723 209 1747 ut
225 1717 259 1748 in
271 1717 370 1749 aliam
385 1719 603 1757 sententiam,
620 1728 659 1750 ae
685 1720 808 1750 Festus
822 1720 871 1750 in·

172 1771 395 1808 terpretatur,
438 1768 658 1809 accipiendus
704 1769 761 1801 sit.
804 1770 872 1802 Jos.

172 1815 257 1847 Scnl.

219 1866 413 1908 Comparsit]
445 1867 516 1899 Pro
551 1869 748 1909 compescuit.
780 1869 874 1910 Lege

172 1918 350 1958 compersz'c,
381 1928 401 1949 a
429 1928 544 1959 parco:
573 1919 659 1951 vidit
682 1921 877 1952 Salmasius.

174 1966 284 1999 Locus
299 1968 438 2000 Terent.
455 1974 508 2000 est
523 1968 557 2000 in
569 1969 787 2009 Phormione,
804 1980 830 2002 1.
844 1974 875 2002 1.

172 2020 181 2034 ‘
200 2016 301 2049 Quod
317 2017 373 2048 ille
390 2019 553 2050 unciatim
576 2019 631 2049 vix
656 2019 698 2050 de
715 2019 877 2051 demenso

174 2076 234 2098 suo
246 2066 351 2098 Suum
362 2066 566 2099 defraudans
578 2069 713 2110 genium
722 2080 876 2111 compar-

175 2117 221 2148 sit
235 2117 356 2149 miser.'
380 2117 462 2149 Dac.

218 2164 230 2186 f
253 2167 476 2207 compascuus]
516 2167 544 2198 A
572 2168 678 2200 verbo
707 2180 878 2210 compesco,

176 2215 275 2247 simul
292 2226 407 2257 pasco,
421 2227 644 2258 compascuus
660 2229 751 2260 ager,
761 2220 793 2251 in
811 2230 877 2261 quo

178 2267 365 2298 vicinorum
381 2277 507 2308 pecora
528 2269 626 2300 simul
643 2275 801 2310 pascunt.
825 2271 876 2303 Id.

221 2320 237 2343 8
262 2317 439 2357 Comperce]
477 2318 594 2351 Plaut.
624 2319 760 2351 Poenul.
789 2330 814 2351 1.
845 2323 878 2351 2.

178 2366 187 2383 ‘
215 2365 405 2405 Comperce
440 2368 560 2399 amabo
589 2378 644 2400 me
678 2375 879 2409 attrectare,

180 2415 461 2456 Agarastoeles2’
496 2417 529 2448 id
554 2423 619 2458 est,
649 2429 813 2460 compesce,
844 2425 879 2451 et

179 2467 266 2498 hanc
283 2475 400 2498 vocem
417 2466 661 2499 restituendam
685 2475 769 2509 puto
795 2470 880 2501 Bac-

181 2517 270 2549 chid.
288 2526 344 2549 111.
366 2520 398 2549 3.
442 2518 452 2534 ‘
470 2518 561 2549 Cave
585 2520 721 2559 malum,
737 2527 772 2551 et
788 2529 879 2551 com-

180 2577 286 2609 pesce
309 2569 343 2599 in
360 2569 452 2599 illum
473 2569 588 2600 dicere
611 2569 736 2610 injuste
751 2571 770 2600 ι’
792 2571 881 2612 lego,

181 2622 212 2650 et
235 2629 412 2660 comperce:
442 2619 477 2650 id
494 2623 560 2660 est,
574 2629 742 2660 comparce.
782 2621 882 2652 Pareo

184 2673 297 2701 autem
312 2674 348 2701 et
361 2679 452 2709 pasco
459 2670 606 2701 Veteres
618 2669 789 2701 dicebant.
813 2671 883 2701 Un-

185 2719 229 2751 de
255 2719 265 2736 ‘
281 2721 413 2760 pascito
437 2720 610 2762 linguam,'
640 2722 673 2752 in
698 2720 887 2761 sacrificiis,

181 2771 192 2788 ‘
211 2770 359 2811 linguam
378 2771 560 2804 coerceto)
597 2771 685 2803 Vide
708 2772 718 2788 ‘
732 2770 887 2812 pascito.'

921 1119 1021 1150 Idem.

962 1169 977 1189 ¹¹
1003 1169 1203 1210 Compernes]
1241 1169 1355 1202 Graeci
1383 1172 1510 1200 vocant
1530 1179 1622 1208 ’γονυ-

920 1218 1060 1259 κρότους.
1082 1221 1150 1252 Jos.
1166 1220 1249 1251 Scal.

966 1270 1168 1311 Compernes]
1186 1270 1253 1303 Qui
1265 1279 1375 1310 genua
1387 1269 1624 1310 conjunctiora

921 1319 1062 1361 habent,
1076 1330 1175 1362 quam
1193 1330 1256 1361 par
1275 1325 1339 1352 est.
1373 1321 1489 1352 Plaut.
1508 1320 1623 1351 Milite

922 1379 979 1402 111.
998 1373 1028 1403 1.
1069 1372 1078 1388 ‘
1095 1370 1168 1402 Aut
1184 1381 1314 1410 varum,
1331 1375 1390 1402 aut
1407 1370 1553 1410 valgum,
1567 1374 1626 1400 aut

924 1430 1154 1461 compernem,
1178 1425 1237 1452 aut
1269 1426 1407 1460 paetum,
1428 1419 1500 1450 Aut
1525 1419 1625 1450 bron-

923 1480 1001 1501 cum
1026 1470 1157 1501 filium.'
1194 1470 1313 1501 Graeci
1337 1475 1460 1501 vocant
1476 1468 1625 1509 γονυκρό·

922 1533 1007 1553 τους.
1032 1522 1116 1552 Dae.

964 1572 972 1592 i
998 1572 1212 1612 Compescere]
1239 1570 1269 1601 A
1288 1571 1297 1588 ‘
1316 1569 1429 1611 pasco’
1459 1568 1627 1609 composi-

924 1626 959 1652 ta
975 1621 985 1637 ‘
995 1620 1179 1660 dispesco‚'
1193 1620 1201 1636 ‘
1214 1618 1390 1659 impesco‚’
1404 1619 1414 1636 ‘
1428 1622 1630 1657 compesco.'

929 1673 1126 1711 Compescere
1142 1674 1195 1701 est
1219 1678 1322 1709 pecus
1351 1667 1471 1698 iisdem
1493 1667 1628 1708 pascuis

927 1721 1117 1759 continere,
1139 1720 1173 1750 in
1191 1729 1291 1750 uuum
1319 1727 1459 1758 cogere,
1480 1718 1629 1757 compel-

926 1771 1011 1801 lere.
1051 1769 1235 1810 Dispescere
1270 1778 1407 1809 gregem
1435 1777 1629 1807 segregare,

927 1821 977 1852 ita
992 1824 1030 1851 ut
1042 1829 1121 1860 pars
1138 1819 1277 1850 seorsim
1292 1822 1422 1859 pascat.
1462 1819 1632 1857 Impescere

929 1879 1010 1901 vero
1023 1874 1077 1901 est
1094 1878 1200 1910 pecus
1215 1869 1250 1899 in
1261 1868 1378 1899 laetam
1389 1872 1542 1908 segetem
1556 1876 1632 1907 pas-

930 1920 1032 1952 cendi
1056 1921 1163 1961 gratia
1179 1920 1378 1952 immittere.
1401 1918 1491 1950 Vide
1507 1928 1567 1950 suo
1584 1919 1632 1949 lo-

930 1980 985 2002 co.
1009 1970 1108 2001 Idem.

972 2019 988 2040 k
1015 2021 1211 2060 Compescere
1236 2018 1353 2058 lucum]
1382 2018 1513 2049 Lucum
1542 2017 1633 2047 intra

931 2069 1122 2111 descriptos
1148 2069 1233 2101 fines
1260 2068 1442 2100 cohibere:
1475 2073 1631 2108 putarem

930 2122 1042 2162 potius
1056 2130 1133 2152 esse
1154 2121 1267 2152 lucum
1284 2119 1465 2151 conlucare
1481 2117 1631 2148 adhibito

932 2171 1088 2211 piaculo:
1104 2180 1181 2202 nam
1192 2178 1410 2211 compescere
1419 2169 1530 2199 lucum
1543 2167 1630 2199 idem

932 2220 1070 2251 videtur
1096 2219 1186 2261 quod
1215 2219 1305 2259 apud
1328 2218 1447 2257 Virgil.
1473 2217 1482 2234 ‘
1500 2217 1633 2252 ramos,¹

933 2269 1024 2310 apud
1054 2269 1286 2308 Columellam,
1316 2268 1325 2284 ‘
1345 2269 1449 2298 vitem
1481 2276 1634 2306 compes-

933 2319 1036 2352 cere.'
1078 2319 1146 2351 Sed
1172 2318 1265 2350 Festi
1282 2318 1466 2348 auctoritas
1483 2326 1633 2358 praegra-

934 2375 1004 2401 vat.
1029 2369 1128 2401 Idem.

979 2418 987 2440 ¹
1010 2417 1200 2459 Compilare]
1226 2417 1392 2448 Asconius
1421 2417 1455 2447 in
1483 2422 1634 2457 praetura

935 2469 1082 2501 urbana:
1107 2470 1116 2485 ‘
1133 2468 1353 2508 Compilarit:
1377 2466 1487 2508 pilos,'
1510 2468 1633 2508 iuquit,

935 2523 944 2538 ‘
962 2519 1179 2560 pervellerit:
1213 2519 1262 2549 sic
1288 2517 1497 2548 fraudaverit
1527 2517 1634 2556 fui-to,

936 2574 973 2601 ut
989 2579 1031 2600 ne
1049 2570 1133 2609 pilos
1150 2568 1282 2609 quidem
1304 2567 1337 2598 in
1354 2577 1496 2608 corpore
1512 2569 1633 2607 spolia-

937 2620 980 2651 tis
998 2618 1196 2660 reliquerit.'
1235 2618 1320 2650 Haec
1345 2618 1485 2659 indigna
1506 2626 1584 2649 sunt
1600 2625 1634 2648 et

938 2669 1058 2709 veteri,
1076 2673 1112 2700 et
1122 2668 1254 2700 erudito
1268 2669 1471 2709 interprete.
1508 2669 1632 2700 Saltem

938 2720 1075 2761 syllabae
1095 2720 1248 2751 modulus
1273 2719 1424 2751 debebat
1446 2729 1521 2750 eum
1538 2719 1633 2750 indu—

939 2780 1031 2811 cere,
1048 2775 1086 2802 ut
1112 2770 1213 2802 ailter
1225 2770 1447 2802 existimaret.
1480 2769 1546 2801 Sed
1562 2780 1634 2800 ver-
