1835 2906
230 140 286 180 68

667 152 814 182 SEXTI
852 152 1049 181 POMPEII
1087 152 1222 182 FESTI

288 250 369 300 q'ue
388 247 524 287 latera
543 247 639 299 agni
654 247 699 287 in
721 247 982 288 sacrificium
1004 247 1282 288 ducebantur.

232 313 446 354 Ambestu
476 313 538 353 ita
573 314 711 354 tertiae
741 326 943 367 personae
973 315 1153 354 verbum
1174 319 1257 362 est,
1278 319 1327 354 ut
1347 314 1512 355 nnllam
1533 315 1662 355 aliam

287 381 450 421 habeat
466 380 810 421 declinationem.

230 447 475 488 Ambidens
509 447 601 488 sive
638 447 788 488 bidens
804 454 819 469 Χ
855 447 951 488 ovis
973 448 1291 500 appellabatur,
1314 462 1413 502 quae
1435 450 1664 502 superiori-

196 514 200 517 ’
286 516 369 556 bus
390 519 430 555 et
449 515 728 555 inferioribus
750 519 818 554 est
836 513 1051 554 dentibus

228 581 522 635 Ambiguumy
557 585 637 631 est,
665 580 784 634 quod
816 581 859 620 in
884 581 1034 621 ambas
1056 580 1124 632 agi
1148 586 1296 633 partes
1318 580 1462 621 animo
1487 585 1630 634 potest
1651 595 1660 622 ε

284 649 535 702 hujusmodi
556 650 672 701 apud
696 648 879 690 Graecos
900 647 1108 700 ἀμφίβολον
1132 648 1305 689 dicitur.

227 716 425 757 Ambitio
440 721 454 737 ²
477 719 544 756 est
563 716 664 769 ipsa
685 715 800 757 actio
822 715 1065 756 ambientis.

871 860 1011 891 NOTAE

228 932 348 964 scribit
375 935 576 974 Fulgentius
591 945 598 964 ;
619 934 628 950 ‘
643 933 770 965 Bebius
785 933 917 968 Macer,

227 983 721 1025 quifastaliadierumscripsit,
738 985 784 1015 ait
793 984 919 1017 Junoni

225 1043 293 1072 θῇς,
310 1044 384 1075 quae
402 1036 552 1074 geminas
576 1040 737 1075 parerent
758 1044 850 1072 oves,
867 1043 918 1064 sa-

223 1083 378 1115 crificare
393 1094 468 1115 cum
491 1085 620 1116 duobus
645 1085 738 1124 agnis
764 1084 918 1115 altrinse-

224 1143 283 1164 cus
300 1134 456 1174 alligatis,
473 1145 555 1176 quas
573 1144 650 1166 oves
667 1134 846 1174 ambeguas
861 1144 915 1165 vo-

222 1186 303 1221 cari,
335 1185 428 1224 qnasi
453 1195 494 1215 ex
518 1190 661 1225 utraque
687 1190 783 1225 parte
817 1195 917 1224 agnos

221 1233 408 1265 habentes?
446 1235 639 1275 Legenduni
657 1239 691 1266 et
707 1235 916 1275 distinguen-

223 1283 302 1314 dum
318 1284 386 1315 ‘ait
407 1285 531 1316 Junoni
560 1296 627 1325 eas,
659 1296 734 1326 quae
769 1287 916 1326 geminos

223 1340 396 1373 parerent,
412 1345 491 1366 oves
508 1336 712 1376 sacrificari‚'
728 1338 792 1368 ὄις.
833 1337 916 1367 Ovis

223 1384 310 1414 enim
329 1385 564 1416 immolabatur
582 1396 655 1416 cum
673 1386 801 1416 duobus
822 1387 916 1426 agnis

222 1443 304 1474 quos
321 1442 516 1475 pepererat.
546 1436 667 1477 Neque
684 1436 917 1477 requirebatur

223 1490 261 1515 ut
276 1493 316 1514 ea
331 1484 411 1514 duas
430 1495 509 1516 oves
528 1486 728 1525 peperisset.
751 1487 831 1517 Dac.

262 1535 434 1575 Ambegni]
447 1536 556 1566 Varro
574 1536 633 1567 lib.
649 1545 700 1567 vx.
725 1536 767 1566 de
786 1537 916 1576 Lingua

221 1584 363 1615 Latina:
389 1590 398 1602 ‘
412 1586 588 1625 Ambegna
605 1585 682 1616 bos'
706 1585 795 1624 apud
814 1596 915 1625 augu-

220 1644 286 1670 res,
302 1645 398 1675 quam
413 1636 539 1666 circum
557 1636 631 1666 aliae
646 1636 766 1666 hostiae
790 1636 914 1666 consti-

221 1689 371 1715 tuuntur.
417 1685 558 1725 Fulgen.
592 1685 768 1715 Placiades
793 1685 834 1716 de
858 1686 915 1716 ob-

221 1736 343 1765 scuris:
370 1735 378 1750 ‘
394 1736 529 1766 Bauius
553 1735 685 1773 Macer,
702 1735 758 1775 qui
782 1734 916 1765 fastalia

221 1784 351 1815 dierum
367 1785 514 1824 scripsit,
531 1786 590 1823 ait,
605 1786 729 1817 Junoni
753 1795 821 1823 eas,
838 1796 913 1826 quae

221 1834 372 1872 geminas
410 1840 581 1872 parerent,
619 1844 698 1865 oves
723 1835 914 1865 sacrificare

220 1892 294 1913 cum
313 1883 442 1913 dnobus
461 1885 553 1923 agnis
579 1884 778 1914 altrinsecus
802 1885 916 1923 alliga-

221 1933 279 1970 tis,
295 1942 378 1972 quas
395 1941 473 1963 oves
491 1933 653 1971 ambiguas
670 1934 794 1970 vocari,
819 1935 915 1974 quasi

219 1992 261 2013 ex
285 1986 425 2023 utraque
459 1988 555 2022 parte
594 1993 696 2022 agnos
727 1983 913 2014 babentes.'

218 2031 307 2062 Vide
324 2032 410 2062 bunc
425 2032 599 2070 ambiguas,
616 2033 705 2062 illum
723 2033 913 2071 ambiegnas‚

219 2081 381 2112 Nostrum
397 2082 562 2121 umbegnas
578 2083 704 2113 dicere.
736 2084 813 2113 Ant.
829 2083 915 2121 Aug.

261 2138 274 2152 ¹¹
290 2132 432 2172 Ambest]
461 2133 512 2163 Ex
537 2143 587 2163 am
610 2140 645 2164 et
667 2135 734 2173 edo,
756 2133 914 2173 ambedo,

219 2183 358 2213 ambest.
381 2183 459 2213 Duc.

262 2232 460 2263 “Anzbiclens
488 2233 553 2263 sire
580 2233 700 2273 bidens]
733 2232 835 2263 Varie
862 2233 912 2264 bi—

219 2282 355 2313 dentem
369 2284 646 2323 interpretantur.
670 2284 757 2315 Vide
767 2284 911 2315 Gellium

218 2333 367 2364 lib.xv1.
393 2344 466 2372 cap.
492 2337 522 2365 6.
546 2339 579 2365 et
605 2335 758 2366 Macrob.
776 2335 835 2368 lib.
864 2346 912 2367 w.

219 2390 321 2425 atque
343 2385 497 2415 Servium
513 2386 643 2424 Virgilii
670 2388 909 2427 interpretem:

219 2436 272 2476 qni
293 2434 430 2473 Nigidio
445 2437 660 2466 consentiunt
677 2436 832 2467 bidentes
846 2436 912 2467 dici

218 2484 323 2515 bimas
335 2484 472 2521 bostias;
491 2485 561 2514 sive
573 2487 665 2525 quasi
682 2486 912 2523 bieunes,sive

220 2534 308 2574 quod
328 2535 497 2564 emineant
515 2544 553 2565 ea
570 2541 672 2565 aetate
695 2536 762 2566 biui
781 2537 911 2567 dentes.

219 2584 304 2613 Vide
329 2583 532 2615 ‘Birlental.'
563 2590 597 2614 et
620 2585 768 2616 ‘Bovem
797 2586 910 2616 biden-

220 2634 311 2665 tem.’
335 2635 410 2665 Ant.
428 2635 511 2672 sing.

264 2685 444 2725 Ambidens]
477 2685 639 2715 Bidentes
668 2688 717 2717 vel
743 2688 909 2718 aiiioiden-

973 938 1035 972 tes,
1050 934 1168 965 bostiae
1186 943 1260 975 quae
1283 934 1466 974 cornigerae
1486 938 1610 974 essent,
1629 940 1666 965 et

973 983 1056 1015 duos
1076 984 1194 1015 dentes
1220 984 1382 1015 eminulos
1405 985 1580 1015 haberent.
1624 984 1665 1015 Id

974 1034 1062 1064 enim
1080 1034 1315 1075 requirebatur
1332 1034 1365 1064 in
1381 1034 1513 1073 hostiis,
1527 1035 1665 1075 alioqui,

973 1084 999 1114 si
1023 1089 1179 1115 carerent
1203 1084 1283 1122 illis,
1303 1084 1425 1115 ἀτελεῖς
1446 1090 1543 1116 erant
1566 1090 1601 1116 et
1621 1085 1664 1116 ad

971 1134 1136 1166 sacrificia
1153 1136 1290 1175 ineptae.
1318 1136 1438 1176 Neque
1455 1136 1543 1176 quod
1562 1136 1665 1177 aliqui

971 1190 1148 1225 putarunt,
1174 1185 1279 1216 bidens
1303 1185 1426 1216 dicitur
1449 1186 1542 1225 quasi
1566 1185 1663 1222 biens,

970 1233 1101 1264 duobus
1125 1236 1221 1264 annis
1238 1238 1329 1271 nata,
1351 1244 1412 1264 cur
1428 1235 1516 1265 enim
1533 1234 1666 1266 bidentis

971 1293 1036 1314 non
1064 1284 1203 1315 bidennis
1234 1289 1292 1314 aut
1316 1284 1432 1315 biennis
1467 1285 1663 1315 diceretur?

971 1334 1102 1365 Gellius
1134 1339 1244 1364 tamen
1278 1334 1442 1364 invenisse
1464 1343 1500 1364 se
1523 1334 1605 1365 dicit
1630 1335 1663 1365 in

970 1383 1220 1414 commentariis
1236 1382 1434 1423 quibusdam
1453 1383 1560 1422 adjus
1577 1383 1666 1413 Pon-

970 1434 1109 1465 tificium
1129 1434 1390 1474 pertinentibus,
1406 1435 1414 1450 ‘
1431 1435 1599 1473 bidentes,
1618 1434 1666 1465 bi-

969 1495 1039 1516 mas
1068 1484 1218 1519 bostias‚’
1243 1485 1384 1515 bidennes
1415 1484 1522 1524 primo
1554 1485 1664 1515 dictas

968 1535 1065 1565 litera
1085 1536 1104 1566 d
1128 1535 1274 1565 immissa
1298 1534 1390 1574 quasi
1416 1534 1567 1574 biennes,
1596 1541 1663 1565 tum

969 1586 1069 1625 longo
1099 1595 1161 1616 usu
1186 1585 1344 1626 loquendi
1374 1589 1566 1625 corruptam
1591 1594 1664 1616 esse

973 1646 1101 1675 vocem,
1134 1641 1170 1667 et
1198 1645 1239 1665 ex
1271 1635 1469 1665 bidennibus
1511 1635 1666 1665 bidentes

972 1685 1119 1717 faciam:
1149 1685 1208 1716 sed
1234 1685 1329 1716 addit
1359 1685 1461 1720 idem,
1492 1685 1664 1724 Hyginum

969 1735 1110 1774 Julium,
1124 1735 1246 1776 quijus
1264 1735 1469 1766 Pontificum
1490 1744 1554 1765 non
1572 1735 1665 1774 igno-

970 1784 1078 1821 rabat,
1109 1785 1140 1815 in
1168 1791 1289 1824 quarto
1321 1784 1478 1814 librorum
1513 1794 1594 1823 quos
1623 1784 1664 1814 de

968 1835 1110 1874 Virgilio
1159 1834 1253 1869 fecit,
1303 1834 1458 1865 bidentes
1500 1835 1664 1875 appellari

970 1885 1145 1924 scripsisse
1176 1885 1298 1914 hostias
1329 1894 1404 1924 qnae
1439 1894 1498 1924 per
1529 1890 1664 1915 aetatein

970 1933 1052 1963 duos
1069 1933 1188 1964 dentes
1214 1934 1349 1964 altiores
1372 1934 1546 1965 baberent.
1591 1935 1663 1974 Hy-

970 1984 1040 2023 gini
1058 1984 1160 2013 verba
1178 1987 1285 2022 sunt,‘
1299 1994 1373 2024 quae
1386 1984 1504 2014 bidens
1523 1990 1570 2014 est
1591 1986 1666 2015 bos-

969 2035 1171 2074 tia‚oportet
1185 2035 1307 2065 babeat
1320 2035 1438 2064 dentes
1449 2040 1540 2070 octo,
1552 2034 1609 2065 sed
1622 2045 1663 2065 ex

968 2084 1016 2114 bis
1028 2084 1111 2114 duos
1128 2084 1250 2115 ceteris
1265 2084 1416 2122 altiores,
1433 2093 1493 2124 per
1510 2094 1592 2124 (quos
1605 2095 1663 2124 ap·

970 2139 1105 2174 pareat,
1120 2143 1163 2164 ex
1179 2134 1308 2164 minore
1325 2140 1427 2164 aetate
1444 2134 1476 2164 in
1502 2135 1661 2174 majorem

968 2183 1239 2214 transcendisse)
1285 2183 1373 2213 Vide
1398 2183 1487 2214 Geli.
1511 2183 1569 2215 lib.
1586 2193 1658 2215 xvr.

967 2242 1042 2272 cap.
1060 2236 1090 2263 7.
1115 2233 1193 2263 Dac-

1009 2288 1022 2310 ἵ
1040 2283 1241 2323 Ambiguum]
1274 2282 1371 2315 Quod
1401 2283 1432 2312 in
1461 2284 1573 2313 ambas
1607 2286 1665 2324 agi

967 2338 1082 2372 partes
1100 2334 1214 2373 possit,
1232 2338 1266 2364 et
1291 2333 1339 2363 sic
1357 2332 1492 2362 dubium
1510 2334 1565 2371 sit,
1584 2334 1660 2364 Vir-

967 2384 1023 2422 gil.
1048 2383 1217 2423 ‘Agnovit
1234 2383 1361 2423 prolem
1379 2383 1580 2422 ambiguam,
1601 2395 1657 2425 ge-

968 2434 1141 2474 minosque
1160 2432 1343 2474 parentesff
1369 2433 1466 2464 Idem.

1008 2489 1020 2503 ²
1035 2483 1188 2523 Ambitio]
1211 2484 1324 2513 Plaut.
1351 2483 1485 2521 Prolog.
1509 2483 1659 2524 Ampbit.

965 2535 1120 2565 ‘Virtute
1152 2534 1237 2564 dixit
1270 2543 1326 2564 vos
1354 2534 1498 2564 victores
1528 2534 1653 2573 vivere,

966 2595 1028 2616 non
1048 2586 1228 2616 ambitione
1246 2594 1355 2626 neque
1380 2584 1544 2624 perfidia!
1588 2586 1655 2617 Qui

966 2638 1058 2668 locus
1076 2637 1227 2677 apprime
1242 2634 1421 2673 notandus,
1436 2635 1479 2665 ibi
1496 2636 1656 2666 enimam-

965 2687 1040 2717 hitto
1058 2697 1116 2727 pro
1133 2686 1260 2724 ambitu,
1278 2685 1310 2716 id
1327 2691 1389 2723 est,
1408 2695 1467 2725 pro
1485 2685 1558 2724 ipsa
1574 2688 1655 2717 acti-
