1835 2906
203 106 288 148 378

661 115 810 146 SEXTI
844 115 1044 146 ΡΟΜΡΕΙΙ
1083 115 1219 145 FESTI

205 211 456 252 Mamercus
472 215 488 231 ⁰
508 222 758 263 praenomen
778 213 842 251 est
863 209 1043 259 Oscum,
1059 222 1112 250 eo
1133 208 1250 262 quod
1272 208 1316 249 hi
1334 207 1520 249 Martem
1544 208 1645 249 Ma-

263 282 438 319 mertem
461 278 742 331 appellant.¹⁶

204 344 399 386 Mamers
415 351 431 375 P
454 345 680 386 Mamertis
700 345 816 394 facit,
836 343 882 384 id
903 346 982 392 est,
1003 343 1151 395 lingua
1172 340 1292 382 Osca
1310 341 1434 382 Mars
1458 341 1644 392 Martis2

261 412 377 453 unde
404 413 729 454 et‘Mamertiui
759 413 804 452 in
840 410 995 451 Sicilia
1015 409 1136 459 dicti,
1160 409 1236 463 qui
1268 407 1494 450 Messanae
1525 409 1648 450 habi-

261 483 368 522 tant.

205 545 479 589 Mamertiniq
502 546 714 601 appellati
747 550 840 586 sanc
871 544 946 585 hac
966 544 1019 585 de
1052 555 1216 585 causa:
1248 555 1348 584 cum
1369 542 1424 583 de
1484 541 1650 593 [FEST.

809 664 925 676 oooooo

247 735 288 763 16
313 732 406 764 Vett.
427 731 507 763 libb.
521 732 638 763 dicant.

929 663 1043 676 oooooo

857 818 996 851 NOTAE

247 893 387 934 Maltha]
419 895 471 925 Ex
498 903 578 924 cera
599 897 635 923 et
657 892 731 932 pice
747 892 899 933 liquida:

206 944 296 975 unde
322 950 358 975 et
385 944 561 975 Glossario
588 944 769 983 exponitur
792 941 901 973 πισσό-

205 1005 308 1034 κηρον.
333 994 539 1034 Hesychius,
552 991 792 1032 μεμαλαγμένον
808 992 902 1033 κηρὸν

204 1050 317 1083 vocat,
335 1045 500 1076 Monitam
517 1054 641 1076 ceram.
688 1044 717 1075 A
733 1043 900 1083 μαλάσσω,

204 1094 388 1135 μαλθάσσω,
419 1096 507 1127 unde
534 1100 569 1127 et
596 1095 752 1126 Latinum
781 1105 901 1126 nomen

204 1148 341 1178 Mallha.
374 1147 442 1177 Aiii
460 1147 626 1177 Maltham
645 1146 842 1177 describunt
859 1156 902 1177 ex

205 1198 280 1237 pice
298 1202 334 1228 et
362 1198 509 1237 unguine
532 1198 603 1228 sive
628 1206 707 1227 sevo
730 1198 825 1228 calce
842 1197 902 1227 mi-

205 1248 350 1278 nutatim
377 1248 633 1289 superadjecta.
678 1247 767 1277 Vide
792 1247 903 1278 Paua-

206 1299 296 1331 dium
329 1299 386 1330 lib.
417 1309 440 1331 1.
471 1309 547 1340 cap.
579 1301 630 1329 17.
659 1302 694 1329 et
724 1298 815 1329 Piin.
847 1299 902 1331 lib.

207 1359 339 1382 xxxxi.
355 1361 430 1391 cap.
446 1354 499 1381 24.
522 1351 605 1381 Dac.

249 1406 263 1421 ⁰
286 1401 479 1440 liIamercas]
502 1399 529 1431 A
553 1401 736 1439 Mamerte,
754 1400 904 1430 Mamer-

207 1461 277 1486 cus,
295 1457 332 1482 nt
353 1461 371 1482 a
388 1452 512 1490 Marte,
531 1451 680 1482 Marcus.
728 1449 812 1480 Inde
831 1450 903 1479 Ma-

206 1511 338 1532 mercus
363 1500 515 1531 AEmiIius
531 1500 710 1530 Dictator:
735 1500 784 1530 M.
804 1499 905 1530 AEmi-

208 1553 272 1582 lius
291 1552 505 1582 Mamercus:
532 1550 571 1581 L.
589 1549 740 1581 AEmilius
758 1550 902 1581 Mamer-

207 1613 265 1635 cus
284 1604 362 1634 Cos.
387 1603 485 1633 Idem.

249 1658 265 1678 Ρ
289 1652 442 1692 Mamers]
475 1653 552 1684 Sive.
575 1651 741 1683 Oscorum
759 1651 904 1683 vocabu-

208 1704 275 1734 lum
300 1704 343 1734 sit
365 1704 518 1741 DIamers,
540 1703 610 1733 sive
632 1703 845 1736 Sabinorum,
871 1706 908 1732 ut

208 1755 282 1785 vuit
307 1755 430 1793 Varro,
455 1759 584 1785 certum
610 1759 661 1784 est
683 1763 740 1784 cos
769 1763 787 1783 a
811 1752 908 1784 Grae-

211 1805 261 1835 cis
288 1805 458 1843 sumsisse,
480 1804 601 1844 quibus
635 1803 789 1843 μαμερτὸς
819 1803 904 1834 dici-

208 1860 275 1894 tur,
292 1855 508 1895 Lycophron.
554 1855 622 1884 l'ro
636 1855 776 1885 Mamers
790 1855 906 1884 dixere

209 1906 349 1941 Mavers,
362 1905 450 1935 unde
465 1905 605 1940 Murors,
618 1906 806 1935 Mavortius.
821 1906 906 1936 Dae.

253 1964 268 1984 ‘³
295 1957 497 1998 Mamertini]
523 1958 573 1988 Ex
590 1958 699 1997 spatio
718 1958 907 1992 literarum,

211 2018 285 2048 quae
308 2007 443 2045 desunt,
467 2007 569 2037 scribi
594 2012 708 2047 potest
730 2007 797 2038 ita:
834 2008 907 2038 Ma—

209 2058 336 2089 mertini
357 2058 507 2099 appellati
529 2062 601 2088 suut
619 2058 835 2089 messanenses
851 2058 907 2088 hac

209 2112 246 2140 de
274 2119 377 2140 causa.
423 2109 508 2139 Sunt
538 2109 614 2143 alia,
646 2118 721 2148 quae
751 2107 907 2138 divinare

209 2169 274 2190 uon
292 2159 479 2199 potuimus:
505 2158 564 2189 sed
577 2159 726 2189 historiae
743 2159 908 2198 cognitio-

210 2220 284 2240 nem
302 2219 367 2240 uon
385 2209 585 2249 impediunt.
619 2209 708 2240 vnde
726 2209 835 2240 Strab.
851 2210 909 2240 lib.

212 2270 262 2291 vr.
295 2260 374 2291 Ant.
392 2260 477 2297 Aug.

255 2311 454 2350 Mamertini]
476 2310 530 2341 Ita
548 2310 691 2341 Festus:
725 2310 910 2341 Mamertini

212 2363 357 2402 appellati
373 2366 443 2393 sant
460 2373 479 2392 a
495 2362 650 2392 Mamerte
670 2362 726 2392 hac
748 2364 784 2392 de
807 2372 911 2393 causa.

216 2413 349 2443 Deinde
369 2412 457 2443 infra
474 2423 480 2443 :
520 2414 598 2443 Cum
621 2413 654 2443 in
675 2416 764 2452 parte
779 2423 814 2444 ea
830 2413 910 2443 Sici-

213 2464 265 2494 lioe
288 2463 500 2497 consedissent,
521 2473 589 2502 quae
617 2463 815 2494 Taurominia
834 2463 910 2494 dici-

213 2518 278 2549 tur,
293 2513 379 2550 forte
395 2513 576 2552 parantibus
596 2514 670 2545 bello
686 2524 808 2545 cernere
825 2515 910 2545 Mes-

212 2561 393 2593 sanensibus
420 2562 536 2592 auxilio
558 2567 703 2594 venerant
720 2564 825 2594 ultro:
846 2574 911 2595 eos·

215 2622 273 2652 que
284 2611 322 2642 ab
339 2611 424 2641 hoste
436 2611 617 2644 [ὤοντο-ανῆ.
665 2615 773 2654 Itaque
788 2614 908 2654 provin-

216 2664 308 2695 ciales
324 2662 359 2694 ob
376 2662 518 2693 meritum
536 2673 650 2703 curum,
665 2668 696 2695 ut
712 2665 849 2703 gratiam
865 2676 911 2697 re-

947 893 1086 933 ferrent,
1112 896 1142 923 et
1161 893 1193 923 in
1216 900 1304 922 suum
1327 899 1447 931 corpus,
1468 888 1652 921 communio-

955 954 1080 984 nemque
1102 952 1252 981 agroram
1273 942 1448 972 invitarant
1471 948 1531 974 eos,
1546 942 1577 969 et
1599 948 1653 969 no-

957 1006 1024 1026 men
1051 996 1231 1035 acceperunt
1261 1002 1368 1031 unum,
1405 994 1438 1021 at
1477 989 1654 1020 dicerentur

957 1045 1153 1077 Mamertini.
1198 1042 1342 1074 Strabo:
1369 1041 1522 1072 τοσοῦτον
1536 1039 1565 1069 δ’
1585 1040 1655 1069 ἐπε-

956 1096 1117 1136 κράτησαν
1140 1095 1168 1125 οἱ
1191 1094 1378 1133 Μαμερτῖνοι
1392 1090 1474 1131 παρὰ
1488 1091 1554 1121 τοῖς
1569 1093 1656 1120 Μεσ-

956 1147 1083 1185 σηνίοις,
1096 1146 1169 1177 ὥστ’
1184 1146 1229 1176 ἐπ’
1242 1143 1373 1175 ἐκείνους
1384 1144 1511 1182 ὑπῆρξεν
1522 1141 1541 1179 ἡ
1556 1140 1658 1172 πόλις.

957 1199 1087 1228 καλοῦσι
1103 1197 1134 1228 δὲ
1151 1194 1362 1236 Μαμερτίνους
1384 1195 1508 1232 μᾶλλον
1522 1191 1656 1222 ἅπαντες

958 1248 1081 1285 αὐτοὺς,
1110 1247 1160 1278 καὶ
1195 1245 1399 1282 Μεσσηνίους.
1451 1242 1656 1283 Scripsimus

961 1299 1173 1338 Taurominia,
1189 1298 1266 1338 quia
1290 1295 1428 1336 propius
1452 1293 1492 1324 ad
1514 1292 1657 1332 scriptu-

958 1360 1028 1380 ram
1044 1348 1232 1380 accedebat
1246 1358 1253 1378 :
1279 1352 1313 1377 et
1325 1345 1444 1376 Strabo
1453 1341 1658 1383 Ταυρομενίαν

958 1405 1068 1431 vocat.
1117 1397 1252 1438 Alioqui
1294 1395 1415 1426 scimus
1452 1393 1656 1434 adjectivum

958 1450 1280 1481 Taurominiianum.
1323 1446 1504 1477 Sallustius
1518 1444 1549 1474 in
1567 1448 1658 1473 vete-

961 1502 1050 1533 ribus
1068 1499 1222 1531 schedis:
1247 1503 1255 1516 ‘
1271 1498 1387 1538 Scyua
1409 1505 1527 1527 saxum
1545 1499 1596 1524 est
1613 1494 1657 1523 si-

960 1553 1039 1583 mile
1064 1550 1180 1582 formae
1199 1548 1395 1588 terebram,
1412 1556 1485 1588 quae
1504 1544 1592 1576 forte
1609 1544 1658 1574 in-

961 1603 1032 1633 lata
1048 1599 1227 1639 naufragia
1242 1598 1384 1629 sorbens
1400 1595 1590 1636 gurgitibus
1605 1603 1659 1625 oc-

962 1652 1074 1691 cultis,
1089 1650 1193 1681 millia
1218 1648 1394 1689 sexaginta
1410 1645 1660 1677 Taurominita-

963 1714 1005 1734 na
1023 1702 1066 1733 ad
1096 1702 1213 1732 littora
1239 1697 1365 1730 trabit.’
1409 1698 1494 1730 Quae
1519 1695 1561 1726 ad
1586 1703 1660 1726 ver-

965 1755 1041 1785 bum
1068 1753 1193 1784 Strabo
1218 1750 1411 1791 expressit:
1444 1746 1608 1779 Δείκνυται
1629 1745 1661 1777 δὲ

962 1804 1012 1835 καὶ
1029 1804 1048 1842 ἡ
1064 1803 1218 1842 Χάρυβδις
1232 1801 1339 1842 μικρὸν
1353 1800 1411 1839 πρὸ
1426 1800 1482 1836 τῆς
1494 1797 1614 1828 πόλεως
1631 1796 1663 1826 ἐν

962 1856 1010 1894 τῷ
1025 1855 1157 1895 πορθμῷ,
1175 1852 1270 1889 βάθος
1286 1850 1431 1891 ἐξαίσιον,
1456 1849 1497 1881 εἷς
1518 1849 1535 1880 ὃ
1552 1848 1582 1879 αἱ
1605 1860 1661 1878 πα·

963 1904 1094 1945 λίῤῥοιαι
1109 1904 1164 1934 τοῦ
1179 1902 1316 1944 πορθμοῦ
1335 1900 1526 1940 κατάγουσιν
1546 1899 1663 1938 εὐφυῶς

962 1956 1002 1987 τὰ
1012 1955 1117 1995 σκάφη
1127 1953 1377 1996 τραχηλιζόμενα.
1386 1953 1465 1991 μετὰ
1476 1951 1665 1991 συστροφῆς,

963 2007 1014 2039 καὶ
1038 2007 1121 2044 δίνης
1137 2005 1290 2045 μεγάλης.
1306 2002 1541 2035 καταποθέντων
1554 2001 1598 2040 δὲ,
1613 2000 1663 2031 καὶ

963 2056 1173 2092 διαλυθέντων,
1210 2055 1251 2086 τὸ.
1287 2054 1419 2093 ναυάγια
1455 2051 1665 2093 παρασύρεται

961 2108 1035 2149 πρὸς
1057 2107 1153 2145 ἠϊόνα·
1168 2108 1225 2143 τῆς
1247 2103 1463 2144 Ταυρομενίας,
1487 2102 1525 2139 ἢν
1551 2101 1663 2132 καλοῦ-

963 2171 1012 2190 σιν
1043 2158 1103 2190 ἀπὸ
1135 2155 1361 2195 συμπτώματος
1383 2153 1494 2185 τούτου
1517 2150 1665 2192 Κοπρίαν.

962 2211 1032 2240 J03.
1050 2209 1132 2240 Scal.

1007 2259 1191 2292 Mamertini
1208 2257 1370 2299 appellati]
1398 2256 1450 2287 [ta
1464 2255 1504 2286 ad
1523 2254 1662 2286 verbum

964 2311 1119 2343 Schedae.
1147 2308 1243 2340 Infra
1260 2318 1319 2348 pro
1340 2306 1513 2337 Tauricana
1529 2304 1663 2346 quidam

964 2363 1093 2393 liabent
1113 2359 1318 2391 Tauromenia
1335 2368 1346 2394 ;
1375 2357 1463 2398 quod
1481 2356 1569 2386 idem
1585 2359 1637 2385 est
1654 2365 1662 2384 ;

967 2415 1109 2445 aTauro
1127 2411 1216 2442 enim
1240 2414 1355 2441 monte
1377 2407 1554 2438 Tauricana
1571 2409 1663 2435 recte

966 2465 1033 2495 dici
1061 2468 1190 2503 potest,
1218 2465 1255 2491 ut
1281 2470 1300 2490 a
1325 2457 1549 2490 Tauromenio
1580 2455 1664 2485 urbe

966 2516 1036 2546 sive
1054 2513 1153 2545 fluvio
1172 2510 1386 2543 Tauromenia.
1423 2508 1530 2538 Porro
1548 2515 1566 2536 a
1586 2505 1665 2535 Fes-

967 2571 1001 2596 to
1025 2565 1178 2595 diversus
1202 2561 1270 2592 abit
1288 2559 1424 2596 Strabo,
1449 2557 1504 2597 qui
1533 2556 1580 2586 ait
1605 2555 1665 2587 lib.

968 2625 1028 2646 vi:
1067 2613 1288 2645 Mamertinos
1313 2608 1505 2648 Campaniae
1531 2611 1664 2646 gentem

966 2667 1157 2697 Messanam
1212 2659 1462 2693 inbabssmisae,
1513 2657 1665 2698 adeoque
