1835 2906
217 151 273 192 36

672 160 820 191 SEXTI
855 158 1056 190 POMPEII
1092 158 1227 190 FESTt

275 254 420 309 paleae
442 253 573 295 etiam
604 254 806 307 quaedam
835 253 890 293 de
918 252 1132 293 frumento
1163 264 1271 293 acus
1293 251 1510 293 dicuntur.
1568 251 1659 292 Ex-

276 322 443 362 ercitus
464 334 637 374 quoque
657 320 885 361 instructio
901 317 937 370 3¹

968 319 1089 372 quod
1111 332 1165 360 ea
1199 332 1303 372 pars
1324 320 1511 360 militum
1531 319 1662 360 vehe-

275 388 547 429 mentissima
579 392 646 429 est
680 388 736 428 ad
767 387 938 427 hostem
969 386 1281 428 vulnerandum
1316 387 1515 427 acumine
1548 386 1661 427 telo-

275 468 396 496 rum:
428 458 565 496 totum
607 459 756 494 autem
791 466 849 492 ex
891 452 1051 493 Graeco
1090 465 1282 494 sermone
1319 452 1529 504 trahitur3
1561 465 1661 493 cum

277 524 438 563 sarcire
456 522 573 575 apud
595 521 696 561 illos
718 518 928 559 ἀκέσασθαι
952 519 1124 560 dicitur.

220 588 342 637 An,¹1¹
364 594 440 629 aut
460 589 634 641 proprie
655 599 887 640 personam
922 586 1164 639 significat3
1195 590 1242 627 ut
1274 586 1340 627 Eo
1372 586 1429 627 ad
1455 586 1663 639 Pompei-

233 644 235 646 *
278 669 375 697 um:
408 660 483 696 aut
503 656 661 703 locum,
683 658 728 694 ut
749 653 876 694 Abiit
898 654 953 694 ad
974 654 1205 695 theatrum.

220 721 433 774 Adagia,¹¹
455 721 511 762 ad
534 721 747 773 agendum
769 725 885 774 apta.

221 787 427 838 Adasia,⁰
453 788 548 828 ovis
570 788 718 831 vetula
736 788 926 828 recentis
943 793 1106 842 partus.

222 853 425 895 Adaxint
440 869 449 896 ε
465 862 480 885 Ρ
512 855 743 907 adegerint.

877 1010 1018 1040 NOTAE

222 1106 299 1147 quia
320 1115 359 1137 ea
380 1106 520 1146 capillos
545 1106 768 1146 distinguunt,
796 1106 920 1136 discer-

223 1162 319 1187 nunt.
365 1155 473 1186 Acum
507 1157 665 1187 crinalem
697 1161 796 1187 vocat
827 1156 921 1196 Apu-

221 1206 321 1237 leius.
360 1206 558 1237 Ornatrices
576 1211 688 1237 autem
705 1216 764 1237 nos
777 1206 920 1237 dicimus

219 1255 393 1296 coiffeuseS.
438 1256 527 1287 Nam
555 1255 618 1287 fuit
654 1257 743 1296 apud
774 1257 920 1287 Veteres

220 1315 340 1336 munus
369 1305 451 1336 illud
484 1307 667 1346 peculiare,
697 1312 734 1337 ut
766 1307 920 1347 quaedam

222 1355 353 1385 ancillae
370 1355 448 1385 nihil
466 1356 555 1386 aliud
580 1361 692 1387 essent
710 1366 808 1397 quam
824 1366 921 1387 orna-

222 1404 335 1440 tricem,
350 1409 387 1435 ut
401 1404 572 1445 hodieque
585 1405 673 1445 apud
687 1415 758 1436 nos.
783 1406 921 1436 sueton.

220 1453 255 1483 in
277 1453 390 1484 Tiber.
411 1457 464 1484 40.
485 1455 494 1471 ‘
514 1454 600 1486 Haec
630 1456 746 1486 matris
771 1465 855 1487 meae
885 1456 922 1487 li·

221 1503 320 1533 berta
336 1507 371 1534 et
388 1504 539 1534 ornatrix
555 1503 644 1536 fuit.’
669 1505 766 1536 Idem.

264 1552 272 1573 ¹
298 1554 464 1584 Exercitus
493 1564 609 1594 quoque
634 1555 813 1595 instructio]
852 1555 924 1585 Fal-

222 1612 294 1632 sum
311 1608 384 1640 est3
400 1612 466 1633 non
480 1604 567 1634 enim
584 1614 673 1634 acum
688 1604 746 1634 sed
762 1605 858 1635 aciem
874 1604 923 1635 di-

224 1652 344 1690 cimus,
361 1657 398 1682 ut
416 1653 544 1692 optime
561 1654 722 1693 Scaliger.
748 1654 845 1685 Idem.

266 1707 286 1721 ¹¹¹
311 1701 378 1741 Ad]
401 1704 555 1733 Denotat
579 1708 704 1734 motum
733 1704 774 1734 ad
803 1705 923 1739 locum,

222 1753 304 1790 apud
320 1750 448 1782 factum
467 1752 498 1782 in
522 1753 608 1783 loco.
652 1753 703 1783 Aa
721 1753 831 1784 verbis
857 1763 923 1784 mo-

224 1807 277 1830 tus
291 1801 517 1841 conjungitur,
533 1804 612 1841 apud
628 1813 692 1833 nou
712 1804 805 1833 item.
839 1804 924 1834 Inde

224 1850 372 1880 Lucilius
389 1851 461 1881 Sat.
476 1861 528 1882 lx.
551 1854 560 1868 ‘
577 1852 635 1882 Sic
652 1858 686 1882 et
702 1854 790 1892 apud
808 1858 840 1883 te
855 1854 924 1883 lon-

226 1909 267 1939 ge
294 1900 384 1930 aliud
411 1906 475 1939 est,
500 1911 576 1931 nam
596 1901 684 1932 idem
701 1903 790 1933 valet
814 1902 855 1932 ad
882 1907 927 1942 te,

224 1951 320 1981 Intro
337 1960 396 1980 nos
414 1956 514 1982 vocat
531 1951 570 1981 ad
589 1961 624 1982 se
641 1961 698 1983 se:
724 1956 818 1983 tenet
837 1952 926 1983 intus

226 1999 315 2038 apud
336 2002 394 2029 se.‘
438 2000 616 2032 Interdum
640 2006 752 2032 tamen
776 2003 815 2032 ad
831 2003 927 2032 sumi-

227 2053 285 2079 tur
302 2058 362 2088 pro
379 2050 474 2089 apud,
492 2055 528 2080 ut
544 2052 625 2090 apud
643 2061 701 2091 pro
715 2053 765 2082 ad.
792 2051 898 2083 Idem.

267 2103 282 2118 ¹¹
307 2098 451 2139 Adagia]
476 2101 567 2140 Lege
586 2100 723 2139 Adugio.
755 2102 854 2133 Varr.
872 2102 929 2132 lib.

230 2157 282 2179 vr.
307 2148 349 2179 de
369 2150 404 2179 L.
422 2150 459 2180 L.
483 2151 491 2166 ‘
510 2149 643 2190 Adagio
668 2156 702 2181 et
726 2151 824 2182 litera
841 2161 930 2182 coni-

228 2202 358 2228 mutata
378 2198 499 2239 abagio
521 2199 612 2230 dicta
629 2201 669 2231 ab
687 2210 726 2231 eo
747 2201 836 2241 quod
860 2211 927 2232 am-

227 2247 278 2277 bit
295 2249 493 2289 orationem,
507 2259 616 2290 neque
633 2250 664 2280 in
679 2250 793 2292 aliqua
809 2261 874 2282 una
892 2262 927 2282 re

229 2298 385 2328 consistit
410 2300 494 2337 sola,
508 2299 664 2339 ambagio
687 2299 791 2337 dicta,
809 2305 844 2331 ut
861 2310 927 2331 am—

228 2346 363 2377 bustum
382 2348 472 2388 quod
490 2349 618 2379 circum
638 2354 748 2380 ustum
762 2349 835 2380 est-³
867 2351 928 2381 Er-

228 2409 269 2439 go
285 2401 397 2439 adagio
423 2411 483 2440 pro
507 2402 659 2442 ambagio,
678 2402 768 2443 quod
791 2402 836 2433 sit
859 2412 928 2433 ser-

228 2459 281 2479 mo
304 2451 620 2490 circumambulans,
635 2457 670 2482 et
694 2453 808 2483 multis
826 2452 927 2483 rebus

228 2500 336 2537 possit
359 2501 552 2530 convenire.
597 2501 652 2531 Sic
672 2501 804 2532 Graecis
825 2514 928 2540 παροι-

227 2547 292 2586 μία,
319 2558 337 2578 a
364 2548 444 2587 παρὰ
471 2550 510 2578 ad
534 2554 568 2579 et
602 2548 685 2587 οἶμος
707 2552 770 2581 via.
815 2551 928 2582 Gloss.

228 2600 237 2613 ‘
249 2597 384 2638 adagio,
394 2598 561 2639 παροιμία.’
573 2598 638 2630 Sed
652 2610 712 2630 vox
724 2602 859 2641 illajam
871 2601 928 2632 ob-

230 2650 396 2680 soleverat
410 2651 515 2690 ipsius
527 2651 687 2682 Varronis
706 2657 830 2689 aetate;
848 2653 929 2682 scri-

233 2699 282 2729 bit
314 2700 401 2730 enim
432 2701 490 2731 lib.
518 2710 564 2731 vr.
601 2702 609 2717 ⁶
625 2701 726 2741 Apud
756 2703 929 2733 Valerium

974 1108 1137 1138 Soranum
1156 1111 1252 1138 vetus
1276 1106 1397 1146 adagio
1421 1111 1484 1145 est,
1505 1117 1524 1138 ο
1542 1108 1581 1139 Ρ.
1596 1108 1668 1139 Sci-

976 1157 1041 1196 pio.
1089 1157 1190 1189 Quod
1222 1157 1361 1187 verbum
1388 1166 1492 1198 usque
1520 1167 1561 1188 eo
1591 1167 1669 1188 eva-

975 1207 1059 1241 nuit,
1075 1212 1111 1237 ut
1130 1207 1286 1238 Graecum
1311 1206 1453 1246 παροιμία
1475 1216 1538 1246 pro
1555 1217 1594 1238 eo
1611 1217 1670 1247 po-

975 1258 1073 1287 situm
1090 1258 1194 1297 magis
1213 1258 1257 1287 sit
1270 1257 1446 1297 apertum.'
1464 1257 1563 1288 Idem.

1017 1313 1031 1327 0
1054 1307 1188 1347 Adasia]
1204 1307 1385 1338 InGlossis
1397 1306 1536 1337 Isidori:
1560 1306 1669 1338 ‘Ada-

977 1357 1039 1395 sia,
1055 1359 1126 1388 ovis
1141 1358 1246 1397 major
1264 1357 1368 1388 natu.’
1393 1359 1462 1387 Jos.
1480 1358 1564 1388 Scal.

1020 1407 1151 1446 Adusta]
1177 1407 1298 1437 Isidor.
1324 1408 1332 1423 ‘
1350 1406 1485 1441 Adasia,
1508 1407 1577 1437 ovis
1603 1417 1672 1437 ma-

972 1458 1026 1497 jor
1043 1456 1149 1488 natu.'
1194 1457 1261 1487 Sed
1285 1456 1362 1497 quid
1381 1456 1440 1487 fiet
1457 1457 1521 1487 illis
1541 1457 1674 1487 recentis

976 1505 1110 1546 partus?
1144 1506 1331 1537 Dubitabat
1347 1506 1569 1536 Doctissimus
1591 1507 1674 1536 Vos-

978 1560 1044 1589 sius
1060 1569 1138 1589 num
1154 1559 1262 1589 adasia
1280 1558 1322 1587 sit
1334 1567 1394 1598 pro
1409 1557 1535 1596 adaxin,
1549 1560 1674 1596 praeter

977 1614 1112 1640 aetatem
1129 1608 1251 1639 adacta
1267 1608 1307 1638 ad
1327 1611 1473 1646 partum,
1490 1606 1531 1637 ab
1544 1607 1675 1636 adaxint

977 1668 1038 1699 pro
1059 1658 1233 1696 adegerint.
1279 1657 1351 1696 Ego
1378 1657 1490 1696 potius
1519 1657 1674 1687 existimo

979 1709 1044 1738 ista
1067 1707 1201 1738 recentis
1225 1709 1332 1746 partus
1357 1706 1674 1746 interpretationem

979 1768 1052 1788 esse
1065 1759 1156 1788 vocis
1166 1756 1386 1797 πρωτότοκος,“
1401 1755 1675 1796 primogenitus.'

979 1807 1035 1838 Ita
1051 1812 1088 1837 ut
1106 1807 1201 1837 Pauli
1221 1808 1323 1837 verba
1339 1807 1386 1837 sic
1403 1806 1622 1845 intelligenda
1642 1811 1677 1837 et

980 1856 1219 1895 distinguenda
1241 1856 1308 1886 sint
1325 1856 1457 1894 Adasia,
1478 1855 1543 1885 ovis
1562 1856 1677 1891 vetula,

980 1905 1113 1936 recentis
1125 1909 1246 1944 partus.
1292 1905 1331 1934 Id
1353 1910 1417 1943 est,
1437 1904 1675 1945 primogenita,

982 1955 1013 1985 id
1032 1960 1206 1995 est,quam
1226 1953 1352 1984 recenti
1366 1953 1436 1983 sive
1454 1953 1559 1993 primo
1577 1958 1676 1993 partu

981 2009 1089 2035 mater
1112 2005 1258 2044 peperit,
1274 2008 1310 2034 et
1326 2003 1405 2034 inde
1423 2008 1518 2042 patet
1543 2013 1601 2033 cur
1618 2003 1677 2034 Isi-

982 2054 1084 2085 dorus
1097 2054 1235 2093 dixerit,
1251 2057 1259 2070 ‘
1276 2053 1346 2083 ovis
1364 2051 1468 2091 major
1481 2051 1585 2082 natu.'
1623 2053 1677 2083 Sic

982 2103 1070 2133 infra
1084 2108 1093 2121 ‘
1113 2103 1242 2141 avillas,
1255 2111 1356 2142 agnas
1374 2101 1518 2131 recentis
1535 2101 1678 2140 partus!

984 2153 1072 2183 Nam
1090 2146 1198 2183 avillae
1216 2161 1311 2192 agnae
1330 2151 1465 2182 vetulae.
1489 2151 1571 2181 Dac.

1024 2207 1040 2228 Ρ
1064 2202 1224 2242 Adaxint]
1269 2202 1380 2232 Plaut.
1417 2200 1570 2232 Aulular.
1608 2202 1677 2232 Jos.

984 2252 1069 2284 Scal.

1024 2303 1183 2342 Adaxz'nt]
1209 2302 1324 2333 Plaut.
1348 2300 1460 2331 Aulul.
1478 2310 1501 2331 1.
1521 2304 1550 2331 1.
1575 2301 1584 2318 ‘
1603 2301 1679 2332 Uti-

984 2363 1059 2384 nam
1073 2362 1125 2383 me
1140 2353 1219 2382 Divi
1236 2351 1376 2382 adaxint
1393 2350 1432 2380 ad
1451 2350 1679 2390 suspendium.

984 2403 1104 2434 Potius
1121 2411 1218 2443 quam
1242 2400 1376 2442 quidem
1392 2400 1454 2431 hoc
1471 2405 1571 2440 pacto
1588 2400 1677 2439 apud

983 2457 1017 2483 te
1045 2451 1212 2483 serviam.’
1258 2450 1309 2481 Ad
1334 2459 1433 2490 quem
1461 2450 1568 2480 locum
1590 2450 1677 2480 male

985 2502 1115 2533 Nonius
1132 2502 1262 2532 adaxint
1278 2500 1364 2531 dixit
1375 2509 1447 2530 esse
1465 2508 1524 2539 pro
1536 2499 1678 2537 adigant.

984 2552 1071 2582 Nam
1110 2549 1290 2581 manifesto
1328 2559 1386 2589 pro
1415 2549 1588 2587 adegerint,
1623 2549 1677 2577 vel

983 2603 1085 2632 etiam
1118 2612 1179 2643 pro
1211 2602 1359 2637 adamae,
1399 2608 1458 2639 pro
1487 2598 1678 2636 adegissent.

984 2653 1072 2683 Dae.
