1835 2906
371 184 432 213 DE
464 181 736 212 VERBORUM
769 177 1173 210 SIGNIFICA'PIONE
1209 180 1304 210 Lus.
1338 178 1409 208 XI.

1524 169 1609 209 385

161 278 360 320 Mancini
397 275 580 318 sana¹³d
612 275 965 330 appellabantur,
1004 272 1124 326 quod
1178 272 1410 314 Mancinus
1449 272 1609 313 habuit

220 347 430 399 insignem
455 345 651 394 domum,
675 357 773 397 quae
798 341 1026 396 publicata
1043 345 1112 382 est
1132 353 1185 381 eo
1204 340 1498 382 interfecto.¹4

160 415 453 465 Manducus‚e
494 414 658 467 effigies
698 414 741 454 in
771 424 938 466 pompa
972 411 1249 464 antiquorum
1291 410 1401 452 inter
1441 414 1609 453 ceteras

217 483 430 524 ridiculas
458 482 858 533 sormidolosasque
878 480 939 520 ire
961 479 1183 528 solebat,¹5
1202 479 1370 529 magnis
1390 480 1534 529 malis,
1555 492 1609 520 ac

216 553 304 593 late
325 552 571 600 dehiscens,
593 554 638 590 et
671 550 888 602 ingentem
905 547 1111 588 dentibus
1132 545 1327 586 sonitum
1345 544 1527 596 faciens,
1556 547 1632 588 des

219 633 307 673 qua
340 619 528 660 Plautus
559 618 622 657 ait
649 617 694 657 in
724 615 954 656 Rudente:
987 614 1106 664 Quid
1141 614 1179 654 si
1209 613 1359 666 aliquo
1393 613 1450 654 ad
1483 613 1612 655 ludos

219 701 287 728 me
317 699 397 741 pro
428 685 642 727 manduco
671 685 844 725 locem?
896 682 1212 736 Quapropter?
1245 681 1360 722 clare
1381 679 1413 705 ¹⁶
1445 682 1611 735 crepito

222 755 445 796 dentibus.

170 823 331 864 Manes
355 821 432 862 Dii
449 817 463 842 f
480 820 535 861 ab
559 819 810 873 Auguribus
833 819 1123 860 invocantur:
1145 818 1263 872 quod
1282 818 1327 859 hi
1347 830 1425 872 per
1448 817 1613 871 [FEST.

770 914 888 926 eeeeee

890 915 1007 932 eeeee

207 1000 246 1028 13
272 996 470 1036 Legendum
488 999 626 1026 monent
642 995 732 1026 Scai.
749 995 834 1025 Dae.
850 994 994 1024 Mancini
1010 994 1136 1032 Tifata:
1160 998 1196 1024 ut
1215 996 1283 1024 vet.
1302 992 1443 1024 eth—14
1467 990 1615 1024 Quidam

165 1045 234 1071 vet.
257 1040 313 1070 lib.
329 1040 417 1079 apud
448 1039 537 1070 Seal.
567 1039 760 1078 interempto.
806 1037 894 1067 Vide
919 1037 1124 1068 Notas.·—l5
1160 1041 1167 1054 ¹
1185 1038 1223 1067 L.
1251 1046 1294 1066 m.
1323 1035 1474 1066 Mandaei
1499 1034 1617 1076 effigies

164 1084 199 1113 in
212 1093 320 1123 pompa
333 1083 530 1123 antiquorum
546 1081 631 1112 inter
646 1085 765 1112 celeras
781 1079 1231 1120 ridiculas,fizrmidolosasque
1244 1089 1293 1110 res
1304 1078 1351 1110 ire
1361 1078 1497 1109 solebat.'
1522 1078 1618 1108 Fulv.

167 1126 369 1157 U1·sin.-16
393 1126 432 1156 ln
449 1126 524 1156 loco
540 1124 654 1155 Plauti
671 1125 805 1164 quidam
825 1123 882 1153 lib.
903 1123 985 1158 Quia
998 1124 1050 1163 pol
1067 1124 1160 1154 clare.

818 1215 963 1248 NOTAE

207 1288 222 1309 ‘¹
248 1287 495 1328 Manciniscxna]
510 1288 619 1318 Vetus
634 1287 750 1322 editio,
771 1287 864 1318 Man-

164 1339 229 1370 cini
263 1338 381 1376 Tifllta·
428 1339 542 1371 Quare
580 1347 662 1378 ergo
697 1342 864 1369 mutatum

166 1391 242 1421 est?
291 1390 399 1427 Tifata
414 1395 492 1421 sunt
506 1390 622 1421 ilicem.
666 1390 721 1421 Ita
734 1399 815 1430 ergo
831 1389 865 1419 in

166 1451 241 1471 suas
259 1441 369 1477 sedes,
386 1441 474 1472 unde
493 1441 525 1471 vi
548 1440 681 1480 dejecta
702 1444 776 1471 erat
791 1440 865 1470 haec

169 1501 246 1529 vox,
263 1492 394 1522 restitui
407 1492 525 1532 jubeo.
547 1492 617 1522 Jos.
633 1489 716 1521 Scal.

210 1541 459 1581 Mancinifana]
486 1542 594 1581 Lege:
620 1541 766 1572 Mancini
781 1540 867 1578 Tisa-

167 1597 210 1624 ta.
256 1593 310 1624 sic
326 1603 428 1633 supra
445 1603 505 1634 pro
526 1593 617 1623 Curii
630 1592 714 1630 fana
735 1591 869 1622 restitui

171 1643 263 1674 Curii
300 1643 419 1681 Tifata.
472 1642 584 1673 Tifata
619 1647 698 1673 suut
736 1642 868 1672 niceta.

170 1694 257 1724 Haec
276 1698 388 1725 autem
408 1698 564 1734 potentes
586 1693 701 1723 domos
724 1693 869 1723 maxime

170 1745 465 1776 commendabant.
512 1745 634 1775 Horat.
652 1744 722 1775 Od.
740 1746 791 1775 10.
813 1744 871 1775 lib.

172 1804 228 1826 1112
254 1797 263 1812 ‘
279 1794 385 1826 Audis
402 1805 466 1836 quo
490 1794 637 1835 strepitu
659 1794 778 1834 janua,
806 1804 871 1834 quo

172 1855 286 1876 nemus
314 1845 412 1877 Inter
436 1846 554 1885 pulcra
581 1846 679 1875 situm
706 1849 799 1874 tecta
822 1854 871 1874 re-

171 1897 302 1937 mugiat
331 1895 492 1927 Ventis?'
539 1896 648 1928 Quem
673 1895 783 1926 locum
810 1894 871 1924 uti-

172 1956 249 1978 nam
267 1957 308 1977 ne
331 1947 502 1986 attigisset
523 1946 573 1977 vir
595 1946 871 1986 elegantissimus

171 1998 253 2028 Tan.
270 1997 354 2028 Fab.
367 1998 422 2038 qui
441 1996 693 2028 rescribendum
705 2005 780 2026 esse
793 2006 872 2026 con-

173 2049 284 2079 tendit
297 2049 382 2088 queis
392 2058 510 2080 nemus.
552 2048 686 2087 Nempe
701 2047 786 2087 queis
801 2057 873 2077 ven-

172 2099 227 2130 tis.
271 2100 360 2130 Nam
382 2099 430 2130 sic
448 2099 513 2129 toci
533 2103 692 2128 venustas
721 2097 821 2137 perit,
839 2101 873 2128 et

173 2154 270 2180 sonat
301 2149 426 2191 aliquid
466 2149 554 2190 quod
590 2148 739 2179 eruditas
775 2158 873 2178 aures

174 2200 342 2231 vulnerat.
379 2200 492 2240 Hujus
508 2200 573 2231 loci
592 2200 660 2238 ἑξῆς
677 2204 768 2230 erat:
787 2200 795 2215 ⁶
808 2198 874 2229 Αιι-

175 2250 225 2281 dis
242 2261 307 2292 quo
331 2252 478 2291 strepitu
500 2251 618 2291 janua,
640 2260 704 2292 quo
728 2251 874 2289 strepitu

175 2310 293 2331 nemus
308 2302 476 2341 remugiat
494 2300 625 2332 ventis-⁷
671 2300 727 2330 Ita
744 2306 780 2330 ut
795 2303 875 2330 stre-

172 2352 244 2392 pitu
272 2355 307 2382 et
336 2352 491 2390 remugiat
526 2352 636 2382 ventis
673 2356 875 2391 repetantur

179 2401 240 2432 ἀπὸ
263 2402 375 2432 κοινοῦ.
421 2402 534 2442 Atque
552 2402 584 2431 id
602 2412 664 2441 ego
683 2402 818 2442 quidem
836 2411 875 2431 eo

176 2452 324 2482 libenter
339 2457 373 2481 et
394 2452 544 2482 studiose
569 2461 701 2487 moneo,
722 2457 757 2482 ut
776 2461 795 2481 a
811 2461 876 2491 quo

180 2502 312 2540 vuinus,
338 2501 380 2531 ab
411 2500 529 2531 eodem
561 2500 745 2530 remedium
776 2501 876 2531 etiam

180 2551 335 2582 videatur
351 2551 500 2581 allatum.
528 2550 620 2582 Nihil
635 2550 724 2580 enim
739 2549 772 2580 in
786 2550 878 2580 hisce

179 2602 286 2632 literis
310 2602 563 2633 delicatioribus
585 2611 733 2641 possum,
750 2601 776 2630 si
803 2610 879 2640 pos-

182 2662 253 2682 sum
270 2652 404 2693 aliquid,
416 2652 506 2694 quod
523 2662 589 2682 non
604 2652 675 2682 viro
690 2652 739 2682 illi
756 2651 878 2681 acutis-

182 2703 264 2733 simo
287 2703 420 2744 meique
446 2703 670 2734 amantissimo
699 2708 879 2743 acceptum

185 2753 309 2785 debeat
325 2753 458 2785 referri.
482 2755 564 2785 Dac-

272 2808 386 2846 Dclph.
402 2811 431 2838 et
452 2808 526 2839 Var.
544 2808 628 2839 Clas.

790 2807 903 2847 Pomp.
921 2807 1006 2838 Fest.

964 1290 977 1306 e
999 1285 1189 1326 Manducus]
1218 1284 1319 1315 Liber
1332 1283 1490 1324 antiquus
1506 1282 1619 1314 Fulvii

920 1336 1047 1374 Ursini,
1069 1337 1213 1368 manduci
1228 1336 1357 1378 effigies.
1380 1335 1491 1366 Locus
1516 1333 1620 1364 Plau-

922 1386 947 1417 ti
965 1387 1114 1418 Rudent.
1132 1395 1171 1417 11.
1188 1389 1219 1417 ὓ.
1243 1389 1252 1403 ⁴
1266 1386 1333 1416 CH.
1356 1384 1446 1417 Quid
1464 1384 1491 1414 si
1509 1383 1620 1424 aliquo

922 1436 963 1468 ad
994 1436 1089 1468 ludos
1118 1446 1172 1467 me
1203 1446 1263 1476 pro
1293 1435 1458 1466 manduco
1490 1435 1620 1465 locem?

922 1488 985 1519 LA‘.
1009 1488 1251 1528 Quapropter?
1276 1487 1344 1518 CH.
1362 1487 1452 1519 Quia
1465 1486 1621 1526 polclare

921 1538 1056 1578 crepito
1094 1536 1276 1568 dentibus:
1326 1537 1428 1567 Hunc
1465 1541 1619 1576 μορμολυ-

922 1590 1005 1619 κεῖον
1031 1589 1147 1620 Graeci
1178 1593 1309 1619 vocant.
1354 1588 1405 1617 De
1431 1597 1471 1618 eo
1499 1587 1622 1617 intelli-

923 1639 1051 1680 gendus
1071 1640 1126 1670 hic
1153 1640 1245 1670 locus
1270 1639 1445 1671 Juvenalis
1469 1639 1539 1669 Sat.
1566 1646 1624 1668 11¹.

923 1690 1148 1732 ‘tandemque
1172 1690 1263 1721 redit
1286 1689 1328 1720 ad
1353 1689 1484 1730 pulpita
1505 1692 1623 1720 notum

926 1742 1108 1779 Exodium,
1145 1751 1220 1771 cum
1267 1750 1419 1781 personae
1464 1739 1623 1780 pallentis

923 1793 1050 1823 hiatum
1082 1792 1121 1822 In
1158 1791 1284 1832 gremio
1316 1792 1435 1822 matris
1463 1790 1626 1821 formidat

925 1846 1069 1875 rusticus
1101 1843 1232 1875 infans.'
1276 1842 1366 1874 Vide
1389 1841 1560 1874 ‘Citeria’
1589 1846 1625 1873 et

922 1896 932 1912 ‘
949 1894 1113 1925 Petu-eia:
1137 1894 1236 1924 Idem.

967 1943 977 1965 f
997 1946 1108 1976 Manes
1124 1944 1199 1984 Dii]
1217 1943 1308 1975 Festi
1325 1943 1428 1974 verba
1446 1941 1565 1973 mutila
1582 1952 1624 1973 ex

926 1996 1025 2027 Pauli
1043 1996 1191 2035 epitome
1216 1995 1333 2025 sarciri
1350 1998 1490 2035 possunt
1507 1994 1625 2034 paucis

927 2047 1092 2085 exceptis.
1116 2046 1196 2076 Ant.
1213 2047 1300 2084 Aug.

971 2098 1081 2128 Manes
1093 2095 1164 2135 Dii]
1175 2096 1292 2126 Manes
1307 2105 1325 2125 a
1336 2104 1437 2132 mano,
1449 2094 1471 2124 i.
1481 2104 1509 2124 e.
1518 2094 1625 2132 bono3

927 2149 1015 2189 quod
1035 2148 1105 2178 boni
1122 2147 1200 2178 sint.
1246 2146 1314 2176 Alii
1333 2155 1391 2185 per
1409 2144 1627 2184 antiphrasim

930 2200 1008 2239 quia
1024 2199 1182 2228 immanes.
1218 2195 1506 2228 Priorsententiae
1524 2194 1628 2233 favet,

929 2249 1018 2291 quod
1042 2249 1062 2279 ii
1086 2247 1218 2279 Graecis
1241 2245 1393 2287 χρηστοίε
1417 2247 1439 2276 i.
1460 2245 1628 2276 honidicti

930 2306 1021 2332 sunt.
1066 2301 1110 2331 Et
1127 2310 1231 2330 manes
1249 2301 1360 2338 lingua
1373 2298 1550 2328 Sacrorum
1566 2306 1628 2337 pro

929 2352 1026 2390 mani,
1051 2357 1087 2381 ut
1113 2352 1122 2367 ‘
1138 2349 1270 2379 sacres’
1300 2359 1359 2389 pro
1386 2349 1395 2365 ‘
1414 2347 1526 2388 sacri‚’
1551 2346 1629 2386 ‘pa-

931 2402 1073 2440 trimes‚’
1104 2402 1112 2417 ‘
1132 2399 1323 2438 matrimes}
1356 2409 1415 2438 pro
1447 2397 1628 2438 ‘patrium'

930 2451 1120 2487 ‘matrimi,'
1146 2457 1180 2481 et
1206 2450 1267 2480 alia
1285 2451 1401 2481 multa.
1446 2450 1555 2480 Porro
1572 2449 1628 2488 qui

934 2502 1070 2540 proprie
1100 2501 1212 2530 Manes
1242 2499 1327 2529 dicti
1352 2498 1477 2529 fuerint
1508 2508 1630 2537 magna

932 2552 1022 2582 inter
1039 2550 1186 2581 eruditos
1209 2549 1350 2590 quaestio
1364 2548 1453 2587 fuit;
1478 2549 1550 2578 aliis
1565 2548 1631 2578 alia

933 2601 1216 2633 existimantibus.
1263 2600 1317 2630 De
1335 2599 1373 2630 iis
1394 2599 1499 2630 multa
1517 2599 1632 2639 Plato,

933 2654 1102 2693 Plotinus,
1128 2651 1347 2692 Porphyrius,
1366 2651 1521 2692 Proclus,
1535 2649 1629 2690 Apu-

934 2705 1029 2743 leius,
1057 2706 1121 2734 δερ.
1168 2701 1359 2734 Notandum
1397 2705 1509 2732 autem
1548 2700 1628 2731 illud

934 2754 1037 2785 Melae
1056 2754 1111 2784 lib.
1133 2763 1156 2783 1.
1179 2752 1188 2769 ‘
1203 2751 1361 2793 Auguae,'
1387 2751 1509 2793 inquit,
1533 2752 1541 2767 ‘
1557 2750 1629 2780 Ma-

1471 2807 1490 2834 2
1516 2804 1543 2833 Β
