1835 2906
251 125 335 172 212

253 236 569 279 Deblaterareq
601 237 671 275 est
693 235 823 277 stulte
847 235 983 289 loqui.

307 302 547 356 appellant.

250 369 586 417 Decalicatum,r
606 369 727 410 calce
749 368 893 409 litum.

691 136 842 171 SEXTI
876 139 1081 171 POMPEII
1116 138 1253 170 FESTI

1045 233 1161 275 Nam
1191 232 1340 274 Graeci
1361 231 1511 283 βλάκας
1533 233 1687 277 stultos

251 437 534 479 Decerminas
551 435 768 486 dicuntur,
789 450 889 490 quae
908 436 1193 489 decerpuntur
1214 435 1429 488 purgandi
1449 448 1600 476 causa.

248 504 437 546 Decima
457 503 670 557 quaequet
698 501 882 544 Veteres
904 503 1009 545 Diis
1032 504 1122 544 suis
1147 502 1401 544 offerebant.

249 572 441 612 Decotes
455 575 466 599 ³
491 573 605 622 togae
628 568 809 610 detritae.

246 639 514 691 Decrepitus
529 643 545 658 ⁰
561 641 631 677 est
652 636 914 689 desperatus
938 648 1112 690 crepera
1126 637 1221 690 jam
1242 637 1334 677 vita
1354 650 1363 675 :
1394 639 1441 676 ut
1457 648 1688 689 crepuscu-

300 705 404 753 lum,
421 708 659 745 extremum
675 703 764 744 diei
780 707 968 757 tempus.
1011 704 1114 745 Sive
1132 704 1382 757 decrepitus
1403 702 1564 751 dictus,
1581 703 1687 756 quia

299 775 477 825 propter
497 774 764 813 senectutem
785 784 865 811 nec
885 783 1058 812 movere
1081 784 1144 821 se,
1180 783 1258 811 nec
1281 770 1418 811 ullum
1440 770 1582 811 facere
1609 783 1687 824 po-

299 841 389 878 test
409 839 637 890 crepitum.

244 904 568 953 Deeultaruntff
590 903 717 945 valde
737 903 1026 944 occultarunt.

243 971 502 1012 Decumana
524 976 638 1012 ovay
673 970 893 1020 dicuntur,
923 975 967 1011 et
998 970 1230 1012 decumani
1258 970 1435 1021 fluctus,
1458 970 1562 1024 quia
1584 974 1685 1011 sunt

846 1099 1080 1111 Omme'

283 1180 301 1207 3
324 1177 332 1194 ‘
353 1177 390 1209 L.
406 1186 449 1207 m.
467 1175 563 1208 addit
578 1177 721 1217 Dacoees,
738 1178 953 1210 Decuriones)

999 1179 1073 1211 Ful.
1090 1179 1203 1210 Ursin.

892 1294 1029 1327 NOTAE

238 1366 343 1409 gere,’
367 1376 547 1407 peragere:
571 1367 580 1383 ‘
595 1367 808 1403 decalicare,’
830 1370 935 1399 omni-

238 1427 281 1448 no
299 1417 457 1453 calicare,
482 1417 575 1449 calce
603 1418 748 1448 illinire:
778 1420 786 1435 ‘
800 1418 935 1458 Depar-

236 1466 320 1502 cus,'
336 1466 434 1497 valde
448 1476 583 1506 parcus,
597 1467 685 1507 apud
697 1468 834 1499 Sueton.
853 1468 861 1484 ⁶
876 1468 933 1499 de-

235 1515 370 1555 foedus‚'
388 1516 485 1547 valde
507 1516 627 1548 foedus.
648 1518 725 1549 Cic.
750 1518 847 1550 Idem.

278 1573 293 1593 (ι
325 1567 542 1607 Deblaterare]
579 1567 667 1599 Vide
706 1569 930 1600 ‘Blaterarel

234 1616 332 1648 Idem.

277 1671 289 1687 ¹
311 1667 538 1707 Decalicatum]
561 1667 593 1698 A
614 1668 736 1700 Graeco
758 1668 859 1708 κάλιξ,
878 1679 931 1701 ca-

233 1716 293 1756 lix,
305 1718 730 1758 ‘calicare,’‘decalicare.'
754 1719 840 1751 Vide
855 1720 931 1751 ‘Ca-

233 1766 360 1798 licata.’
388 1769 486 1798 Idem.

275 1821 286 1836 ⁵
310 1817 513 1856 Decermina]
539 1817 773 1858 Purgationes
797 1820 839 1851 ad
862 1821 931 1860 pla-

234 1865 360 1897 candos
384 1867 477 1897 Deos
501 1866 573 1897 fieri
605 1868 728 1898 solitae.
773 1869 840 1900 Sed
867 1879 932 1900 non

233 1919 369 1946 constat
385 1916 549 1955 quomodo
564 1922 830 1957 peragerentur:
857 1929 932 1949 nam

235 1966 369 2005 proprie
395 1966 579 2002 decer-mina,
608 1966 650 1997 de
682 1965 855 1998 frondibus
887 1969 928 1999 ad

231 2014 444 2046 lustrandum
468 2015 652 2056 decerptis.
699 2017 743 2047 Et
759 2016 870 2048 forsan
887 2018 929 2049 dc

231 2065 272 2095 iis
294 2065 426 2095 Festus.
451 2065 548 2097 Idem.

274 2116 283 2134 2
307 2114 585 2155 Decimaquaeque]
599 2115 687 2146 Vide
702 2122 861 2157 quantum
875 2118 929 2157 ju-

231 2164 277 2194 ris
294 2164 462 2194 Barbarus
478 2164 533 2195 ille
549 2164 611 2195 sibi
628 2166 784 2197 sumserit
807 2167 839 2196 in
865 2167 927 2197 hoc

231 2213 306 2243 loco
337 2212 546 2244 mutilando:
585 2215 642 2245 uni
674 2216 763 2246 enim
796 2220 927 2246 tantum

232 2262 375 2293 Herculi
391 2264 453 2294 hoc
468 2262 584 2294 fiebat.
606 2264 675 2296 Jos.
695 2265 777 2296 Scal.

276 2313 420 2352 Decima]
464 2313 646 2354 Nunquam
692 2315 759 2355 legi
797 2315 928 2346 decima

234 2371 376 2401 quaeque
394 2364 466 2393 Diis
490 2363 605 2395 oblata
631 2363 746 2404 fuisse,
769 2366 828 2396 sed
856 2371 926 2396 tan-

233 2416 302 2442 tum
320 2412 473 2443 Herculi.
510 2413 624 2444 Plauti
641 2415 746 2445 Stich.
769 2416 779 2432 ‘
797 2415 854 2445 Uti
871 2415 928 2445 de-

232 2470 361 2492 cumam
390 2466 517 2500 partem
548 2463 688 2494 Herculi
716 2464 926 2503 polluceain.’

234 2511 321 2541 Nam
344 2511 432 2550 quod
455 2512 630 2544 Decimam
649 2514 774 2553 praedae
797 2519 927 2554 partem

234 2561 384 2600 Apollini
411 2567 521 2592 votam
551 2563 640 2602 apud
667 2565 795 2595 Livium
825 2565 926 2605 legas,

234 2611 297 2641 alia
314 2611 410 2649 plane
429 2620 480 2641 res
494 2617 553 2642 est.
578 2613 659 2644 Duc.

276 2666 289 2679 '¹
314 2661 512 2701 Dect-apicus]
541 2662 569 2691 A
597 2664 746 2704 lucei-im,
775 2666 825 2696 vel
850 2674 926 2696 cau-

989 1369 1079 1409 dela,
1107 1379 1181 1411 quae
1208 1369 1363 1401 ultimum
1390 1367 1547 1408 expirans
1575 1367 1685 1407 crepi-

990 1423 1060 1450 tum
1077 1419 1179 1450 edere
1192 1420 1290 1450 solet.
1335 1418 1412 1450 Hoc
1427 1418 1515 1449 enim
1545 1421 1597 1448 est
1619 1419 1687 1448 De-

988 1478 1150 1509 crepare:
1175 1473 1211 1500 ut
1237 1468 1328 1508 apud
1357 1468 1453 1499 Pers.
1481 1467 1684 1498 destertere.

987 1519 1197 1558 Decrepitus
1225 1529 1244 1549 a
1264 1517 1435 1548 veteribus
1452 1517 1598 1547 Graeciae
1616 1526 1685 1548 ma-

986 1569 1098 1608 gistris
1120 1568 1303 1608 exponstur
1322 1567 1501 1607 ὑπέργηρος,
1526 1569 1684 1604 τετυμβω-

985 1617 1086 1659 μένος,
1115 1618 1216 1658 ἑφθὸς,
1245 1618 1346 1658 ’γέρων
1371 1615 1595 1657 ταχυθάνατος.
1616 1617 1685 1647 Jos.

985 1667 1068 1699 Scal.

1031 1717 1235 1758 Decrepitus]
1272 1717 1336 1748 Cui
1367 1717 1438 1748 vita
1463 1726 1620 1757 crepera,
1646 1715 1682 1746 id
1716 1714 1724 1720 '

987 1773 1052 1808 est,
1067 1768 1183 1808 dubia,
1199 1773 1237 1799 ut
1253 1767 1502 1808 crepusculum,
1517 1766 1584 1797 diei
1601 1770 1686 1796 tem—

988 1828 1049 1858 pus
1065 1817 1215 1854 dubium,
1230 1818 1283 1849 vel
1300 1827 1318 1848 a
1331 1817 1460 1857 crepitu,
1475 1816 1561 1857 quod
1578 1824 1685 1847 senex

986 1869 1114 1899 nullum
1140 1867 1252 1899 facere
1275 1867 1444 1908 crepiturn
1475 1868 1598 1907 queat:
1623 1862 1684 1896 sed

987 1918 1095 1958 magis
1127 1919 1241 1958 placet
1269 1918 1435 1958 Scaliger,
1461 1916 1518 1957 qui
1541 1915 1589 1946 ait
1609 1923 1683 1946 esse

983 1967 1218 2007 metaphoram
1253 1977 1272 1998 a
1296 1967 1436 1998 lucerna
1461 1966 1514 1997 vel
1530 1963 1683 2002 candela,

983 2027 1057 2059 quae
1075 2017 1227 2049 ultimum
1241 2018 1398 2057 expirans
1414 2016 1580 2056 crepitum
1597 2014 1684 2045 solet

984 2067 1097 2098 edere.
1142 2067 1218 2098 Hoc
1241 2067 1328 2097 enim
1351 2070 1404 2097 est
1430 2067 1602 2103 dem-epure,
1634 2063 1682 2094 ul-

983 2118 1100 2148 timum
1112 2126 1269 2156 crepare,
1281 2121 1317 2147 ut
1330 2115 1416 2156 apud
1432 2115 1588 2146 Persium
1600 2114 1608 2130 ‘
1623 2113 1680 2144 de·

984 2166 1153 2205 stertere‚’
1174 2166 1208 2195 id
1223 2170 1287 2205 est,
1304 2170 1507 2206 postremum
1524 2168 1680 2195 stertere.

984 2216 1028 2246 Et
1046 2225 1085 2246 eo
1111 2224 1207 2246 sensu
1231 2214 1425 2255 decrepitus
1448 2215 1622 2253 eleganter
1645 2212 1680 2243 in

984 2265 1158 2296 Glossario
1177 2265 1358 2306 exponitur
1373 2264 1595 2298 ἐκπεπνευκὼς,
1612 2263 1680 2295 Qui

983 2315 1136 2346 ultimum
1153 2314 1269 2346 flatum
1287 2315 1358 2346 sive
1379 2315 1542 2356 crepitum
1557 2312 1680 2345 edidit.

985 2365 1066 2396 Dae.

1026 2419 1039 2434 Χ
1067 2414 1294 2455 Dacicum-unt]
1316 2415 1404 2446 Vide
1427 2413 1606 2446 ‘deactio.'
1629 2414 1679 2444 Id.

1025 2470 1036 2490 Υ
1073 2465 1253 2496 Decumum
1280 2466 1351 2505 ova]
1383 2465 1506 2495 Mirum
1537 2464 1678 2494 Veteres

984 2515 1097 2554 inepte
1115 2515 1298 2546 credidisse
1316 2524 1388 2556 quae
1411 2513 1526 2545 ordine
1548 2513 1679 2544 decima

982 2570 1180 2604 nascuntur,
1203 2575 1241 2596 ea
1260 2574 1330 2596 esse
1350 2565 1494 2596 omnium
1512 2564 1677 2601 inaxima;

982 2620 1019 2646 ut
1046 2615 1088 2645 de
1109 2614 1276 2646 fluctibus.
1320 2613 1421 2644 Ovid.
1443 2613 1548 2644 Trist.
1569 2613 1624 2644 lib.
1653 2622 1680 2644 1.

983 2665 1025 2696 el.
1037 2668 1086 2696 ll.
1102 2665 1112 2683 ‘
1127 2665 1193 2698 Qui
1211 2664 1300 2695 venit
1316 2663 1391 2695 hinc
1408 2661 1542 2702 fluctus,
1556 2661 1674 2694 fluctus
