1835 2906
374 128 436 157 DE
470 124 741 156 VERBORUM
776 120 1188 153 SIGNlFch'rioNE
1223 121 1316 152 LIB.
1350 120 1421 150 Xl.

1543 107 1629 150 439

180 221 377 263 Munusg
403 222 618 272 significat
637 219 841 266 officium,
864 230 965 258 cum
996 217 1156 257 dicitur
1187 217 1285 270 quis
1310 229 1404 256 mu·
1445 215 1626 268 [PAUL.

236 302 339 330 nere
359 288 476 339 fungi
495 302 504 328 :
533 288 647 329 Item
670 287 842 334 donum,
864 284 982 338 quod
1004 284 1138 325 officii
1160 297 1298 324 causa
1321 283 1462 325 datur.

182 354 435 397 Murciaeffih
480 356 590 396 Deae
624 355 838 395 sacellum
874 356 965 393 erat
993 353 1075 393 sub
1112 356 1257 392 monte
1281 351 1518 399 Aventino,
1555 349 1630 402 qui

238 428 365 464 antea
389 423 572 464 Murcus
593 423 853 464 vocabatur.

791 541 914 552 ““““

917 540 1017 551 “““

234 633 273 661 16
299 630 393 661 Veii.
406 629 488 660 libb.
508 629 652 664 Mur-tice,
669 634 705 660 et
722 627 811 660 infra
829 629 969 659 Murius.

838 749 978 781 NOTAE

181 830 232 856 tra
256 828 405 856 mentem
422 825 560 864 Plauti3
586 825 682 866 cnjus
707 824 810 855 verba
834 824 881 855 sic

181 875 264 906 mire
299 875 454 915 sapiunt:
490 877 541 906 Αιι
569 876 630 906 lieu
659 875 753 906 d'une
782 878 883 905 statue

180 925 262 966 d’or,
284 926 321 964 J'e
349 936 423 957 vous
445 926 576 957 eleveraz'
600 936 660 957 une
685 927 777 964 vigne
805 936 884 965 pum·

180 978 281 1008 servir
295 979 332 1008 de
349 982 523 1008 monument
544 981 563 1008 ὰ
580 977 666 1009 τῶι-ε
676 978 794 1017 gosier,
809 976 885 1008 c’est

182 1030 201 1057 ὰ
225 1028 306 1067 dire,
321 1030 340 1058 ἂ
365 1027 452 1058 vdtre
474 1029 662 1067 ivrognerz'e.
707 1028 885 1058 ‚Munimen-

182 1082 248 1109 tum
266 1089 325 1120 pro
341 1083 579 1110 monumentum.
625 1078 786 1119 Antique.
828 1078 885 1109 In-

183 1129 236 1160 fra
283 1130 436 1169 Scaliger
479 1130 629 1169 legebat,
667 1127 884 1170 morsificatios

183 1181 324 1219 frustra,
350 1186 386 1211 ut
413 1181 541 1221 optime
564 1180 754 1217 Meursius;
777 1178 887 1209 morti-

173 1231 287 1277 ficatio¹
324 1232 412 1261 enim
451 1241 469 1261 a
506 1234 652 1270 mertare,
692 1236 885 1261 conterere.

183 1282 281 1312 Idem.

226 1337 242 1359 g
268 1331 398 1371 Munus]
424 1331 510 1362 Vide
539 1330 623 1361 infra
651 1331 684 1361 iu
715 1329 783 1361 fine
811 1333 888 1370 post

182 1383 192 1399 ‘
211 1383 363 1423 inyrtea.'
409 1383 595 1423 Utramque
619 1382 768 1412 niuneris
785 1381 887 1420 signi-

184 1433 378 1464 ficationem
410 1433 586 1473 amplexus
614 1432 721 1462 Varro
750 1431 809 1462 lib.
837 1439 887 1460 iv.

185 1483 229 1514 ‹le
249 1484 284 1514 L.
294 1484 333 1514 L.
349 1484 414 1514 ‘Et
431 1482 675 1523 muuus‚quod‚
690 1486 807 1511 mutuo
821 1480 888 1511 ani-

187 1544 240 1563 mo
259 1534 420 1575 quisunt,
437 1533 518 1564 dant
537 1532 638 1564 officii
656 1543 770 1563 causa.
795 1531 889 1561 Alte-

188 1594 260 1614 rum
277 1593 410 1622 munus,
422 1584 509 1624 quod
528 1582 699 1614 muniendi
713 1592 813 1612 causa
830 1582 889 1612 im-

188 1640 359 1673 peratum,
376 1643 394 1663 a
412 1643 477 1672 quo
500 1634 602 1663 etiam
620 1633 819 1672 municipes,
835 1631 891 1672 qui

188 1693 254 1713 una
271 1693 389 1714 munus
405 1683 499 1722 fungi
517 1683 658 1722 debent,
671 1681 778 1713 dicti-¹
792 1683 891 1713 Idem.

233 1733 246 1753 ¹¹
269 1734 420 1774 Murciae]
454 1734 542 1764 Vide
573 1734 718 1764 Varron.
751 1732 809 1762 lib.
844 1742 893 1763 iv.

189 1786 231 1815 de
264 1786 363 1826 Ling.
388 1786 462 1816 Lat.
488 1790 522 1815 et
551 1784 730 1815 Plutarch.
757 1784 789 1813 in
818 1793 894 1823 pro·

191 1837 291 1867 blein.
310 1837 389 1867 Ant.
406 1835 494 1874 Aug.

234 1888 382 1928 Murciae]
409 1888 477 1918 Per
488 1898 503 1917 c
518 1887 690 1922 scribitur,
704 1896 778 1917 cum
793 1889 895 1916 antea

191 1948 252 1978 per
268 1942 281 1968 t
306 1939 523 1973 scriberetur,
541 1942 578 1968 ut
602 1937 648 1967 ait
675 1937 894 1967 Plutarchus.

191 1989 292 2020 Unde
310 1999 329 2019 a
345 1991 491 2028 murteta,
510 1987 600 2028 quod
618 1987 663 2017 ibi
688 1991 762 2017 erat
780 1986 894 2026 proxi-

191 2049 294 2078 mum,
319 2039 445 2069 dictam
473 2039 588 2068 volunt
612 2037 732 2073 Varro,
756 2036 896 2073 Plinius,

190 2096 226 2121 et
242 2090 445 2122 Plutarchus
470 2089 554 2129 ipse.
598 2088 829 2119 Tertullianus
852 2086 895 2116 de

191 2141 417 2181 spectaculis:
454 2140 626 2176 ‘Consus‚
661 2141 698 2168 ut
738 2137 898 2175 diximus,

193 2192 281 2231 apud
296 2196 402 2222 metas
414 2191 476 2221 sub
491 2195 582 2220 terra
597 2188 780 2219 delitescit.
802 2187 895 2217 Mur-

194 2242 251 2273 tiae
281 2251 412 2282 quoque
440 2240 566 2270 idolum
593 2238 686 2269 fecit.
733 2237 897 2268 Murtiam

193 2292 282 2322 enim
301 2292 410 2321 Deam
427 2290 547 2321 amoiis
561 2290 698 2320 volunt:
723 2288 776 2319 cui
793 2287 826 2317 in
840 2287 899 2316 illa

197 2347 293 2382 parte
333 2342 440 2372 aedem
480 2340 630 2371 vovere.'
666 2341 779 2379 Lege:
818 2339 899 2378 apud

194 2398 292 2424 metas
307 2393 362 2423 sul>
378 2396 462 2422 terra
473 2391 626 2422 delitescit
640 2391 792 2420 Murtias.
827 2390 899 2419 Has

195 2454 310 2484 qnoque
324 2442 536 2480 idolmnfecz'c.
571 2442 657 2471 Nam
675 2446 775 2470 metae
795 2440 899 2480 Circi,

197 2495 334 2526 Murtiae
349 2498 446 2523 meta‘
457 2493 679 2522 vocabantur.
709 2490 898 2528 Apuleius:

195 2546 204 2561 ⁴
222 2546 247 2575 si
265 2545 337 2586 quis
361 2554 380 2574 a
402 2542 480 2581 fuga
500 2541 686 2578 retrahere,
710 2541 762 2570 vel
787 2540 900 2570 occul·

195 2601 262 2625 tam
292 2594 526 2624 demonstrare
559 2592 687 2631 poterit
716 2590 899 2629 fugitivam

198 2646 285 2684 regis
302 2643 567 2681 filian1‚vem·ris
581 2643 754 2679 ancillam,
766 2642 902 2671 nomine

198 2695 368 2735 Psychen,
383 2694 561 2725 conveniat
575 2697 668 2724 retro
683 2698 790 2724 metas
808 2692 902 2722 Mur-

938 824 999 855 tias
1017 822 1224 854 Mercuriiim
1244 819 1531 862 praedicatorem.’
1555 820 1640 850 Var-

937 884 993 905 ro:
1020 875 1028 891 ‘
1048 874 1193 904 Intimus
1216 873 1337 904 Circus
1362 871 1402 901 ad
1422 871 1565 902 Murtim
1584 880 1640 901 vo-

938 924 1060 955 catus.'
1107 924 1179 954 Has
1204 927 1323 961 metas,
1347 923 1378 953 iu
1397 922 1515 953 eodem
1541 922 1641 960 libro,

940 975 1041 1015 paulo
1068 979 1160 1011 ante,
1175 974 1184 990 ‘
1200 974 1324 1014 primas
1351 976 1460 1003 metas
1473 970 1481 983 '
1499 980 1641 1002 vocave-

940 1030 992 1056 rat
1016 1025 1256 1055 Tertullianus.
1285 1024 1294 1040 ⁶
1313 1025 1358 1054 Et
1384 1022 1495 1058 nunc‚‘
1520 1022 1641 1062 inquit,

940 1077 949 1093 ‘
967 1086 1026 1107 ara
1046 1076 1156 1106 Conso
1175 1075 1223 1105 illi
1249 1075 1280 1104 in
1306 1073 1405 1105 Circo
1429 1071 1565 1103 defossa
1589 1077 1643 1102 est

941 1127 982 1158 ad
1011 1126 1136 1167 primas
1159 1128 1265 1155 metas
1292 1124 1352 1154 sub
1382 1125 1496 1153 terra)
1541 1121 1643 1154 Quod

939 1178 994 1208 hie
1018 1176 1180 1207 scribitur
1195 1175 1238 1205 de
1265 1179 1379 1204 monte
1403 1171 1585 1209 Aventino,
1601 1171 1644 1201 de

940 1228 1001 1257 hae
1030 1236 1064 1256 re
1092 1226 1140 1256 ita
1166 1225 1198 1255 in
1222 1223 1395 1254 veteribus
1421 1222 1645 1252 monumentis

941 1277 1099 1309 Danielis
1109 1276 1213 1307 nostri
1224 1275 1386 1314 scriptum
1403 1272 1525 1312 reperi.
1543 1273 1552 1288 ‘
1566 1271 1646 1301 Val-

943 1329 982 1359 lis
1000 1328 1085 1368 ipsa,
1098 1327 1155 1357 ubi
1169 1325 1346 1356 Circenses
1363 1323 1447 1354 editi
1465 1326 1556 1359 sunt,
1570 1321 1645 1351 ideo

944 1379 1080 1410 Murcia
1097 1378 1190 1408 dicta
1214 1380 1286 1406 est:
1312 1375 1388 1414 quia
1413 1373 1548 1414 quidam
1566 1371 1647 1402 vici-

944 1441 1022 1461 num
1058 1432 1206 1459 montem
1245 1426 1402 1457 Murcum
1438 1423 1647 1463 appellatum

946 1481 1082 1510 volunt:
1120 1478 1188 1515 alii,
1226 1475 1313 1517 quod
1351 1473 1466 1504 fanum
1504 1470 1648 1502 Veneris

945 1529 1174 1561 Verticordiae
1193 1527 1237 1558 ibi
1251 1526 1367 1561 fuerit,
1382 1525 1473 1555 circa
1486 1522 1573 1563 quod
1590 1530 1649 1551 ne-

945 1592 1018 1613 mus
1045 1579 1204 1612 murtetis
1229 1578 1397 1609 consitum
1426 1574 1561 1612 fuisset,
1588 1573 1649 1603 im-

947 1637 1078 1663 mutata
1099 1632 1200 1661 litera
1223 1628 1393 1660 Murciam
1417 1620 1650 1666 appellatam:

947 1684 1011 1713 &a
1035 1683 1103 1712 Jos.
1121 1680 1206 1711 Scal.

991 1732 1126 1761 Murcia?
1142 1727 1235 1767 Deae]
1254 1727 1331 1759 Hoc
1348 1731 1413 1764 est,
1426 1723 1569 1755 Murciae
1583 1722 1653 1753 Ve-

950 1784 1062 1814 neris:
1087 1787 1121 1812 et
1147 1789 1208 1820 per
1232 1789 1248 1809 c
1272 1777 1433 1809 sciibitur
1450 1785 1526 1806 curn
1551 1779 1653 1804 antea

950 1843 1012 1874 per
1043 1836 1056 1863 t
1088 1831 1308 1868 scriberetur,
1339 1827 1428 1858 unde
1460 1837 1479 1857 a
1507 1827 1653 1859 murteta,

949 1884 1039 1925 quod
1066 1883 1109 1914 ibi
1135 1886 1208 1912 erat
1234 1879 1433 1920 proximum,
1454 1877 1579 1907 dictam
1598 1885 1655 1905 vo-

949 1935 1035 1965 lunt.
1082 1933 1182 1963 Varr.
1208 1931 1265 1962 lib.
1292 1939 1344 1960 1v.
1369 1931 1378 1946 ‘
1399 1928 1452 1958 Ad
1478 1926 1657 1964 Min-tium,

950 1988 1015 2016 ἃς.
1035 1985 1089 2015 alii
1117 1993 1191 2014 esse
1209 1982 1326 2012 dicunt
1343 1990 1359 2010 a
1377 1983 1528 2009 murteto
1552 1976 1657 2007 decli-

951 2042 1068 2067 natum
1087 2046 1093 2064 ι
1119 2033 1272 2074 quodibi
1292 2031 1323 2061 id
1342 2031 1444 2060 fuerit
1462 2029 1559 2068 cujus
1584 2036 1657 2057 ves-

953 2086 1072 2125 tigium
1090 2080 1369 2122 manet,qnodibi
1382 2079 1542 2109 sacellum
1552 2077 1655 2106 eliam

952 2146 1040 2167 nunc
1059 2134 1200 2165 Murtiae
1220 2129 1385 2161 Veneris-⁹
1413 2130 1501 2160 Plin.
1518 2128 1574 2158 lib.
1593 2136 1657 2157 xv.

954 2197 1029 2227 cap.
1045 2188 1097 2217 29.
1123 2186 1131 2202 ‘
1150 2184 1221 2215 Ara
1244 2182 1308 2213 fuit
1336 2182 1452 2212 Romae
1477 2185 1573 2210 vetus
1591 2179 1658 2208 Ve-

953 2238 1044 2268 neris
1068 2236 1227 2269 Mun-tea»,
1253 2243 1352 2273 quam
1378 2240 1465 2261 nunc
1490 2228 1658 2260 Murciam

954 2286 1104 2318 vocant?
1152 2286 1193 2315 Et
1222 2285 1269 2314 ita
1300 2283 1431 2314 Plinius
1459 2286 1493 2311 et
1522 2280 1661 2310 Plutar-

955 2339 1038 2368 chus
1066 2338 1148 2377 ipse.
1193 2334 1423 2365 Tertullianus
1455 2331 1498 2361 de
1527 2334 1663 2370 specta-

956 2389 1059 2419 culis:
1079 2392 1087 2404 ‘
1101 2387 1244 2421 Consus,
1258 2390 1294 2414 ut
1312 2383 1470 2421 diximus,
1490 2380 1580 2421 apud
1595 2390 1662 2410 me-

957 2444 1007 2469 tas
1044 2437 1105 2467 sub
1144 2442 1235 2466 terra
1273 2432 1457 2464 delitescit.
1514 2429 1659 2461 Mnrciae

956 2497 1089 2529 quoque
1107 2486 1233 2516 idolum
1252 2483 1347 2514 fecit.
1394 2482 1556 2512 Murtiam
1570 2480 1660 2510 enixu

959 2540 1066 2569 Deam
1083 2536 1204 2567 amoris
1223 2535 1352 2570 volunt,
1370 2533 1423 2564 cui
1441 2533 1475 2563 in
1493 2533 1546 2563 illa
1565 2536 1662 2572 parte

957 2590 1064 2620 anem
1099 2587 1242 2618 vovere!
1286 2587 1398 2626 Lege:
1436 2585 1530 2625 Apud
1566 2588 1666 2614 metas

956 2640 1010 2671 sub
1026 2644 1110 2670 terra
1126 2637 1280 2668 delitescit
1299 2636 1450 2668 Murtias.
1499 2635 1569 2665 Has
1593 2643 1665 2673 quo-

958 2701 1012 2731 quc
1040 2689 1155 2720 idolum
1176 2688 1271 2726 fecit.
1320 2688 1406 2719 Nam
1431 2692 1529 2718 uictae
1556 2685 1662 2721 Circi,
