1835 2906
364 149 425 178 DE
460 147 728 177 VERBORUM
765 145 1177 176 SIGNIFICATIONE
1215 148 1308 178 Llss.
1344 147 1416 178 ΙΙΙ.

1531 139 1611 179 ‘201

232 245 398 297 generis
420 244 546 284 arbor
565 242 718 284 excisa
739 253 821 281 non
841 240 1103 292 renascitur3
1136 242 1250 282 sicut
1270 255 1325 282 ex
1350 246 1521 283 mortuo
1552 244 1614 282 ni-

230 313 288 352 hil
304 312 397 365 jam
418 315 484 351 est
504 309 768 364 sperandum
787 321 796 349 :
828 320 961 361 quam
989 308 1046 348 ob
1079 321 1258 350 causam
1280 311 1321 350 in
1344 311 1474 351 tutela
1497 310 1613 351 Ditis

228 380 369 433 patris
387 392 485 420 esse
508 378 760 432 putabatur.

172 447 291 489 Cura
306 453 319 469 Ε
350 447 470 488 dicta
488 450 568 495 est,
589 445 714 500 quasi
735 457 808 485 cor
827 443 927 485 edat
942 442 972 494 ;⁶
1003 443 1074 484 vel
1096 444 1199 497 quia
1218 457 1296 485 cor
1317 449 1428 487 urat.

171 516 409 557 Curatores
424 513 437 537 f
464 514 681 562 dicuntur,
722 512 795 566 qui
830 511 1015 565 pupillis
1057 511 1160 553 loco
1199 516 1391 553 tutorum
1425 514 1582 555 dantur
1600 531 1609 554 :

227 585 320 626 sive
352 584 431 634 illi,
455 584 531 637 qui
561 583 619 623 rei
650 580 959 629 frumentariae,
979 580 1147 632 agrisve
1168 580 1417 621 dividundis
1437 594 1612 635 praepo-

228 653 316 693 siti.

169 718 336 769 Curia,g
364 720 492 760 locus
524 722 606 767 est,
640 717 713 758 ubi
745 715 950 770 publicas
983 728 1108 757 curas
1136 716 1357 768 gerebant.
1420 715 1609 757 Calabra

769 833 1008 847 «,,,,.,,,.,,

206 887 226 914 6
253 884 318 915 Alii
336 885 456 915 coreda.

816 957 956 989 NOTAE

163 1048 232 1076 cra,
257 1037 332 1068 ideo
359 1042 394 1068 et
420 1035 554 1067 funebri
571 1036 666 1076 signo
682 1035 723 1066 ad
739 1035 854 1065 domos

161 1087 296 1129 posita.’
341 1087 473 1118 Novum
496 1092 608 1117 autem
624 1087 710 1117 hune
727 1095 853 1116 morem

160 1139 277 1179 fuisse,
301 1149 409 1180 neque
441 1144 510 1170 tam
536 1143 722 1177 vetustum,
753 1146 853 1178 quam

160 1197 259 1232 putat
272 1191 420 1230 Servius,
431 1191 483 1221 vel
497 1200 539 1220 ex
551 1199 590 1220 eo
601 1187 853 1229 apparet‚quod

160 1242 338 1282 peregrina
350 1246 423 1272 erat
436 1241 547 1279 arbor,
559 1248 701 1281 seroque
713 1239 852 1269 Romam

159 1292 304 1323 advecta
315 1291 391 1333 fuit,
408 1301 473 1323 non
491 1291 632 1322 multum
648 1294 726 1321 ante
751 1290 851 1320 Cato·

157 1342 208 1373 nis
225 1347 382 1374 aetarem:
409 1351 519 1383 neque
536 1342 622 1373 enim
648 1340 690 1372 de
717 1350 757 1371 ea
782 1345 849 1371 tam

157 1392 298 1424 verbose
315 1393 446 1424 locutus
467 1396 560 1423 esset
575 1392 673 1429 Cato,
697 1396 734 1422 nt
756 1395 852 1421 notat

156 1442 258 1474 etiarn
270 1443 417 1474 Plinius:
434 1442 575 1474 divitum
589 1447 701 1473 autem
720 1445 849 1472 tantum

155 1503 221 1524 non
247 1495 350 1525 etiam
377 1494 523 1526 omnium
548 1493 677 1525 aedibus
694 1493 848 1533 praeponi

154 1544 262 1575 solere
275 1550 396 1576 auctor
408 1545 585 1576 Lucanus:
610 1546 619 1562 ‘
634 1545 679 1576 Et
696 1553 761 1575 non
779 1544 849 1584 ple-

153 1594 245 1626 beios
263 1596 372 1627 luctus
389 1600 514 1627 testata
536 1595 739 1637 cupressus.'
784 1595 849 1627 Cu-

149 1645 210 1685 jus
241 1646 289 1676 rei
315 1656 449 1677 causam
477 1646 601 1677 nullam
629 1646 726 1677 aliam
754 1651 849 1685 puto,

153 1706 251 1736 quam
269 1697 443 1728 raritatem
471 1697 612 1736 arboris,
637 1696 725 1737 quod
752 1696 849 1727 initio

153 1748 254 1786 pauci
273 1748 305 1778 in
321 1748 410 1788 agris
427 1752 485 1778 aut
505 1747 594 1778 intra
616 1746 761 1778 urbanas
789 1747 847 1777 vil-

152 1798 201 1828 las
232 1807 304 1828 eam
335 1798 489 1830 arborem
518 1798 754 1829 instituebant.
777 1798 847 1828 Jos.

150 1848 232 1880 Scal.

197 1899 358 1941 Cupressi]
382 1900 516 1932 Servius
542 1900 584 1932 ad
612 1899 692 1931 illud
718 1908 773 1930 111.
791 1898 845 1929 ΙΕ-

151 1950 241 1981 neid.
265 1951 273 1967 ‘
293 1951 337 1982 Et
353 1950 474 1982 fronde
491 1955 654 1982 coronant
671 1948 848 1981 Funerea:

148 2001 157 2015 ‘
177 2000 342 2042 Romani,'
370 2001 491 2042 inquit,
519 2001 643 2032 ‘moris
668 1999 756 2038 fuit:
781 2003 845 2031 ἃς,

149 2050 203 2082 Ad
217 2051 304 2083 huuc
321 2061 445 2083 morem
462 2052 616 2083 alludens
636 2052 759 2083 Horat.
778 2050 845 2082 Od.

148 2104 201 2133 14.
215 2101 272 2134 lib.
286 2112 324 2133 11.
349 2103 357 2120 ‘
377 2103 499 2144 Neque
513 2103 642 2138 harum,
654 2112 737 2143 quas
750 2102 846 2142 colis,

148 2152 303 2183 arborum
315 2153 362 2184 Te
379 2158 507 2194 praeter
521 2153 646 2184 invisas
666 2161 845 2193 cupressos

148 2202 228 2234 Ulla
242 2202 379 2235 brevem
392 2203 561 2235 dominum
578 2201 763 2244 sequetur)
799 2203 843 2233 Et

147 2254 241 2293 Virg.
267 2254 323 2285 lib.
341 2263 391 2286 vr.
415 2259 423 2272 ‘
442 2255 580 2286 Ferales
604 2258 683 2285 ante
705 2263 843 2293 cupres-

147 2312 200 2334 sos
216 2304 458 2335 Constituunt.’
482 2304 589 2335 Porro
605 2313 669 2334 non
683 2303 844 2343 omnium,

146 2353 205 2384 sed
231 2353 389 2385 nobilium
414 2358 543 2386 tantum
568 2359 602 2385 et
626 2353 769 2385 divitum
792 2353 844 2384 fu-

146 2404 283 2435 neribus
311 2403 555 2436 adhibebatur:
588 2410 706 2436 auctor
734 2405 844 2436 Luca-

145 2465 226 2486 nus:
253 2455 261 2471 ‘
279 2456 323 2486 Et
339 2464 403 2485 non
422 2454 571 2495 plebeios
586 2455 700 2486 luctus
717 2459 843 2486 testata

145 2505 347 2547 cupressus.’
393 2505 498 2546 Cujus
530 2505 576 2536 rei
607 2514 744 2536 causam
769 2513 841 2535 esse

145 2562 245 2598 putat
279 2557 430 2598 Scaliger
479 2556 653 2587 raritatem
699 2553 839 2594 arboris,

144 2609 231 2650 quod
256 2609 363 2648 initio,
380 2609 478 2649 paulo
501 2612 581 2638 ante
604 2612 759 2646 tempora
775 2607 838 2637 Ca-

144 2660 352 2700 tonis,pauci
370 2660 402 2690 in
417 2659 506 2699 agris
520 2663 577 2689 aut
591 2657 681 2689 iutra
693 2657 838 2688 urbanas

144 2710 238 2741 villas
255 2720 327 2742 eam
345 2711 499 2742 arborem
510 2710 743 2742 instituebant.
757 2709 838 2739 Dae.

952 1038 965 1053 θ
991 1033 1090 1073 Cura]
1114 1032 1209 1064 Idem
1237 1033 1346 1064 Varro
1374 1032 1433 1064 lib.
1459 1042 1490 1064 v.
1514 1034 1522 1050 ‘
1541 1034 1606 1065 Cu-

909 1093 984 1114 rare
1016 1093 1035 1114 a
1064 1093 1159 1122 cura,
1185 1093 1266 1114 cura
1296 1083 1385 1124 quod
1417 1093 1476 1114 cor
1506 1084 1606 1115 urat.5

909 1134 1005 1165 Idem
1015 1134 1172 1173 Servius;
1190 1134 1327 1174 proprie
1345 1139 1455 1165 autem
1472 1144 1546 1165 curo
1562 1134 1605 1165 de

908 1192 1033 1215 amore.
1051 1184 1145 1224 Virg.
1160 1185 1170 1201 ‘
1189 1184 1236 1215 At
1264 1185 1382 1225 regina
1405 1185 1496 1225 gravi
1517 1185 1606 1225 jam-

908 1233 1033 1266 dudum
1051 1236 1166 1266 saucia
1183 1235 1290 1268 cura.'
1312 1236 1421 1267 Item:
1445 1236 1454 1252 ⁴
1471 1242 1530 1267 tua
1548 1246 1605 1267 cu-

906 1295 943 1316 ra
968 1286 1132 1327 Lycoris.'
1175 1286 1326 1327 Scaliger
1351 1297 1368 1318 a
1390 1286 1477 1328 κόρος
1504 1287 1606 1318 satie-

906 1342 955 1368 tas
978 1346 1093 1368 curam
1117 1336 1242 1368 dictam
1268 1342 1389 1378 putat:
1413 1337 1472 1369 sed
1499 1337 1604 1378 magis

907 1389 1021 1429 placet
1038 1397 1113 1420 esse
1130 1398 1149 1419 a
1165 1387 1265 1428 κόρειν
1289 1398 1449 1430 purgare,
1467 1393 1503 1420 ut
1527 1398 1604 1429 pro-

906 1440 977 1480 prie
1015 1440 1055 1471 ad
1094 1440 1239 1472 nitorem
1270 1441 1390 1472 domus
1420 1441 1603 1482 pertineat.

905 1491 949 1523 Et
964 1490 1013 1522 ita
1029 1492 1128 1523 Voss.
1141 1492 1239 1523 Idem.

948 1541 960 1561 f
982 1542 1166 1582 Curatores]
1188 1543 1330 1573 Tutores
1350 1541 1520 1581 dicuntur,
1544 1541 1602 1582 qui

903 1593 1135 1634 impuberibus
1152 1592 1288 1627 dantur,
1313 1592 1369 1633 qui
1391 1602 1427 1623 se
1445 1601 1506 1632 per
1521 1596 1603 1622 aeta-

905 1650 972 1676 tem
996 1644 1179 1676 defendere
1203 1653 1266 1674 non
1292 1648 1446 1683 possunt,
1467 1646 1601 1673 curato.

904 1705 957 1726 res
974 1705 1066 1734 vero,
1082 1695 1139 1736 qui
1163 1693 1331 1726 tutoribus
1355 1692 1542 1724 succedunt
1566 1697 1601 1724 et

903 1745 1029 1777 dantur
1067 1745 1263 1786 puberibus.
1311 1745 1354 1775 Et
1390 1744 1463 1775 haec
1493 1744 1602 1775 voluit

902 1797 1035 1837 Festus,
1051 1806 1126 1828 cum
1144 1796 1192 1827 ait
1214 1800 1389 1827 curatores
1412 1795 1486 1825 loco
1511 1799 1601 1825 tuto-

900 1857 973 1878 rum
991 1847 1129 1887 pupillis
1156 1846 1264 1878 datos.
1308 1845 1375 1876 Ubi
1404 1853 1443 1875 eo
1466 1853 1600 1875 errasse

900 1896 1145 1939 videtur‚quod
1163 1895 1363 1937 puberibus,
1377 1904 1443 1927 non
1461 1895 1599 1936 pupillis

900 1948 1077 1980 darentur.
1130 1948 1219 1979 Nam
1251 1956 1293 1978 ex
1326 1946 1415 1986 juris
1452 1945 1599 1978 formula

900 2003 994 2031 tutor
1018 1998 1183 2040 pupillum
1209 1997 1372 2038 puberem
1389 1995 1517 2028 factum
1544 1997 1601 2028 ad·

900 2050 1070 2090 monebat,
1084 2055 1121 2081 ut
1137 2049 1201 2081 sibi
1225 2053 1416 2080 curatorem
1440 2052 1598 2079 sumeret.

897 2101 1023 2132 Tamen
1041 2105 1140 2132 extra
1160 2099 1283 2130 erroris
1301 2099 1408 2129 aleam
1432 2098 1499 2129 erit
1515 2098 1596 2128 Fes-

898 2155 964 2190 tus,
991 2151 1019 2181 si
1046 2150 1196 2181 dicamus
1228 2148 1431 2189 pupillorum
1460 2147 1594 2178 nomine

897 2201 1041 2242 puberes
1075 2199 1254 2241 aliquando
1289 2198 1388 2228 etiam
1418 2197 1597 2237 contineri,

896 2252 983 2293 quod
1009 2260 1124 2282 verum
1148 2259 1223 2281 esse
1248 2249 1373 2287 sciunt,
1390 2247 1495 2288 quiin
1513 2247 1594 2287 jure

896 2303 1021 2334 versati
1039 2307 1128 2333 sunt.
1145 2301 1243 2332 Idem.

937 2360 953 2382 g
979 2352 1091 2392 Curia]
1125 2350 1225 2384 Quod
1266 2350 1313 2381 ait
1350 2348 1481 2380 additas
1518 2358 1592 2380 esse

894 2405 1054 2446 quinque,
1072 2408 1108 2434 ut
1132 2403 1166 2433 in
1192 2411 1250 2432 sua
1267 2401 1407 2442 quisque
1431 2401 1525 2432 curia
1541 2410 1593 2432 sa-

891 2465 949 2486 cra
969 2454 1106 2495 publica
1121 2452 1264 2492 faceret,
1279 2457 1344 2491 est,
1361 2451 1394 2482 ni
1411 2450 1523 2488 fallor,
1540 2453 1591 2483 vel

892 2505 1101 2542 mendosum,
1119 2503 1171 2534 vel
1196 2502 1327 2534 falsum.
1372 2502 1470 2535 Licet
1486 2503 1590 2534 verbo

893 2554 1172 2594 Centumviralia‚
1188 2562 1304 2586 xxxv.
1328 2554 1438 2584 curias
1451 2554 1587 2584 easdem

893 2615 980 2644 esse,
999 2604 1170 2635 existimet
1198 2602 1326 2634 tribus:
1351 2602 1438 2643 quod
1467 2608 1588 2634 contra

894 2657 1119 2687 Romanarum
1152 2663 1263 2685 rerum
1298 2654 1492 2685 memoriam
1522 2659 1585 2686 est.

894 2705 1085 2738 Videndum
1101 2709 1164 2741 est,
1180 2713 1221 2735 an
1238 2708 1330 2735 recte
1346 2704 1494 2736 amoveri
1510 2713 1587 2745 pos‘,
