1835 2906
228 100 312 141 432

680 109 829 139 SEXTI
865 109 958 139 POM
969 109 1067 138 PE11
1102 108 1237 139 FESTI

286 205 397 245 libro
419 204 562 256 primo
581 205 878 257 quaestionum
897 203 1229 257 epistolicarum
1246 202 1391 244 refert.
1435 202 1679 245 Maximam

286 271 466 311 multam
502 270 709 312 dixerunt
743 273 868 312 trium
896 270 1079 311 millium
1101 274 1146 311 et
1165 270 1323 322 viginti
1352 269 1541 311 assium:
1573 272 1679 324 quia

286 350 374 378 non
395 338 559 380 licebat
586 338 808 392 quondam
839 337 1041 390 pluribus
1068 337 1243 389 triginta
1262 337 1422 386 bobus,
1445 341 1489 378 et
1510 337 1680 378 duabus

284 405 443 446 ovibus
464 418 715 460 quenquam
737 405 937 445 multari:
966 404 1356 458 aestimabaturque
1384 405 1467 445 bos
1499 409 1676 445 centus-

290 473 427 522 sibus,
449 474 546 515 ovis
567 474 847 515 decussibus.

233 539 542 584 Multifacereh
581 541 753 590 dicitur,
792 541 907 581 sicut
933 539 1245 592 magnifacere,
1271 544 1316 580 et
1351 539 1461 581 Par·
1499 539 1679 592 [PAUL.

286 608 490 651 vifacere.

286 689 372 729 que
392 676 650 729 pudicitiam
671 674 918 715 multifacit.

552 608 694 650 Cato:
728 606 890 660 Neque
921 607 1066 656 fidem,
1094 619 1232 660 neque
1256 606 1582 661 jusjurandum,
1602 621 1675 648 ne-

980 674 1113 724 Quod
1129 674 1286 716 merito
1304 675 1360 716 ab
1381 688 1464 716 usu
1484 676 1678 720 recessit,

288 745 394 797 quia
429 743 700 797 quantitas¹9
730 754 907 782 numero
942 755 1031 783 non
1062 742 1322 792 aestimatur,
1357 755 1435 784 nec
1464 742 1684 783 desiderat

291 810 627 851 multitudinem.

240 875 528 918 Multifacere³
550 876 713 932 antiqui
733 875 919 917 dicebant
952 875 1058 916 sicut
1092 876 1398 930 magnifacere,
1421 880 1465 917 et
1520 877 1685 930 [FEST‚

287 958 379 999 par.
413 976 422 985 .

239 1012 305 1052 M.

1059 944 1165 985 tiam
1187 943 1240 984 de
1263 943 1493 998 pudicitia.

819 1110 826 1117 .
889 1079 1037 1119 ntitas.

823 1151 1023 1186 neturnu.
1457 1179 1466 1186 .
1584 1177 1594 1185 .

237 1212 554 1255 Multisariamk
578 1213 784 1255 dixerunt
806 1213 994 1266 antiqui,
1026 1213 1146 1266 quod
1181 1214 1388 1255 videlicet
1421 1215 1463 1254 in
1510 1214 1686 1267 [PAUL.

290 1281 437 1322 multis
459 1281 570 1322 locis
590 1281 671 1321 fari
691 1284 885 1334 poterat:
919 1280 964 1320 id
988 1283 1071 1329 est,
1097 1280 1201 1321 dici.

240 1348 515 1390 Mummiana
536 1346 750 1390 aedificia²
773 1361 799 1388 a
820 1347 1035 1389 Mummio
1058 1348 1193 1390 dicta.

847 1464 968 1477 oooooo

971 1466 1092 1478 eeeeee

280 1547 319 1575 19
346 1545 411 1576 Pro
430 1545 590 1585 quantitas
607 1545 750 1585 conjicit
768 1544 853 1575 Dae.
870 1546 1016 1585 qualitas.

893 1630 1037 1663 NOTAE

238 1716 280 1745 ge
307 1705 448 1737 Ateria'
474 1706 589 1747 (qnam
608 1706 790 1746 Tarpeiam
815 1706 939 1737 alicubi

241 1761 340 1786 vocat
355 1755 492 1796 Festus)
508 1757 516 1773 ‘
532 1756 708 1787 constituti
723 1762 802 1786 sunt
819 1757 849 1786 in
860 1765 939 1787 oves

240 1806 388 1846 singulas
402 1807 476 1836 ceris
490 1806 579 1844 deni,
597 1807 629 1837 in
647 1807 746 1837 boves
765 1807 840 1837 aeris
862 1816 938 1837 een-

243 1856 325 1887 teni.
342 1855 486 1886 Minima
496 1857 602 1886 muita
611 1857 743 1886 estovis
754 1855 876 1886 unius.’
888 1857 938 1886 Id.

282 1904 295 1923 *¹
320 1905 536 1945 Multifacere]
555 1905 602 1935 Ut
616 1906 710 1945 parvi
725 1905 849 1945 facere,
860 1905 938 1937 ssoe-

241 1954 272 1985 ci
300 1953 428 1993 facere,
455 1957 519 1985 &c-
564 1955 631 1986 Sed
659 1965 724 1987 non
753 1956 852 1987 video
879 1966 939 1987 cur

237 2004 321 2035 iliud
346 2005 468 2035 merito
492 2005 535 2035 ab
562 2015 620 2036 usu
647 2007 824 2038 recessisse
847 2007 940 2038 dicat

239 2055 374 2093 Festus,
393 2054 481 2095 quod
506 2056 676 2096 quantitas
700 2067 766 2087 non
792 2058 939 2088 aestime-

241 2109 296 2135 tur
312 2114 463 2141 numero,
480 2106 574 2145 quasi
593 2116 670 2136 vero
688 2108 861 2147 quantitas
875 2116 940 2137 non

239 2155 307 2184 alia
336 2156 382 2185 sit
408 2156 570 2186 continua
596 2155 637 2185 ab
666 2155 829 2187 discreta.
874 2157 940 2187 Sed

239 2203 331 2235 forte
346 2214 408 2245 pro
423 2206 581 2245 quantitas
595 2206 851 2237 rescribendum
867 2217 939 2247 qua-

245 2255 329 2285 litas.
354 2254 463 2286 Idem.

287 2304 541 2346 iMultifa...]
570 2307 622 2337 Ex
653 2307 802 2347 epitome
831 2307 941 2345 Pauli,

241 2355 344 2385 verbo
373 2355 577 2396 multifacere,
602 2357 677 2387 haec
700 2358 809 2388 onmia
840 2356 940 2389 facile

242 2405 491 2445 intelliguntur.
516 2406 596 2438 Ant.
612 2407 699 2445 Aug.

286 2456 547 2496 Mammam...]
572 2457 622 2487 Ex
645 2457 825 2497 scripturae
843 2458 942 2489 vesti-

243 2505 306 2543 giis
324 2506 428 2536 videri
456 2508 560 2546 possit
588 2508 660 2538 haec
686 2508 719 2538 in
744 2508 809 2539 duo
827 2509 943 2549 capita

244 2552 347 2584 fuisse
357 2555 474 2586 divisa.
522 2558 565 2587 Et
577 2557 688 2588 forsan
702 2558 837 2589 confusa
852 2564 942 2598 sunt,

244 2612 316 2642 quae
328 2602 370 2634 de
383 2608 391 2619 ‘
403 2605 634 2639 inultifariam'
647 2609 777 2648 scripta
792 2608 940 2642 fueraut.

1000 1706 1100 1736 Prius
1118 1709 1221 1746 caput
1239 1706 1286 1736 ita
1303 1715 1344 1735 ex
1366 1705 1521 1736 schedis:
1547 1705 1690 1742 Multisn-

996 1767 1061 1787 cere
1078 1757 1198 1796 antiqui
1213 1756 1353 1786 dicebant
1377 1757 1456 1786 sicut
1473 1756 1691 1793 magnifacere,

994 1807 1069 1838 item
1084 1810 1113 1837 et
1135 1805 1344 1846 parvifacere,
1361 1805 1449 1836 testis
1470 1809 1515 1835 est
1540 1805 1587 1835 M.
1613 1806 1691 1835 Cato

995 1858 1027 1887 in
1043 1866 1077 1887 ea
1093 1866 1184 1896 quam
1199 1856 1324 1895 scripsit
1340 1859 1446 1886 contra
1462 1856 1502 1890 Q.
1520 1855 1692 1885 Minucium

995 1907 1158 1937 Thermum
1177 1906 1213 1936 de
1234 1916 1267 1936 ae.
1293 1905 1486 1936 hominibus:
1522 1905 1629 1945 Neque
1647 1904 1691 1946 fi·

993 1959 1075 1995 dem,
1092 1966 1186 1996 neque
1203 1956 1438 1995 jusjurandum,
1457 1965 1550 1996 neque
1573 1955 1691 1995 pudici·

995 2009 1072 2038 tiam
1086 2007 1302 2044 multifacitis:
1314 2008 1392 2047 quod
1402 2007 1523 2046 quidem
1534 2007 1642 2037 merito
1655 2006 1692 2035 ab

995 2068 1051 2088 usu
1073 2057 1214 2095 recessit,
1236 2057 1309 2096 quia
1324 2067 1384 2087 non
1399 2057 1573 2087 aestimatur
1588 2066 1691 2087 nume-

996 2118 1029 2138 ro
1055 2107 1228 2147 quantitas,
1254 2116 1310 2137 nec
1336 2107 1490 2137 desiderat
1515 2107 1689 2137 multitudi-

996 2167 1075 2195 nem,
1087 2167 1141 2187 nec
1155 2157 1329 2187 continetur
1344 2166 1477 2187 numero.
1522 2156 1692 2197 Sequeba-

998 2213 1063 2242 tur,
1080 2208 1210 2247 opinor,
1226 2206 1442 2244 multifariam,
1470 2211 1506 2237 ut
1531 2207 1562 2237 in
1591 2206 1690 2238 Pauli

997 2259 1156 2298 epitome.
1185 2258 1268 2288 Dac.

1040 2306 1053 2327 Ι(
1087 2307 1316 2348 BIultifariam]
1356 2308 1553 2339 Graecorum
1582 2308 1691 2339 imita-

999 2357 1089 2388 tione
1124 2356 1324 2396 πολυφάτως,
1357 2356 1499 2397 διφάτως,
1527 2357 1692 2397 τριφάτως,

998 2406 1406 2446 multifariam‚difariam‚
1418 2406 1593 2438 trifariam.
1611 2407 1693 2437 Var-

998 2466 1034 2488 ro
1052 2462 1060 2474 ‘
1075 2455 1246 2488 totfariam
1260 2456 1281 2487 :¹
1310 2457 1319 2473 ‘
1337 2457 1377 2488 Iu
1395 2456 1566 2488 totfariam
1583 2456 1692 2488 locis.'

996 2510 1065 2539 Jos.
1081 2509 1163 2540 Scal.

1038 2559 1045 2578 ¹
1069 2560 1264 2590 Mummiam
1281 2559 1430 2600 aedificia]
1467 2559 1493 2588 A
1514 2558 1688 2596 Mummio,

998 2610 1054 2651 qui
1071 2610 1268 2642 Corinthum
1285 2610 1400 2643 diruit.
1425 2610 1524 2645 Mem.
