1835 2906
205 119 292 160 330

652 131 806 161 SEXTI
841 132 1048 162 POMPEII
1084 133 1223 163 FESTI

206 225 368 278 ingens
382 224 397 247 ¹¹
430 226 589 268 dicitur
611 228 805 281 augendi
827 228 1162 278 consuetudine,
1183 234 1234 270 ut
1264 229 1516 280 inclamare,
1538 230 1660 272 invo-

263 307 363 334 care
380 308 389 334 :
412 294 516 347 quia
536 296 649 336 enim
671 309 778 349 gens
808 296 968 350 populi
985 301 1054 337 est
1069 296 1334 349 magnitudo,
1350 298 1567 350 ingentem
1586 312 1661 351 per

262 362 632 414 compositionem
655 363 859 414 dicimus,
893 364 1009 418 quod
1030 364 1248 415 significat
1269 365 1396 406 valde
1414 378 1631 417 magnum.

206 427 456 481 Ingluviesi
478 443 505 471 a
524 431 626 483 gula
648 431 767 472 diota
785 444 795 472 ε
817 431 921 472 hinc
943 435 985 472 et
1002 431 1290 484 ingluviosus,
1311 435 1353 472 et
1374 432 1511 484 gluto,
1542 432 1660 486 gulo,

262 497 422 549 gumia,
443 503 605 551 guttur,
628 504 810 551 guttus‚⁷
833 500 1118 550 gutturiosus,
1139 503 1181 540 et
1201 496 1433 541 curculio.¹⁵

206 563 443 614 Inhibere,¹
459 565 671 619 jungere‚8
694 566 774 607 sed
796 566 949 607 melius
972 567 1190 608 cohibere.

206 630 416 686 Inigerem
436 646 591 687 pecus,
612 646 753 687 agere,
774 634 820 675 id
840 637 921 684 est,
943 633 1125 675 minare.

819 753 1055 766 ΟΜΝΙΝΟΟ

246 831 265 858 7
290 829 424 868 Legunt
440 830 531 862 Scal.
546 835 583 862 et
597 832 687 864 Dae.
706 835 831 873 guttur,
851 834 1050 872 gluttus.—8
1075 832 1272 874 Legendum
1289 837 1389 874 putat
1403 833 1494 865 Scal.
1511 833 1633 873 inigere

207 870 264 902 alii
282 871 455 911 injungere.

868 962 1013 995 NOTAE

249 1033 263 1053 ¹¹
288 1034 419 1075 Ingens]
442 1034 495 1067 Ab
521 1037 554 1067 in
581 1038 747 1078 epitatico
771 1044 806 1071 et
821 1049 909 1079 ξένιε,

206 1085 298 1126 qnasi
316 1086 404 1126 quod
424 1086 455 1116 in
479 1087 625 1120 Gentem
644 1088 800 1122 sufficiat.
839 1089 908 1121 Sed

209 1136 320 1175 potius
336 1137 446 1175 ingens
460 1140 554 1178 quasi
570 1140 682 1170 incens.
723 1141 775 1172 Ab
792 1142 823 1172 in
841 1142 909 1181 pri-

208 1186 322 1217 vativo
341 1193 375 1217 et
390 1197 505 1219 censeo.
542 1190 642 1222 Quod
663 1196 793 1223 tantum
811 1193 855 1223 sit
874 1196 911 1224 nt

209 1237 340 1267 censeri
357 1246 421 1268 non
440 1239 556 1278 possit.
592 1241 636 1271 Et
663 1242 737 1281 plns
764 1252 836 1273 esse
864 1243 911 1273 ἰη-

204 1296 284 1326 gens
306 1297 405 1328 quam
423 1298 578 1329 magnum
602 1291 729 1322 indicat
746 1292 836 1323 locus
852 1293 912 1323 Te·

207 1342 295 1369 rent.
325 1339 476 1370 Ennucli.
510 1341 519 1356 ‘
539 1341 681 1381 Magnas
709 1352 788 1373 vero
811 1352 912 1383 agere

209 1388 335 1428 gratias
353 1390 454 1421 Thais
473 1391 565 1430 mihi,
581 1392 768 1432 Ingentes.’
802 1394 911 1426 Quem

210 1440 332 1471 Cicero
363 1441 537 1473 adducens
567 1442 598 1473 in
630 1444 758 1483 Laelio3
798 1446 912 1476 ‘Satis

210 1490 308 1529 erat,'
340 1491 462 1531 inquit,
495 1494 729 1533 ‘respondere
761 1504 912 1534 magnas,

208 1540 366 1581 ingentes
382 1542 503 1582 inquit.
527 1543 669 1583 Semper
687 1550 787 1585 auget
801 1555 913 1576 assen-

209 1592 294 1622 tatio
312 1591 344 1622 id
361 1592 449 1633 quod
468 1594 508 1632 is,
525 1594 622 1634 cnjus
640 1594 679 1625 ad
701 1596 912 1627 voiuntatem

210 1642 350 1682 dicitur,
367 1644 438 1674 vult
454 1653 526 1674 esse
544 1645 726 1685 magnnm.'
751 1646 848 1677 Idem.

250 1693 258 1713 ἰ
282 1693 455 1734 ingluvies]
493 1695 597 1734 Lego,
627 1699 752 1735 guttur,
779 1698 911 1735 gluceus.

210 1745 438 1783 Glossarium,
451 1750 458 1761 ¹
476 1746 629 1785 Gluttus‚
642 1746 806 1787 βρόγχος.’
831 1749 913 1779 Per-

209 1796 299 1825 sius:
332 1796 432 1827 ‘Nec
464 1797 574 1836 glutto
604 1797 742 1828 sorbere
773 1799 912 1830 salivam

212 1845 471 1876 mercurialem.'
494 1847 563 1877 Jos.
579 1848 663 1878 Scal.

246 1896 421 1935 Ingluvies]
432 1896 622 1929 Voracitas.
633 1897 812 1937 ἀδηφαγίαν
821 1900 915 1930 Grae·

211 1947 241 1977 ci
275 1951 410 1981 vocant,
441 1956 460 1977 a
488 1948 575 1987 gula,
604 1948 698 1988 quasi
728 1949 913 1988 ingnluries.

210 1997 310 2028 Unde
338 1998 427 2036 gulo,
459 1997 605 2036 gluttus‚
636 1999 757 2037 glutto,
789 2004 916 2039 guttur,

211 2049 435 2088 gutturiosns.
473 2048 587 2078 Gumia
610 2058 690 2079 vero
714 2058 778 2079 uon
797 2059 813 2079 a
828 2051 916 2088 gula,

212 2104 248 2129 nt
274 2099 345 2129 vult
372 2099 505 2136 Festus,
529 2098 587 2128 sed
614 2109 632 2129 a
659 2099 784 2129 Graeco
808 2099 918 2139 γόμος,

213 2149 301 2190 qnod
318 2148 489 2189 significat
505 2147 654 2188 πλήρωμα
666 2150 721 2185 τῆς
732 2150 815 2185 νεὼς,
829 2149 917 2190 ἕρμα,

212 2200 395 2230 Saburram
422 2200 532 2230 Latini
563 2205 698 2237 vocant,
730 2201 854 2241 quique
880 2211 915 2232 se

213 2251 289 2281 cibo
304 2250 401 2281 nimis
419 2250 683 2289 ingurgitarent,
708 2250 756 2280 ita
773 2250 856 2281 dicti
873 2251 915 2282 ab

214 2307 315 2340 eo,ut
332 2308 367 2331 et
391 2302 479 2341 apud
508 2301 668 2332 Plautum
693 2305 817 2332 saturae
844 2312 915 2333 mu-

217 2353 317 2382 lieres
337 2363 354 2382 a
378 2352 521 2390 saburra,
541 2352 714 2383 saburram
740 2359 916 2384 vocantur.

216 2402 255 2433 In
272 2403 381 2434 verbis
401 2403 491 2434 Festi
509 2412 570 2443 pro
585 2406 710 2442 guttas,
732 2404 807 2443 lege
829 2404 917 2443 glut-

214 2457 275 2483 tus.
310 2453 392 2483 Pars
417 2453 495 2483 colli
521 2462 586 2493 qua
602 2453 697 2484 cibus
716 2454 916 2485 transmitti-

216 2508 283 2542 tur,
300 2502 431 2533 Graecis
446 2502 595 2542 βρόγχος.
620 2504 665 2534 Et
681 2504 729 2534 ita
751 2504 915 2545 Scaliger.

216 2554 303 2584 Dae.

261 2603 274 2623 k
301 2603 464 2643 Curculio]
498 2604 567 2635 Pro
597 2605 768 2645 Gurgulio,
790 2615 863 2636 nam
886 2608 916 2638 G

218 2658 253 2685 et
282 2654 308 2684 C
340 2653 440 2684 facile
467 2659 714 2693 permutantur.
763 2656 917 2695 Gurgulio

218 2709 330 2736 autem
356 2704 466 2745 gulam
492 2703 660 2744 significat
686 2706 782 2746 quasi
803 2716 919 2746 gurges

960 1041 1057 1078 guloe,
1079 1039 1138 1070 sed
1168 1048 1347 1080 perperam
1375 1037 1408 1069 in
1431 1046 1514 1069 voce
1539 1037 1663 1069 Graeca

965 1089 1122 1120 Latinum
1152 1094 1292 1131 etymon
1315 1089 1470 1126 rimatur,
1500 1092 1552 1119 est
1574 1088 1662 1119 enim

961 1141 1108 1179 gurgulio
1125 1150 1143 1171 a
1159 1140 1281 1171 Graeco
1297 1140 1488 1179 γαργαρεὼν,
1504 1148 1542 1169 αα
1566 1138 1601 1169 in
1620 1149 1661 1169 ιιιι

966 1197 1000 1222 et
1016 1202 1032 1221 r
1050 1192 1084 1222 in
1101 1193 1111 1222 l
1127 1191 1278 1223 mutatis.
1304 1192 1402 1223 Idem.

1008 1241 1016 1262 ¹
1034 1242 1192 1283 Inhibere]
1214 1241 1361 1273 vidend.
1374 1240 1495 1272 Cicero
1510 1239 1570 1270 lib.
1582 1247 1665 1270 xm.

968 1294 1009 1324 ad
1028 1293 1197 1325 Atticum.
1221 1293 1300 1324 Ant.
1314 1292 1403 1332 Aug.

1011 1344 1170 1384 Inhibere]
1210 1343 1387 1382 Retinere,
1418 1341 1592 1373 retrahere
1623 1340 1665 1371 ab

968 1394 1106 1434 incepto
1123 1403 1226 1434 opere
1251 1394 1303 1424 vel
1333 1402 1443 1424 cursu.
1479 1396 1487 1408 ⁴
1506 1391 1666 1422 Inliibere

968 1453 1087 1474 navem
1101 1442 1110 1456 '
1131 1448 1184 1474 est
1207 1443 1377 1473 contraria
1402 1451 1569 1473 remorum
1591 1451 1667 1482 per-

968 1494 1122 1526 cussione
1140 1495 1212 1535 ejus
1228 1495 1392 1535 impetum
1408 1503 1474 1524 non
1491 1494 1597 1524 solnm
1617 1502 1667 1524 re-

969 1544 1118 1583 tardare,
1135 1544 1192 1575 sed
1210 1544 1276 1575 alio
1293 1548 1461 1575 avertere.
1486 1543 1606 1575 Cicero
1624 1543 1665 1574 ad

970 1595 1125 1627 Atticum
1146 1605 1232 1626 xnl.
1267 1595 1275 1611 ‘
1294 1594 1454 1625 Inliibere
1471 1593 1552 1624 illud
1571 1599 1666 1625 tunm

968 1645 1056 1685 qnod
1097 1645 1196 1676 valde
1235 1645 1407 1684 arriserat,
1452 1644 1667 1674 veliementer

967 1695 1126 1736 displicet
1145 1705 1153 1733 3
1184 1699 1236 1726 est
1268 1695 1355 1725 enim
1387 1693 1526 1725 verbum
1558 1699 1667 1724 totum

968 1747 1154 1786 nauticum,
1172 1755 1363 1787 quanquam
1381 1744 1413 1775 id
1430 1744 1565 1786 quidem
1583 1745 1666 1776 scie-

967 1796 1058 1836 bam,
1083 1796 1143 1827 sed
1173 1796 1363 1827 arbitrabar
1382 1795 1539 1826 sustineri
1557 1805 1667 1826 remos

968 1858 1042 1878 cum
1061 1846 1211 1878 inhibere
1227 1852 1341 1877 essent
1356 1845 1615 1886 remigesjussi:
1633 1845 1666 1876 id

971 1909 1037 1930 non
1064 1909 1137 1930 esse
1162 1897 1329 1939 ejusmodi
1353 1897 1455 1928 didici
1483 1897 1566 1931 heri,
1588 1896 1668 1927 dnm

971 1950 1011 1980 ad
1027 1950 1136 1980 villam
1151 1955 1298 1980 nostram
1313 1949 1404 1979 navis
1419 1948 1668 1988 appelleretur3

969 2010 1034 2030 uon
1064 2001 1153 2030 enim
1184 2000 1364 2037 sustinent,
1396 1998 1454 2028 sed
1480 1998 1545 2028 alio
1568 1996 1668 2027 modo

972 2049 1159 2089 remigant.'
1182 2049 1220 2080 In
1237 2049 1345 2079 verbis
1360 2047 1452 2078 Festi
1467 2047 1669 2087 projungere

972 2101 1127 2140 Scaliger
1142 2099 1323 2137 legendum
1344 2098 1535 2138 suspicatur
1551 2097 1670 2136 inigere

973 2151 1026 2181 cui
1051 2150 1256 2181 contrarium
1278 2148 1416 2187 exigere,
1441 2147 1461 2178 i.
1487 2147 1633 2187 pecudes
1651 2157 1669 2178 e

972 2200 1113 2231 stabulis
1130 2199 1285 2230 educere.
1325 2198 1394 2229 Alii
1410 2197 1582 2236 injungere.
1613 2197 1670 2228 Sic

971 2250 1150 2281 ‘inhibere
1175 2249 1352 2290 imperium
1366 2248 1374 2261 '
1400 2247 1488 2288 apud
1508 2248 1669 2279 Plautum

971 2301 1003 2332 in
1035 2300 1198 2332 Baccliid.
1222 2305 1256 2330 et
1283 2300 1388 2330 Stich.
1422 2298 1513 2338 apud
1539 2298 1669 2330 Livium

972 2351 1028 2383 lib.
1044 2361 1100 2382 ιιι.
1119 2357 1154 2382 et
1170 2350 1226 2382 lib.
1242 2359 1381 2381 xxxni.
1406 2351 1489 2381 Dac.

1013 2407 1036 2422 ¹¹¹
1059 2402 1202 2442 Inigere]
1227 2401 1338 2432 Varro
1354 2401 1396 2432 (le
1415 2401 1464 2431 Re
1479 2401 1576 2432 Rust.
1592 2410 1667 2442 cap.

971 2457 1002 2486 2.
1019 2454 1038 2484 l.
1055 2463 1079 2484 1.
1111 2454 1120 2470 ‘
1136 2453 1176 2483 In
1190 2453 1361 2484 nutricatu
1377 2461 1452 2483 cum
1468 2460 1586 2491 parere
1604 2461 1670 2483 coe-

973 2508 1110 2545 petunt,
1141 2504 1273 2544 inigunt
1296 2503 1328 2533 in
1356 2501 1488 2533 stabula
1517 2511 1568 2541 ea,
1594 2512 1667 2542 quae

971 2554 1099 2585 liabent
1113 2552 1154 2583 ad
1169 2562 1241 2583 eam
1259 2562 1328 2583 rem
1343 2549 1497 2582 seclusa.’
1522 2550 1590 2582 Pro
1608 2552 1667 2582 im*-

970 2615 1044 2643 gere
1059 2607 1193 2634 veteres
1210 2601 1406 2635 scribebant
1421 2601 1545 2633 inicere.
1572 2602 1669 2634 Varr.

974 2657 983 2673 ⁸
1002 2655 1207 2695 Carpentum
1220 2649 1388 2685 iniceret.'
1413 2649 1511 2682 Idem.
