1835 2906
375 115 436 145 DE
471 111 743 144 VERBORUM
780 108 1189 141 StGNlFch'rloNE
1225 108 1318 138 Llss.
1352 108 1403 137 X.
1542 97 1625 139 351

232 210 302 250 ἀπὸ
324 212 386 258 τῆς
407 207 617 265 λατςίας.“7
677 206 739 247 At
760 218 872 247 nunc
894 204 1063 245 viarum
1087 203 1343 243 obsessores
1357 209 1371 229 Ε
1400 202 1627 253 dicuntum

233 277 350 330 quod
372 290 398 317 a
416 277 548 317 latere
569 275 836 321 adoriuntur,
859 271 926 312 vel
956 269 1074 324 quod
1098 270 1276 310 latenter
1298 263 1570 311 insidiantur.

177 344 405 386 Latumias
419 342 435 364 ¹¹
468 355 527 383 ex
548 342 726 391 Graeco,
748 344 790 381 et
815 338 1007 380 maxime
1028 350 1054 378 a
1089 337 1398 390 Syracusanis,
1423 338 1497 391 qui
1519 338 1630 378 lato-

236 412 346 452 mias
365 414 409 451 et
436 410 674 464 appellant,
707 414 752 449 et
780 407 944 448 habent
974 405 1027 447 ad
1060 406 1194 446 instar
1227 406 1434 454 carceris,
1457 418 1513 445 ex
1535 404 1632 458 qui-

234 480 322 520 bus
342 478 454 519 locis
478 478 619 519 excisi
640 480 744 518 sunt
764 473 940 528 lapides
960 474 1017 514 ad
1040 471 1352 514 exstruendam
1374 473 1541 512 urbem.

180 544 382 586 Laudare
400 543 409 567 i
431 545 682 598 ponebatur
702 541 817 596 apud
841 541 1045 594 antiquos
1068 553 1145 594 pro
1167 539 1409 580 nominare.

182 606 479 654 Laverniones
502 612 619 652 fures
641 610 808 664 antiqui
831 609 1050 658 dicebant,
1086 607 1207 662 quod
1238 607 1320 647 sub
1351 607 1491 647 tutela
1520 606 1633 647 ‚Deae

242 677 482 721 Lavernaek
517 686 677 723 essent,
710 679 755 719 in
782 678 910 732 cujus
938 677 1038 717 luco
1063 677 1254 717 obscuro
1292 673 1530 728 abditoque
1566 685 1636 713 so-

793 806 909 818 eeeeee

913 805 1029 816 tttttt

228 899 267 928 17
291 897 486 938 Legendnm
512 901 627 928 monet
655 897 742 928 Dae.
768 896 828 928 ἀπὸ
850 896 907 927 τοῦ
934 895 1050 935 λάτρου
1073 905 1090 925 ιι
1113 895 1192 933 stipe
1212 904 1221 925 ε
1244 892 1344 924 etita
1361 892 1424 924 viri
1445 891 1636 923 doeth—18

186 939 265 971 Vet.
291 940 348 972 tib.
365 940 453 981 apud
472 940 585 971 Ursin.
601 939 774 972 Latumz'w.

842 1037 982 1068 NOTAE

189 1123 308 1144 nomen
345 1112 438 1152 fecit,
475 1113 522 1144 sic
559 1113 639 1153 stips
672 1112 885 1153 stipatorum.

190 1165 276 1196 Nam
294 1168 329 1194 et
345 1164 528 1204 stipatores
545 1164 630 1195 dicti
647 1168 737 1194 sunt.
776 1163 887 1193 Varro

190 1213 249 1244 lib.
262 1223 311 1245 vr.
337 1214 421 1244 Dae.

233 1272 248 1293 ἕ
262 1267 308 1297 At
323 1277 402 1297 ηιιηι·
414 1267 536 1297 viarum
552 1264 736 1305 obsessores]
758 1264 887 1295 Tamen

191 1318 301 1349 Varro
318 1317 376 1348 lib.
391 1326 441 1348 vr.
456 1318 618 1348 Latrones
636 1316 739 1347 etiam
758 1315 889 1356 promi-

191 1367 307 1398 litibus
335 1377 353 1398 a
376 1368 482 1398 latere
508 1367 615 1398 dictos
639 1367 784 1407 putavit,
813 1364 891 1406 quia

192 1418 317 1448 circum
349 1417 459 1448 latera
486 1422 604 1448 essent
636 1416 720 1457 regi.
765 1416 889 1446 Festus

193 1478 272 1498 vero
300 1478 359 1508 pro
385 1467 520 1505 gemina
552 1467 689 1498 notione
720 1466 890 1505 geminum

194 1519 286 1549 vocis
303 1524 438 1559 etymon
466 1522 679 1548 commentus
712 1521 778 1547 est.
824 1515 892 1546 Sed

194 1568 322 1600 frustra
339 1574 494 1610 uterque.
542 1567 752 1598 Obsessores
765 1566 894 1596 viarum

194 1621 341 1650 latrones
357 1619 454 1656 dieti,
474 1619 551 1659 quia
565 1618 596 1648 id
611 1618 736 1648 milites
747 1616 893 1647 condue-

197 1670 263 1701 titii
280 1669 502 1709 factitabant,
518 1668 573 1709 qui
590 1668 740 1699 latrones
758 1666 895 1707 proprie

198 1720 283 1751 dicti
301 1723 391 1751 sunt.
417 1720 516 1750 Idem.

240 1770 254 1790 ¹¹
279 1770 456 1810 Latumias]
480 1770 518 1800 L.
535 1779 578 1800 m.
602 1767 809 1799 Lautumias.-
840 1776 898 1797 an-

198 1822 296 1863 tiqua.
343 1820 517 1851 scribendi
565 1819 822 1857 consuetudine,
861 1823 899 1849 ut

204 1870 442 1903 ‘Laumedon’
467 1880 526 1912 pro
556 1872 564 1888 ‘
580 1869 797 1902 Laomedon.'
824 1870 898 1901 Ful.

207 1922 315 1953 Ursin.

245 1972 427 2013 Latumz'as]
452 1973 542 2004 Loca
568 1971 656 2002 unde
681 1971 813 2012 lapides
841 1980 898 2001 ex-

203 2023 461 2062 scindebantur,
487 2024 519 2053 in
549 2031 623 2062 quae
641 2021 790 2051 damnati
808 2021 900 2052 noxii

203 2082 303 2103 manu
326 2082 385 2103 sna
415 2072 546 2112 lapides
576 2070 796 2111 effodiebant,
812 2071 901 2102 unde

205 2128 239 2152 et
258 2131 317 2161 pro
344 2131 463 2152 carcere
482 2115 672 2160 sumuntur,
687 2121 791 2151 ducto
806 2130 825 2151 a
841 2120 901 2161 Sy-

206 2173 375 2203 racusanis
390 2182 494 2212 more,
506 2171 627 2214 quibus
637 2181 792 2203 carceres
805 2177 903 2202 erant

206 2223 367 2254 Latomiae.
410 2223 520 2253 Varro
550 2222 608 2252 lib.
633 2231 682 2252 Vl.
715 2222 864 2252 ‘Carcer
885 2231 905 2252 a

207 2272 410 2312 coercendo,
441 2273 530 2314 quod
556 2274 648 2304 exire
670 2272 904 2313 prohibentur.

210 2323 253 2354 In
271 2324 344 2363 boc,
369 2333 448 2363 pars
475 2333 551 2364 quae
578 2323 639 2354 sub
663 2327 755 2354 terra
781 2323 905 2354 Tullia-

211 2384 303 2411 num,
338 2373 415 2404 ideo
446 2374 536 2414 quod
568 2374 717 2404 additum
745 2383 764 2403 a
793 2374 906 2404 Tullio

211 2433 313 2464 rege:
339 2423 429 2464 quod
452 2422 715 2463 Syracusis,ubi
741 2423 837 2453 simili
864 2423 907 2454 de

211 2485 309 2506 causa
318 2474 566 2514 custodiuntur,
579 2478 739 2504 vocantur·
750 2473 908 2509 latomiae,

214 2530 250 2556 et
275 2525 316 2555 de
348 2524 485 2555 latomia
512 2524 712 2555 translatum
739 2522 830 2563 quod
856 2523 910 2554 hic

218 2584 351 2616 quoqne
384 2574 571 2615 lapicidinae
601 2572 763 2604 fuerunt.’
810 2573 910 2603 Lato-

215 2626 291 2656 miae
319 2625 462 2663 λατομίαι
490 2635 508 2656 a
531 2623 601 2663 λὰς,
625 2624 712 2664 lapis
743 2628 777 2654 et
801 2622 912 2662 τέμνω,

217 2675 325 2706 caedo.
370 2677 422 2707 De
438 2675 598 2707 Latomiis
619 2675 912 2714 Plaut.Capt.111.

942 1116 973 1143 5.
997 1116 1005 1128 ⁴
1019 1110 1105 1142 Inde
1124 1110 1185 1140 ibis
1204 1118 1304 1149 porro
1327 1108 1360 1138 in
1388 1106 1543 1137 latomias
1559 1106 1644 1146 lapi-

943 1161 1065 1200 darias,
1084 1160 1136 1190 Ibi
1150 1169 1248 1200 quom
1269 1163 1410 1188 octonos
1441 1156 1495 1187 alii
1509 1155 1642 1196 lapides

943 1211 1122 1250 effodiant,
1158 1210 1233 1242 Nisi
1276 1208 1491 1250 quotidianus
1533 1207 1645 1247 sesqui

943 1274 1026 1303 opus
1058 1261 1249 1294 confeceris
1277 1259 1552 1300 Sexcentoplago
1587 1267 1644 1288 no-

944 1324 1020 1344 men
1038 1313 1176 1344 indetur
1193 1311 1275 1343 tibi.¹
1300 1311 1382 1342 Dae.

987 1363 994 1384 i
1016 1363 1176 1403 Laudare]
1197 1362 1393 1393 Nominare.
1419 1359 1646 1400 Plaut.Capt.

948 1421 954 1433 ⁸
969 1415 1090 1448 Joveni
1119 1423 1309 1454 supremum
1329 1416 1447 1443 testem
1462 1411 1560 1442 laudo
1575 1410 1646 1441 He-

947 1466 1023 1506 gio.'
1066 1464 1155 1495 Vide
1171 1464 1330 1495 Nonium.
1356 1463 1453 1493 Idem.

990 1515 1004 1536 k
1021 1514 1190 1555 Lavernae]
1214 1516 1402 1545 Lavernam
1432 1510 1575 1543 Romani
1599 1509 1648 1540 fn-

949 1577 1003 1599 res
1022 1566 1263 1607 precabantur,
1288 1569 1325 1595 ut
1346 1564 1504 1594 instituta
1529 1571 1599 1599 sua,
1615 1566 1650 1591 et

950 1617 1092 1649 consilia
1116 1615 1251 1647 furandi
1269 1625 1307 1646 ac
1324 1613 1510 1645 mentiendi
1538 1611 1646 1643 fortu-

950 1673 1059 1700 naret.
1104 1667 1247 1697 Plautus
1262 1664 1516 1696 Coruicnlaria:
1541 1663 1550 1679 ‘
1564 1662 1649 1693 Mihi

951 1720 1107 1750 Laverna
1125 1718 1156 1748 in
1170 1716 1267 1747 furtis
1284 1714 1484 1746 celebrassis
1509 1711 1651 1743 manus.’

954 1768 1082 1799 Horat.
1107 1767 1115 1783 ‘
1131 1766 1280 1797 Pulchra
1318 1765 1471 1795 Laverna
1496 1764 1549 1794 Da
1573 1762 1652 1792 milii

952 1817 1094 1849 fallere.'
1130 1816 1184 1846 Sic
1199 1814 1446 1846 Graecieodem
1464 1813 1563 1844 modo
1580 1822 1654 1843 ora-

953 1869 1035 1899 bant
1051 1867 1111 1904 τὴν
1124 1865 1306 1906 Πραξιδίκην
1316 1870 1353 1896 ut
1366 1864 1505 1896 consilia
1518 1862 1652 1894 furandi

955 1917 997 1948 ad
1015 1916 1175 1948 effectum
1194 1916 1409 1957 perduceret.
1441 1915 1525 1945 Erat
1541 1918 1653 1944 autem

954 1979 995 2000 ea
1026 1969 1102 1999 Dea
1128 1971 1259 1998 tantum
1284 1971 1400 2006 caput,
1424 1965 1496 1996 sine
1521 1964 1652 2004 reliquo

956 2029 1111 2059 corpore.
1158 2018 1288 2049 Glossae
1306 2018 1527 2048 Graecorum:
1552 2017 1651 2054 Πραξ-

957 2068 1048 2107 ιδίκη,
1071 2066 1198 2106 δαίμονά
1211 2066 1280 2098 τινά
1295 2073 1384 2106 φασι,
1407 2066 1466 2103 τὴν
1481 2066 1583 2105 ὥσπερ
1604 2062 1655 2095 τέ·

957 2126 1013 2151 λος
1042 2119 1229 2149 ἐπιτιθεῖσαν
1247 2118 1311 2148 τοῖς
1333 2129 1368 2147 τε
1391 2115 1584 2155 λεγομένοις,
1606 2113 1655 2144 καὶ

958 2167 1188 2210 πραττομένοις·
1211 2167 1257 2198 διὸ
1278 2166 1328 2198 καὶ
1351 2167 1390 2198 τὰ
1415 2165 1584 2205 ἀγάλματα
1607 2176 1659 2196 κε-

959 2220 1063 2261 φαλὰς
1082 2219 1230 2258 γίνεσθαι,
1244 2217 1294 2249 καὶ
1311 2216 1352 2248 τὰ
1385 2217 1525 2255 θαύματα
1539 2214 1661 2254 ὁμοίως.

960 2272 1073 2303 Quare
1092 2274 1185 2300 recte
1209 2268 1418 2299 Glossarium
1434 2278 1441 2297 :
1465 2268 1474 2284 ⁶
1490 2267 1659 2303 Laverna,

960 2319 1145 2361 Πραξιδίκη.’
1191 2319 1323 2350 Glossae
1341 2317 1482 2348 Isidorit
1510 2318 1519 2334 ⁴
1535 2316 1660 2347 Laber-

962 2382 1018 2411 na,
1031 2369 1223 2412 gladiator!
1247 2373 1254 2386 ‘
1270 2368 1438 2407 Laberna,
1449 2366 1660 2398 ferramenta

962 2418 1517 2460 1a11·0num,ve1grassatorum‚vel
1527 2416 1658 2448 furum?

963 2478 972 2491 ⁶
986 2473 1151 2507 Laberna,
1167 2471 1266 2509 latro,
1283 2475 1340 2499 aut
1357 2468 1413 2510 qui
1429 2467 1514 2499 filios
1532 2468 1659 2498 alienos

966 2521 1123 2554 seducit!
1182 2520 1287 2551 Vides
1326 2520 1525 2560 plagiarium
1556 2519 1659 2550 mani-

965 2572 1055 2604 festo
1096 2570 1210 2602 vocari
1246 2569 1449 2600 Lavernam.
1496 2568 1594 2601 Quod
1627 2573 1661 2599 et

968 2624 1135 2655 Ausonius
1159 2621 1326 2654 intellexit
1343 2631 1419 2653 cum
1437 2620 1479 2652 de
1496 2620 1660 2661 plagiario

967 2674 1129 2705 bonorum
1159 2672 1341 2703 carminum
1372 2670 1439 2702 ait:
1467 2671 1563 2701 ‘Nec
1589 2669 1660 2709 jam
