1835 2906
401 113 463 142 nn
496 108 772 140 vnssssoRUM
807 105 1219 138 smNiFicATmNE
1254 106 1349 137 ΜΒ.
1382 105 1497 136 xm.
1587 94 1674 137 539

273 211 496 251 maximus
518 207 721 262 quisque.
782 202 1011 246 Maximus
1041 200 1214 243 videtur
1236 200 1355 251 Rex,
1383 200 1542 242 deinde
1566 200 1675 242 Dia-

274 279 348 328 lis,
378 282 480 332 post
500 276 613 317 hunc
638 273 878 321 Martialis,
913 274 1072 326 quarto
1103 269 1205 310 loco
1233 268 1490 320 Quirinalis,
1518 269 1676 322 quinto

276 345 485 388 Pontifex
508 344 764 385 Maximus:
794 342 946 396 itaque
968 338 1014 380 in
1034 336 1253 379 conviviis
1273 337 1394 378 solus
1418 336 1521 378 Rex
1541 348 1679 389 supra

275 427 427 457 omnes
455 414 672 455 accubat:
696 411 774 453 sed
798 409 944 452 Dialis
966 419 1103 461 supra
1118 405 1150 430 ¹⁸
1175 405 1442 456 Martialem,
1462 408 1507 446 et
1529 403 1681 455 Quiri·

275 483 447 534 nalem3
479 481 705 523 Martialis
728 492 864 535 supra
889 477 1157 532 proximum,
1190 486 1342 516 omnes
1361 479 1394 506 ¹9
1424 473 1522 514 dein
1544 484 1682 526 supra

277 550 570 594 Pontificem:
604 550 723 599 Rex,
746 549 853 604 quia
872 545 1206 602 potentissimus
1224 557 1234 586 :
1255 542 1417 592 Dialis,
1439 539 1568 596 quia¹
1584 541 1683 582 uni-

278 620 393 662 versi
431 618 588 660 mundi
642 617 866 667 sacerdos,
907 615 985 670 qui
1016 613 1268 669 appellatur
1299 611 1418 654 Dius
1440 614 1509 654 :20
1559 608 1684 650 Mar-

277 688 418 740 tialis,
449 686 572 742 quod
605 686 729 728 Mars
764 683 1007 728 conditoris
1038 682 1162 724 urbis
1195 693 1381 737 parens:
1425 677 1685 730 Quirinalis,

279 757 402 799 socio
423 755 597 811 imperii
613 759 639 777 ¹¹¹
671 753 868 797 Romani
891 751 1081 795 Curibus
1106 750 1252 792 ascito
1278 748 1495 801 Quirino:
1528 746 1687 788 Ponti·

277 826 356 867 fex
378 825 625 874 Maximus,
658 823 777 878 quod
801 822 947 877 judex
971 824 1104 875 atque
1136 819 1295 861 arbiter
1324 817 1512 859 habetur
1543 827 1687 856 rerum

279 893 529 936 divinarum
548 893 944 945 humanarumque.

224 963 390 1015 Oreae‚¹¹
412 962 534 1013 freni,
551 961 675 1016 quod
697 962 763 1003 ori
784 960 1048 1002 inseruntur.
1108 955 1303 998 Titinius
1319 954 1366 996 in
1388 953 1566 995 Setina:
1588 956 1634 993 et
1650 951 1690 992 si

281 1032 459 1081 tacebit,
495 1035 640 1072 tamen
673 1029 880 1084 gaudebit
912 1027 998 1070 sibi
1029 1025 1225 1081 permitti
1257 1036 1400 1067 oreas.
1462 1020 1652 1064 Naevius
1675 1025 1687 1043 ¹

281 1102 326 1142 in
349 1099 568 1142 Hariolo:
602 1097 828 1154 Deprandi
851 1101 996 1139 autem
1026 1095 1203 1137 leonis⁰
1239 1092 1382 1135 obdas
1403 1103 1546 1133 oreas.
1577 1088 1691 1130 Cato

839 1217 919 1231 Μ
922 1215 1085 1231 θθθθθθθθ

270 1313 309 1342 18
327 1309 472 1344 Quidam
490 1309 547 1341 lib.
565 1310 756 1350 stipem—19
779 1306 845 1339 Vir
860 1306 955 1338 doct.
978 1305 1012 1336 in
1025 1314 1129 1345 marg.
1148 1304 1202 1336 ed.
1217 1302 1307 1336 Scal.
1324 1300 1469 1343 conjicit
1484 1300 1606 1331 ii.-20
1632 1298 1695 1331 Ed.

226 1354 316 1387 Scal.
334 1354 507 1386 Dium—1
529 1352 616 1385 Ead.
633 1351 687 1385 ed.
706 1351 852 1394 permitti
866 1359 962 1382 oreoe:
989 1353 1018 1381 et
1038 1348 1178 1380 Naevius.

892 1477 1034 1513 NOTAE

273 1569 280 1589 ¹
302 1570 409 1602 Dialis
423 1570 511 1612 quia]
534 1571 659 1613 Inepte
683 1572 830 1604 Festus:
855 1569 936 1601 Dia-

228 1620 269 1652 lis
287 1621 368 1663 quia
391 1622 487 1655 Jovis
509 1623 669 1655 sacerdos
696 1622 757 1655 ἀπὸ
779 1622 835 1654 τοῦ
850 1620 935 1654 Διός.

230 1672 330 1704 Idem.

273 1728 295 1743 ¹¹¹
321 1723 500 1760 Quirinalis
513 1725 594 1757 socio
610 1725 750 1768 imperii]
774 1724 806 1757 A
823 1724 937 1760 Quiri-

231 1784 288 1813 no,
303 1775 337 1807 id
355 1781 420 1815 est,
437 1778 594 1817 Romulo,
610 1779 668 1820 qui
695 1778 857 1812 Quirinus
882 1787 938 1808 vo-

171 1855 174 1857 .
232 1830 331 1858 catus
342 1825 408 1858 fuit
425 1833 501 1869 post
518 1830 647 1861 socium
664 1829 799 1870 imperii
817 1828 939 1860 Roma-

233 1878 268 1909 ni
281 1879 419 1910 Tatium
439 1880 619 1911 aCuribus
646 1880 774 1922 oppido
799 1879 939 1911 Sabino·

233 1939 307 1961 rum
322 1930 379 1961 ubi
394 1930 467 1971 ipse
484 1931 652 1973 regnabat
669 1931 829 1970 ascitum,
845 1930 940 1962 etsie

233 1981 326 2012 Festi
344 1981 448 2013 verba
465 1982 704 2023 intelligenda.
728 1982 826 2013 Idem.

277 2039 292 2054 ¹¹
318 2034 426 2076 Oreae]
451 2034 642 2066 Ausonius:
667 2035 772 2066 ‘Inde
783 2033 940 2066 floridum

235 2083 372 2117 reflexis
390 2096 448 2117 ver
465 2087 586 2118 revisit
598 2086 711 2118 oreis.'
744 2087 874 2118 Versus
888 2090 942 2117 est

235 2136 371 2169 Naevii:
397 2140 405 2155 ‘
423 2137 599 2178 Deprandi
616 2141 728 2169 autem
755 2137 862 2169 leonis
885 2136 944 2168 ob·

236 2188 298 2219 das
321 2187 420 2220 oras.’
466 2188 738 2220 Proverbialiter
765 2188 799 2220 id
816 2187 942 2219 dictum

237 2237 282 2270 de
297 2248 334 2270 re
349 2239 450 2271 valde
468 2240 674 2281 periculosa.
721 2240 810 2272 Nam
837 2239 943 2271 esuri-

237 2289 326 2321 entis
342 2289 450 2321 leonis
468 2297 504 2322 et
519 2290 708 2323 famelicosi
721 2291 830 2322 labias
856 2291 943 2322 velle

237 2339 476 2381 comprimere,
503 2340 744 2382 periculosum.
795 2342 942 2383 Depran-

238 2390 321 2430 dius,
361 2395 413 2422 est
442 2391 645 2432 impransus.
693 2393 798 2432 Orece,
832 2392 943 2432 labiae,

240 2441 456 2474 Graecanice.
484 2443 574 2474 Nam
586 2448 622 2475 et
638 2443 703 2484 ipsi
715 2442 827 2485 poe'tae
845 2443 944 2475 Grae-

240 2494 272 2525 ci
291 2492 571 2535 frequentissime
595 2494 690 2526 labra
715 2492 864 2534 χαλινοὺς
889 2503 947 2524 vo-

240 2549 333 2576 cant.
379 2545 531 2576 Eandem
555 2545 760 2577 sententiam
776 2544 948 2587 promittit

242 2596 324 2627 illud
348 2596 580 2628 Lucilianum:
615 2598 625 2615 ‘
643 2597 827 2628 Esuriente
858 2596 948 2628 leoni

243 2656 285 2678 ex
294 2655 353 2678 ore
365 2647 551 2688 exculpere
562 2646 714 2688 praedam
725 2646 746 2679 :⁵
760 2648 841 2679 item
849 2646 949 2679 Grae-

245 2706 374 2735 corum,
386 2695 502 2730 λέοντα
517 2699 627 2740 ξυρεῖν.
668 2699 715 2731 At
736 2698 819 2731 illud
844 2697 947 2730 Cato-

992 1566 1043 1598 nis
1066 1566 1201 1597 omnino
1229 1563 1506 1607 praetereundum
1530 1569 1597 1592 non
1619 1569 1698 1592 cen=⁹

990 1627 1068 1649 seo:
1095 1617 1234 1659 ‘Equos
1250 1615 1453 1658 respondit:
1481 1614 1593 1646 Oreas
1619 1612 1699 1644 milii

991 1669 1095 1701 inde:
1121 1668 1186 1700 tibi
1202 1678 1289 1710 cape
1304 1667 1477 1709 flagellum
1491 1665 1512 1698 :’
1538 1669 1592 1697 est
1608 1663 1699 1696 enim

992 1719 1192 1753 notissimus
1218 1719 1408 1760 Apologus,
1441 1716 1498 1759 qui
1520 1719 1572 1748 est
1608 1713 1701 1755 apud

993 1771 1204 1804 Horatium:
1238 1770 1394 1802 ‘Cervus
1426 1777 1550 1810 equum
1585 1773 1702 1808 pugna

994 1821 1139 1860 melior‚’
1167 1824 1232 1854 διο.
1285 1820 1326 1852 In
1359 1819 1554 1852 testimonio
1581 1816 1701 1850 Coelii:

995 1874 1116 1914 Equus,
1135 1873 1201 1914 qui.
1224 1872 1297 1905 Jos.
1311 1872 1400 1904 Scal.

994 1943 999 1946 -
1041 1923 1150 1965 Oreoe]
1180 1923 1236 1956 Ab
1266 1933 1332 1965 ore,
1360 1932 1450 1954 oreoe.
1506 1920 1583 1952 Nisi
1611 1918 1702 1950 forte

993 1986 1074 2008 oreae
1087 1985 1150 2017 pro
1163 1985 1272 2012 aurea,
1288 1984 1363 2017 quae
1376 1974 1480 2006 etiam
1492 1971 1626 2004 frenum
1641 1970 1705 2010 sig-

993 2027 1124 2060 nificat.
1148 2027 1231 2058 Dae.

1041 2079 1150 2120 Oreae]
1173 2076 1296 2110 Titinii
1313 2081 1350 2108 et
1367 2074 1482 2108 Naevii
1494 2072 1599 2106 verba
1611 2082 1705 2105 men-

995 2130 1077 2162 dosa
1092 2134 1183 2162 sunt.
1205 2129 1284 2161 Ant.
1300 2127 1388 2167 Aug.

1038 2187 1053 2203 ⁰
1071 2181 1238 2223 Deprendi
1253 2177 1357 2211 autern
1371 2177 1500 2218 Leonis]
1518 2175 1613 2208 Male
1624 2175 1707 2208 Sca-

996 2233 1082 2275 liger
1109 2231 1245 2274 quidem
1264 2240 1352 2262 oreas
1373 2229 1481 2260 labias
1496 2228 1707 2268 interpreta-

999 2290 1054 2318 tur
1081 2288 1202 2316 contra
1224 2282 1320 2314 Festi
1342 2279 1571 2312 sententiam:
1595 2286 1709 2319 neque

998 2335 1150 2377 deprandi
1175 2337 1229 2366 est
1246 2343 1266 2364 a
1281 2331 1485 2373 deprandius,
1502 2334 1540 2361 ut
1555 2328 1630 2370 ipse
1647 2337 1709 2370 pu-

999 2392 1063 2426 tat,
1080 2385 1140 2418 sed
1157 2395 1177 2416 a
1199 2383 1379 2425 deprendis,
1404 2387 1442 2414 et
1466 2385 1519 2413 est
1544 2380 1580 2412 in
1605 2379 1710 2411 dandi

999 2448 1091 2474 casu,
1116 2438 1232 2478 itaque
1255 2444 1372 2466 versus
1397 2433 1510 2466 Naevii
1525 2432 1575 2465 sic
1596 2432 1711 2474 legen-

1001 2490 1075 2529 dus,
1092 2487 1260 2529 Deprandi
1281 2489 1384 2518 autern
1397 2485 1477 2516 leoni
1487 2484 1599 2516 subdas
1609 2492 1709 2514 oreas.

1002 2541 1111 2572 Plano
1128 2544 1164 2570 et
1180 2538 1308 2579 optimo
1322 2545 1448 2575 sensu;
1472 2535 1582 2576 prima
1606 2534 1712 2565 litera

1003 2591 1095 2624 vocis
1110 2589 1223 2622 subdas
1248 2587 1440 2619 adhaeserat
1463 2584 1541 2617 voci
1560 2583 1655 2623 leoni,
1676 2587 1712 2615 et

1003 2652 1046 2675 ex
1060 2641 1158 2673 abdas
1180 2643 1301 2681 postea
1323 2636 1453 2670 factum
1472 2636 1579 2668 obdas.
1615 2634 1712 2666 Prae·

1006 2692 1206 2728 tei-eundum
1239 2700 1307 2724 non
1341 2693 1398 2722 est
1425 2687 1511 2721 illud
1543 2684 1707 2719 Catonis:
