1835 2906
359 148 420 177 DE
454 146 724 177 VERBORUM
759 145 1162 177 SlGNlFICATlONE
1201 149 1294 178 LIB.
1328 151 1369 179 V.

213 241 265 282 (le
292 246 336 282 et
355 242 621 284 erciscundae
642 246 685 283 et
705 241 874 283 ercisci.

214 323 241 350 a
263 309 433 350 ciendo.

1514 138 1598 180 239

936 240 1084 282 Citum
1113 247 1258 283 autem
1293 246 1361 284 est
1396 247 1599 285 vocatum

155 375 339 416 Erebum
358 375 373 399 b
402 376 618 430 Virgilius
652 376 866 418 interdum
890 377 1209 417 obscuritatem
1243 379 1461 431 quandam
1499 393 1600 421 esse

212 443 419 485 describit
455 444 573 498 apud
603 445 789 494 Inferos,
821 457 921 484 cum
943 445 1030 485 ait:
1064 444 1187 485 Imas
1211 445 1345 486 Erebi
1376 446 1601 489 descendit

210 511 266 551 ad
285 513 477 553 umbras.

210 593 393 632 magnos
417 580 549 621 Erebi
570 579 895 621 transnavimus
930 592 1100 620 amnes.

776 647 902 689 Unde
935 652 1006 688 est
1037 653 1082 689 et
1103 648 1239 689 illud:
1273 648 1418 689 Erebo
1452 655 1600 690 creata

210 653 357 688 natam
391 648 606 689 Noctemc
642 648 716 689 ait.

536 513 760 554 Interdum
781 512 944 552 flumen
966 511 1168 565 ejusdem
1190 512 1294 562 loci,
1318 513 1494 555 dicens:
1543 515 1599 555 Et

1159 579 1303 620 Varro
1326 593 1431 622 vero
1453 581 1598 623 Erebo

210 715 347 755 fuscis
369 716 575 765 crinibus,
598 716 721 766 Nox,
741 719 783 756 te
803 717 977 757 invoco.

154 781 268 834 Ergo
286 780 303 803 ‘¹
324 787 572 837 correptum
589 784 810 836 significat
829 784 944 825 idem
969 784 1088 838 quod
1109 784 1225 838 apud
1254 783 1443 826 Graecos
1480 784 1537 825 οὖν
1552 792 1597 827 :¹³

211 850 441 903 producte,
462 851 579 892 idem
601 852 722 905 quod
743 851 875 907 χάριν,
898 853 983 894 hoc
1007 855 1088 903 est,
1111 852 1247 904 gratia
1268 865 1279 903 3
1312 865 1408 893 cum
1429 853 1599 894 scilicet

211 919 347 970 gratia
376 919 635 973 intelligitur
668 933 746 974 pro
776 933 927 961 causa.

987 919 1074 961 Sed
1098 919 1205 960 illud
1238 919 1436 972 superius
1466 921 1598 961 etiam

211 987 304 1027 sine
327 987 545 1040 exemplis
572 991 718 1028 notum
742 993 838 1040 est3
868 988 949 1029 hoc
968 987 1150 1027 inferius
1171 988 1235 1028 sic
1256 987 1480 1037 formatur,
1496 1000 1597 1028 cum

211 1053 400 1094 dicimus
429 1054 482 1094 de
504 1054 676 1107 aliquo,
695 1055 856 1096 Statua
879 1055 1065 1095 donatus
1099 1059 1166 1094 est
1198 1054 1374 1095 honoris
1406 1054 1598 1096 virtutis-

210 1122 295 1174 que
317 1134 432 1174 ergo,
454 1122 499 1162 id
520 1127 600 1171 est,
623 1122 801 1164 honoris
825 1123 1087 1176 virtutisque
1110 1134 1263 1163 causa.

160 1189 364 1238 Ιὲἶῑίωᾱο,Θ
386 1189 625 1231 servitudo.

756 1299 969 1311 cot-‘eorem‘
973 1299 989 1310 t

197 1379 235 1408 13
259 1377 268 1393 ‘
284 1375 320 1407 L.
339 1385 380 1406 m.
398 1373 501 1406 habet
521 1375 630 1407 οὐκοῦν
653 1385 715 1416 pro
736 1373 811 1406 0511?
834 1375 924 1407 Fulv.
944 1376 1052 1406 Ursin.

798 1487 946 1520 NOTAE

151 1556 247 1584 sortes
264 1552 435 1585 dicuntur.
481 1553 569 1585 Vide
587 1557 595 1571 ‘
609 1553 703 1585 sors.’
728 1554 811 1585 Dae.

193 1604 206 1623 b
230 1604 380 1644 Erebum]
419 1604 511 1644 Virg.
539 1605 595 1635 lib.
626 1614 676 1635 Vl.
714 1603 845 1634 AEueid.

150 1658 344 1695 utrumque.
388 1655 455 1686 Sed
486 1665 550 1685 non
568 1654 691 1685 flumen
710 1664 781 1684 esse
800 1655 848 1684 ait

151 1703 314 1743 Erebum,
340 1705 398 1734 sed
432 1710 584 1735 tranasse
613 1714 728 1735 amnes
759 1703 846 1734 illius

150 1753 227 1790 loci,
243 1754 300 1793 qui
317 1754 449 1784 Erebus
467 1754 601 1784 dicitur.
624 1753 700 1784 Ant.
717 1752 803 1792 Aug.

197 1803 349 1844 Erebum]
374 1804 535 1844 Quisquis
552 1803 653 1844 poeta
668 1804 754 1834 dixit
777 1807 786 1821 ‘
802 1804 846 1834 E-

152 1853 234 1883 rebo
262 1859 412 1884 creatam
431 1853 601 1888 Noctem‚'
626 1853 846 1892 interpretari

151 1904 256 1934 voluit
273 1904 361 1944 quod
389 1904 488 1934 toties
519 1903 633 1934 Graeci
662 1903 772 1943 poe'tae
796 1903 845 1933 di-

152 1960 247 1993 cunt,
264 1954 315 1993 νὺξ
331 1954 485 1994 ἐρεβεννή.
512 1954 641 1994 Ἔρεβος
656 1959 709 1984 est
722 1963 844 1984 nomen

150 2005 349 2044 Hebraeum,
374 2011 432 2036 aut
461 2006 596 2046 Syrum.
644 2005 726 2036 Ereb
755 2004 844 2035 enim

149 2056 182 2085 in
197 2055 235 2086 iis
254 2056 374 2096 linguis
392 2061 443 2087 est
461 2054 587 2096 ἑσπέρα.
628 2055 681 2086 Ab
706 2065 746 2086 eo
761 2055 843 2086 Ara·

150 2105 211 2145 bes,
229 2106 322 2146 quasi
351 2106 443 2136 dicas
468 2104 636 2145 ἑσπερίους,
663 2105 718 2146 qui
741 2109 775 2136 et
800 2104 842 2135 ab

148 2156 264 2187 eadem
290 2165 325 2186 re
346 2156 507 2187 dicuntur
531 2154 664 2195 ἐρεμβοί.
712 2154 839 2185 Eadem

149 2211 202 2236 est
226 2207 332 2246 origo.
377 2206 540 2238 Jos.Scaz.

190 2257 340 2298 Erebum]
378 2257 445 2289 Hic
475 2262 570 2288 certe
598 2256 747 2297 turpiter
773 2256 844 2287 sive

149 2308 269 2338 Festus
293 2308 362 2339 sive
379 2308 506 2339 Paulus
530 2308 646 2347 lapsus
670 2311 734 2343 est,
761 2307 842 2337 Ere-

150 2358 212 2388 bus
229 2357 316 2388 enim
344 2357 474 2388 duobus
491 2357 584 2388 hisce
607 2357 741 2396 Virgilii
759 2356 843 2387 locis

150 2417 210 2447 pro
223 2412 295 2438 toto
312 2406 497 2438 inferorum
511 2407 586 2437 loco
604 2407 752 2446 ponitur.
796 2407 842 2437 Il-

150 2459 216 2489 lum
235 2458 311 2489 vide
326 2467 376 2488 vr.
393 2456 525 2488 AEneid.
549 2457 628 2487 Dae.

190 2514 204 2530 c
228 2509 329 2540 Erebo
358 2511 465 2539 natam
500 2506 635 2546 noctem]
670 2506 842 2537 Hesiodus

150 2565 262 2590 tamen
289 2562 423 2589 noctem
449 2556 553 2588 Erebi
577 2565 724 2586 sororem
750 2555 845 2591 facit,

152 2615 187 2641 et
204 2620 245 2640 ex
271 2609 352 2640 chao
368 2618 435 2640 una
456 2617 531 2637 cum
556 2606 667 2637 Erebo
683 2606 844 2646 genitam.

148 2661 203 2690 Ἐκ
221 2659 315 2698 χάεος
343 2660 368 2689 δ’
389 2656 517 2699 Ἔρεβός
536 2668 573 2688 τε
598 2655 728 2695 μέλαινά
744 2667 778 2686 τε
793 2655 845 2695 νὺξ

151 2709 306 2748 ἐγένοντο.
330 2711 405 2741 ‘Ex
418 2709 500 2740 chao
513 2713 626 2738 autem
651 2707 844 2748 Erebusque

901 1551 1063 1592 nigraque
1080 1561 1144 1581 nox
1172 1551 1241 1582 nati
1267 1550 1370 1582 suut!
1416 1551 1483 1581 Sed
1509 1551 1598 1591 quis-

900 1602 974 1642 quis
1001 1602 1130 1632 ‘Erebo
1155 1606 1303 1632 creatam
1322 1601 1475 1632 noctem'
1497 1601 1599 1639 dixit,

901 1652 1118 1690 interpretari
1138 1652 1243 1682 voluit
1258 1652 1343 1690 quod
1365 1652 1466 1682 toties
1484 1652 1598 1682 Graeci

902 1701 1012 1741 poetae
1029 1701 1147 1732 dieunt
1171 1700 1223 1740 νὺξ
1248 1700 1422 1741 Ἐρεβεννῆ.
1470 1703 1516 1732 Ut
1539 1711 1598 1741 op-

902 1752 980 1782 time
997 1752 1127 1782 monuit
1154 1752 1243 1783 Scal.
1292 1752 1379 1782 Nam
1402 1751 1522 1783 Erebus
1545 1756 1598 1781 est

900 1811 1020 1833 nomen
1041 1802 1225 1833 Hebraeum
1244 1807 1302 1832 aut
1324 1802 1457 1842 Syrum.
1506 1802 1598 1836 Ereh,

899 1852 1025 1893 ἑσπέρα.
1071 1853 1124 1883 Ab
1151 1863 1192 1884 eo
1220 1853 1352 1889 Arabes,
1377 1854 1473 1894 quasi
1504 1853 1599 1884 dicas

898 1903 1068 1943 ἑσπερίους,
1086 1903 1142 1944 qui
1159 1908 1194 1934 et
1217 1902 1259 1933 ab
1284 1902 1403 1933 eadem
1428 1912 1462 1933 re
1480 1903 1597 1933 dicun-

900 1959 955 1986 tur
968 1955 1107 1986 Erembz'.
1132 1953 1243 1985 Idem.

940 2005 955 2027 <¹
981 2005 1081 2045 Ergo]
1120 2005 1257 2036 Servius
1285 2004 1325 2034 ad
1351 2003 1432 2034 illud
1456 2012 1504 2033 vr.
1521 2003 1595 2034 AEn.

899 2056 1017 2086 ‘Illius
1049 2054 1153 2095 ergo.’
1198 2055 1320 2084 ‘Illius
1346 2052 1452 2092 ergo,'
1475 2053 1596 2092 inquit,

897 2110 1057 2146 ‘propter
1072 2105 1176 2139 illum,
1194 2104 1259 2138 vel,
1273 2112 1373 2134 causa
1386 2102 1486 2132 illius.
1507 2102 1596 2141 Ergo

899 2160 1009 2187 autem
1027 2154 1221 2196 conjunctio
1234 2153 1311 2189 fuit,
1324 2152 1382 2182 sed
1402 2161 1461 2191 per
1477 2161 1597 2182 accen-

899 2212 950 2238 tus
963 2206 1184 2237 mutationem
1199 2205 1232 2235 in
1247 2203 1443 2234 adverbium
1461 2202 1598 2239 transit,

899 2263 934 2288 et
961 2261 1014 2287 est
1044 2257 1115 2287 sola
1142 2255 1307 2295 particula
1332 2262 1406 2293 quae
1440 2251 1541 2282 habet
1565 2252 1597 2281 in

898 2306 964 2338 fine
981 2305 1247 2338 circumflexum.
1294 2303 1395 2333 Multi
1422 2303 1511 2333 male
1536 2312 1597 2341 pu-

899 2361 973 2388 tant
992 2366 1111 2387 nomen
1135 2365 1208 2386 esse
1226 2353 1478 2392 indeclinabile,
1496 2357 1530 2383 et
1547 2353 1597 2382 di-

898 2412 981 2438 cunt
999 2407 1142 2447 positam
1166 2413 1240 2435 esse
1259 2412 1319 2443 pro
1337 2412 1451 2442 eausa,
1474 2402 1596 2444 (causa

899 2462 1012 2487 autem
1039 2464 1160 2486 nomen
1187 2459 1239 2484 est
1262 2453 1350 2494 quod
1376 2454 1511 2492 ponitur
1535 2462 1597 2493 pro

898 2505 1061 2545 ratione,)
1079 2505 1135 2545 qui
1161 2513 1257 2535 casus
1286 2503 1512 2534 declinatione
1541 2512 1596 2533 ca-

898 2555 975 2587 ret!
998 2557 1096 2586 Idem.

941 2611 954 2626 θ
978 2606 1129 2646 Eritudo]
1155 2606 1239 2636 Erus
1265 2603 1460 2634 scribebant
1490 2603 1594 2634 Vete-

899 2666 965 2695 res,
982 2666 1001 2686 a
1017 2666 1083 2697 quo
1101 2656 1231 2686 Eritudo
1244 2665 1254 2685 :
1278 2654 1321 2685 ab
1338 2654 1477 2694 antiquo
1498 2653 1596 2685 Grae—

900 2716 938 2738 co
952 2705 1026 2745 ἔρος,
1043 2705 1132 2737 unde
1150 2705 1271 2746 εἴρερος.
1288 2705 1356 2734 Jos.
1373 2703 1454 2734 Scal-
