1835 2906
379 142 440 170 DE
475 140 743 171 VERBORUM
779 137 1183 168 SIGNIFICATIONE
1221 138 1312 166 [ΑΒ.
1346 137 1430 167 Vll.

1545 124 1627 167 :291

186 238 366 280 Glocire
396 241 438 277 et
459 236 682 289 glocidare
702 240 730 264 ¹³
746 239 758 255 ⁵
791 233 1047 286 gallinarum
1068 233 1292 286 proprium
1314 237 1392 279 ost,
1415 245 1511 273 cum
1535 233 1629 273 ovis

243 305 500 348 incubiturae
523 309 640 345 sunt.

187 372 395 415 Glomus‘
424 373 467 412 in
490 371 628 413 sacris
650 368 890 412 crustulum
907 367 1025 421 cybii
1043 371 1078 396 ¹4
1110 365 1248 419 figura
1269 372 1310 408 et
1337 367 1435 409 oleo
1458 370 1630 409 coctum

243 439 503 494 appellatur.

185 508 373 549 Gloriau
417 520 444 549 a
480 507 641 549 Graeca
681 517 791 548 voce
811 504 956 545 dicta:
1002 503 1115 544 hanc
1155 500 1267 542 enim
1304 498 1368 539 illi
1403 496 1508 544 κλέος
1553 510 1630 538 vo-

243 581 361 616 cant.

186 643 334 693 Glos,x
365 643 443 684 viri
465 655 600 691 soror,
620 654 646 682 a
665 640 825 682 Graeco
844 637 993 693 γέλως.

187 709 504 760 6Ιηοίᾶῑιῐυω,Υ
544 721 696 761 suave,
728 714 771 749 et
798 706 1061 760 jucundum.
1121 702 1268 745 Graeci
1297 700 1461 741 etenim
1490 699 1633 754 γλυκὺν

243 777 416 818 dulcem
434 777 598 817 dicunt.

186 844 376 885 Gluma2
409 843 561 884 hordei
596 841 822 884 tunicula:
857 840 1038 887 dictum,
1072 836 1191 891 quod
1222 836 1426 888 globatur
1463 834 1506 873 id
1539 846 1633 886 gra-

243 925 373 952 num:
405 911 521 952 unde
558 916 603 951 et
636 923 776 964 pecus
804 907 924 961 glubi
946 906 1123 955 dicitur,
1146 904 1273 959 cujus
1296 902 1424 957 pellis
1441 900 1633 941 detrahi-

243 983 322 1020 tur.

791 1050 930 1063 ΙΟΟΙΜ

932 1048 1032 1061 Note

229 1130 269 1158 13
294 1126 348 1158 Al.
369 1128 524 1159 Gluctire.
568 1124 671 1166 Legit
687 1124 771 1155 Dae.
792 1122 917 1154 Glocire
943 1125 973 1153 et
996 1119 1242 1159 glocitare.—14
1268 1114 1335 1146 Alii
1358 1112 1435 1144 libri
1460 1111 1556 1143 romln'
1585 1110 1637 1141 vel

183 1170 265 1210 cybi,
281 1170 362 1202 cubi.

837 1216 978 1249 NOTAE

226 1291 238 1306 ⁵
261 1283 387 1317 Glocire
400 1289 429 1317 et
442 1284 615 1325 glocidare]
641 1286 752 1324 Lege:
766 1282 884 1322 glocz're

183 1342 213 1369 et
229 1338 391 1377 glocz'tare.
439 1337 565 1369 Glocz're
586 1347 604 1367 a
622 1334 767 1375 κλῶζειν,
784 1343 848 1364 vox
865 1344 884 1364 a

183 1399 264 1420 sono
292 1388 418 1420 efficta.
463 1388 627 1420 Columel.
647 1387 706 1417 lib.
723 1395 789 1416 vn.
807 1394 883 1426 cap.

184 1444 215 1471 5.
242 1445 249 1456 ¹
266 1440 311 1471 Ut
338 1449 400 1469 ova
428 1449 526 1479 qnam
551 1437 784 1469 recentissima
805 1444 883 1474 sup-

185 1495 354 1530 ponantur
367 1488 616 1531 glocientibus.’
647 1488 757 1519 Gloss.
772 1488 781 1503 ‘
794 1487 883 1526 glut-

183 1541 240 1579 tit,
272 1541 393 1581 Κροκκᾷ
419 1539 438 1577 ἡ
467 1538 581 1580 ὅρνις;’
617 1537 748 1578 ‘glocit
775 1536 845 1567 avis
863 1535 885 1566 :'
930 1536 1141 1576 jectaneum.

184 1592 249 1631 leg.
263 1592 372 1630 glocz't.
402 1591 501 1622 Hanc
516 1599 633 1621 vocem
645 1590 819 1618 Vascones
831 1596 884 1617 re-

183 1643 306 1682 tinent,
334 1643 389 1684 qui
420 1642 540 1673 dicunt
569 1640 694 1679 cloucir,
718 1643 752 1670 et
776 1638 882 1677 ipsam

186 1703 281 1723 avem
300 1693 506 1733 glocientem
528 1691 663 1730 elonque,
684 1692 721 1719 ut
738 1686 884 1727 Hispani

184 1745 297 1774 cluet-11.
323 1744 433 1774 Idem.

229 1796 238 1814 ῑ
264 1793 408 1832 Glomus]
443 1797 451 1809 ‘
466 1791 628 1823 Globulos
643 1790 650 1802 '
674 1790 758 1821 dicit
786 1789 884 1819 Varr.

185 1844 245 1875 lib.
268 1853 316 1875 ιν.
343 1844 385 1874 de
404 1844 439 1874 L.
458 1844 497 1873 L.
520 1847 528 1859 ‘
547 1842 636 1872 Item
653 1841 685 1871 in
702 1841 776 1871 oleo
794 1839 883 1870 cocti

185 1894 270 1925 dicti
285 1904 304 1924 a
319 1894 418 1933 globo
435 1891 586 1933 globuli.'
613 1891 702 1921 Vide
717 1891 882 1920 Catonem

185 1954 260 1984 cap.
278 1947 331 1975 29.
368 1945 481 1975 Gloss.
498 1943 714 1974 Graeco-Lat.
733 1940 881 1971 ‘Globus

185 2001 221 2026 et
234 1996 377 2034 glomus,
391 1993 521 2033 ἆγαθίς.’
551 1994 639 2024 Nam
655 1992 798 2032 Agathis
812 1991 884 2022 He-

185 2045 301 2086 syehio
318 2050 370 2076 est
386 2045 545 2079 Sesamis,
560 2044 721 2084 placenta
737 2052 776 2072 ex
796 2042 883 2076 oleo,

184 2096 296 2131 melle,
314 2100 348 2126 et
366 2104 506 2126 sesamo.
553 2093 696 2134 Agathis
712 2093 815 2124 etiam
833 2096 885 2122 est

186 2146 368 2176 fasciculus
396 2145 455 2176 lini
483 2145 554 2175 sive
580 2143 746 2181 staminis,
780 2146 818 2173 ut
848 2146 883 2172 et

188 2196 341 2226 Latinum
364 2193 538 2234 ‘glomusl
563 2194 661 2225 Idem.

230 2251 243 2265 ¹¹
261 2245 387 2286 Gloria]
407 2244 606 2285 Antiquitus
621 2243 744 2283 Glosz'a,
755 2253 774 2274 a
788 2242 883 2275 Grae·

187 2305 227 2326 co
242 2297 384 2333 γλῶσσα.
409 2297 478 2326 Jos.
495 2295 578 2325 Scal.

233 2345 360 2385 Gloria]
376 2344 474 2374 Prius
489 2343 608 2378 (Rosia,
620 2342 769 2373 aGraeco
779 2343 884 2380 γλῶσ·

189 2406 239 2425 σα.
271 2395 437 2435 Scaliger.
481 2393 547 2424 Sed
575 2392 742 2424 Martinio
769 2401 882 2423 assen-

192 2447 268 2484 tiar,
282 2445 358 2485 quia
374 2443 483 2484 κέλωρ,
499 2444 597 2482 φωνὴ,
614 2451 688 2472 vox.
706 2442 786 2472 Dae.

230 2501 245 2516 Χ
272 2493 365 2532 Glos]
390 2492 624 2525 Glossarium:
647 2492 655 2507 ‘
671 2491 768 2528 Glos,
789 2489 809 2527 ἦ
828 2491 884 2521 τοῦ

188 2545 294 2586 ἀνδρὸς
310 2543 442 2583 ἀδελφή·
473 2541 590 2582 γάλως,
618 2540 699 2581 παρὰ
726 2539 885 2580 Πλαύτῳ.’

189 2598 257 2628 Jos.
269 2596 352 2627 Scal.

235 2647 327 2687 Glos]
350 2645 482 2678 Graecis
512 2643 628 2676 Γάλως,
655 2641 805 2683 Hesych.
827 2640 884 2673 Γά-

937 1287 1011 1315 λως,
1024 1279 1043 1317 ἡ
1057 1280 1114 1310 τοῦ
1130 1276 1236 1318 ἀνδρὸς
1254 1273 1386 1315 ἀδελφή’
1401 1271 1537 1312 καθάπερ
1551 1275 1634 1301 Κασ-

937 1331 1052 1372 σάνδρα
1066 1332 1107 1372 τῇ
1122 1327 1329 1369 Ἀνδρομάχῃ.
1343 1328 1352 1343 ‘
1367 1326 1449 1356 Glos
1464 1333 1557 1354 soror
1570 1332 1639 1352 ma-

939 1385 1008 1422 riti,
1036 1382 1129 1413 velut
1153 1378 1346 1413 Cassandra
1371 1372 1641 1407 Andromachae!

939 1435 1021 1465 Dae.

982 1489 995 1511 y
1021 1481 1238 1521 Glucidatum]
1270 1479 1360 1510 Vide
1387 1476 1525 1508 tertium
1553 1475 1639 1506 Con-

1200 1530 1426 1568 Glossarium,
1456 1528 1465 1543 ‘
1483 1526 1639 1558 Glodita-

939 1590 1003 1620 tus,
1021 1582 1117 1621 ἡδύς.’
1157 1581 1341 1612 6ῑοοίι1αιαε
1358 1577 1551 1618 legendum.
1567 1576 1639 1606 Jos.

938 1635 1020 1665 Scal.

984 1682 1204 1723 Glucidatum]
1250 1680 1337 1711 Vide
1371 1680 1379 1696 ‘
1399 1674 1640 1710 clucidatum!

938 1735 1018 1766 Dac.

980 1791 993 1805 2
1010 1785 1142 1825 Glnma]
1162 1783 1191 1815 A
1207 1781 1333 1822 γλύφω,
1350 1779 1480 1819 scalpo,
1493 1777 1562 1808 sive
1580 1785 1638 1817 po-

939 1835 1004 1866 tius
1037 1845 1056 1865 a
1082 1833 1180 1874 λέπω,
1208 1834 1371 1864 corticem
1404 1828 1557 1867 detraho,
1585 1831 1640 1858 est

935 1885 1138 1926 glubo,unde
1149 1885 1268 1923 gluma,
1280 1880 1428 1913 follicula
1441 1878 1572 1918 hordei,
1588 1878 1641 1907 λέ-

937 1948 1032 1977 πυρον
1043 1936 1155 1976 κριθῆς.
1174 1934 1285 1965 Gloss.
1325 1929 1423 1964 Quod
1444 1939 1483 1961 eo
1499 1938 1639 1969 granum

937 1988 1102 2029 glubitur,
1113 1986 1271 2017 nudatur.
1308 1984 1408 2014 Varr.
1421 1981 1462 2012 de
1477 1982 1526 2012 Re
1540 1981 1640 2011 Rust..

938 2039 995 2070 lib.
1014 2048 1038 2069 1.
1054 2047 1129 2078 cap.
1141 2039 1195 2067 48.
1210 2036 1218 2052 ‘
1232 2034 1351 2066 Arista
1365 2037 1398 2063 et
1415 2040 1554 2072 granum
1569 2039 1638 2060 om-

939 2089 1036 2120 nibus
1067 2088 1140 2118 fere
1169 2091 1307 2117 notum:
1342 2083 1468 2113 Gluma
1497 2080 1636 2121 paucis:

939 2140 1052 2179 itaque
1076 2138 1108 2168 id
1130 2136 1220 2177 apud
1246 2134 1390 2165 Ennium
1408 2131 1514 2162 solum
1532 2129 1638 2169 scrip„

938 2194 1009 2220 tum
1027 2189 1096 2219 scio
1111 2196 1184 2218 esse
1202 2186 1234 2215 in
1250 2181 1429 2215 Euhemeri
1455 2179 1547 2210 libris
1564 2187 1638 2208 ver·

939 2240 996 2270 sis.
1041 2237 1186 2269 Videtur
1201 2233 1400 2266 vocabulum
1424 2234 1563 2270 etymon
1581 2228 1639 2258 ha-

939 2290 1019 2320 bere
1047 2298 1067 2319 a
1093 2284 1275 2328 glubendo,
1302 2281 1392 2324 qnod
1422 2290 1462 2311 eo
1486 2278 1638 2309 folliculo

940 2340 1136 2381 deglnbitur
1162 2345 1313 2379 granum.
1370 2333 1492 2372 Itaque
1518 2330 1636 2361 eodem

940 2391 1105 2422 vocabulo
1136 2387 1313 2428 appellant
1342 2383 1397 2413 fici
1426 2382 1507 2421 ejus,
1537 2388 1635 2419 quam

938 2441 1082 2477 odimus,
1098 2432 1314 2468 folliculum!
1344 2432 1436 2462 Hinc
1452 2439 1554 2471 pecus
1566 2429 1637 2467 glu-

939 2491 970 2521 bi
994 2496 1029 2521 et
1053 2488 1179 2527 ‹leglubi
1205 2485 1340 2517 dicitur,
1367 2482 1455 2512 unde
1482 2479 1563 2511 illud
1580 2479 1636 2509 Ti-

939 2539 1041 2571 berii:
1068 2543 1074 2554 ¹
1090 2536 1176 2568 Boni
1194 2533 1336 2575 pastoris
1352 2535 1403 2562 est
1419 2528 1559 2560 tondere
1578 2536 1635 2568 ρετ

939 2600 1009 2624 cus.
1031 2598 1096 2619 non
1114 2584 1320 2626 deglubere:
1344 2581 1441 2612 Idem.
