1835 2906
342 149 402 178 DE
437 146 706 177 VERBORUM
743 142 1147 174 SIGNIFICATlONF,
1187 145 1276 173 LlB.
1312 145 1401 181 111„

1498 134 1579 176 191

142 244 448 298 Corpulentis¹
480 242 642 283 Ennius
681 254 759 294 pro
798 240 964 292 magnis
1005 238 1137 280 dixit:
1169 252 1245 279 nos
1277 238 1581 292 corpulentum

198 312 400 360 dicimus,
421 309 619 363 corporis
640 309 763 350 obesi
782 308 1013 348 hominem.

142 378 272 420 Cossi
287 383 304 406 Υ
334 379 389 418 ab
411 378 600 430 antiquis
622 377 877 418 dicebantur
897 380 1049 415 natura
1068 372 1211 425 rugosi
1229 373 1424 424 corporis
1441 372 1581 413 homin

197 457 289 493 neS,
309 457 335 485 a
355 444 637 484 similitudine
656 442 867 483 vermium
894 441 1009 493 ligno
1029 440 1257 486 editorum,
1279 440 1351 492 qui
1373 441 1486 480 cossi
1508 453 1585 492 ap·

196 512 426 564 pellantur.

143 578 314 620 Cotiliae
330 584 347 610 ⁹
375 579 499 619 lacus
513 582 525 598 ²
557 575 816 629 appellatur,
838 574 957 628 quod
980 573 1022 614 in
1044 587 1097 614 eo
1116 578 1185 615 est
1216 572 1361 613 insula
1389 571 1551 613 Cotilia
1569 578 1585 593 ³

199 646 418 687 nominata
439 658 465 685 a
486 643 671 685 Graecis.

144 712 432 761 Commium,b
462 724 555 761 vas,
578 723 665 764 quo
686 710 730 750 in
753 708 984 750 sacrificiis
1010 709 1154 750 vinum
1178 706 1456 748 fundebatur.

145 781 361 822 Coturnix
375 785 389 801 ⁰
421 778 671 833 appellatur
691 790 717 818 a
735 789 843 818 sono
865 776 1004 817 vocis.

744 885 881 899 ““““

186 949 206 977 9
228 945 296 976 Alii
315 944 452 975 Cutiliae.

886 885 980 896 ‘Nee

793 995 932 1027 NOTAE

145 1062 293 1102 χορωνὸς,
316 1072 393 1093 nam
409 1061 551 1102 primum
567 1060 752 1092 Veteribus
769 1058 840 1090 στέ·

146 1120 253 1151 φανος,
266 1122 386 1152 corona,
395 1111 528 1152 χορωνὸς
542 1111 736 1150 vocabatur,
759 1109 840 1148 παρὰ

145 1163 216 1194 τοὺς
239 1161 362 1202 χορούς.
407 1163 493 1195 Quae
513 1171 576 1192 vox
594 1160 681 1200 apud
698 1160 840 1191 Simoni-

146 1213 223 1244 dem
247 1214 385 1254 legitur.
430 1212 537 1242 Immo
560 1210 672 1250 potius
696 1218 805 1240 corona
821 1219 840 1239 a

145 1263 271 1303 κορώνη,
295 1271 393 1304 quam
420 1261 571 1301 Hesych.
593 1260 840 1299 interpretatur

146 1312 223 1345 εἶδος
250 1311 417 1353 στεφάνου,
453 1312 462 1328 ‘
484 1311 639 1352 Speciem
671 1308 837 1341 Coronae!

146 1364 228 1395 Dae.

188 1417 203 1433 x
231 1412 442 1453 Corpulentz's]
475 1411 563 1442 Haec
590 1420 653 1442 vox
681 1411 714 1441 in
740 1409 841 1441 Ennii

147 1462 344 1504 fragmentis
361 1472 427 1493 non
443 1465 597 1502 apparet.
633 1461 699 1492 Sed
717 1460 794 1491 iude
808 1460 841 1490 in

148 1513 277 1545 Glossis
291 1524 298 1544 :
317 1515 325 1530 ‘
340 1513 581 1553 Corpulentus,
593 1508 840 1549 μεγαλόσωμος,’

145 1564 154 1580 ‘
169 1559 287 1603 Magni
304 1562 479 1602 corporis!
503 1561 630 1592 Postea
645 1562 842 1600 corpulentus

147 1614 214 1645 dici
230 1615 334 1655 coepit
349 1624 411 1655 pro
438 1614 578 1654 pingui:
609 1623 718 1652 corpus
753 1612 841 1642 enim

148 1665 331 1706 pinguedo.
390 1664 490 1696 Unde
524 1666 533 1681 ‘
551 1673 674 1704 corpus
704 1660 841 1693 facere'

148 1716 236 1746 dixit
266 1715 384 1746 Phaed.
427 1724 487 1754 pro
519 1713 768 1753 pinguescere3
806 1715 844 1742 ut

149 1770 268 1796 contra
292 1769 437 1804 ‘corpus
467 1762 642 1801 amittere‚'
666 1771 726 1801 pro
743 1761 842 1790 maci·

148 1817 277 1846 lentum
301 1814 388 1844 fieri.
435 1813 534 1845 Quod
556 1813 629 1853 jam
656 1812 733 1843 olim
763 1810 842 1842 viris

150 1864 260 1896 doctis
276 1866 485 1894 annotatum.
511 1863 609 1893 Idem.

192 1921 205 1942 Υ
227 1914 330 1954 Cossi]
353 1914 444 1944 Ante
470 1913 594 1944 Cotilioe
613 1913 644 1943 in
663 1913 686 1943 l.
711 1921 755 1943 m.
776 1921 844 1941 am-

150 1965 239 2005 plius
268 1969 345 1995 est:
382 1963 534 1994 Cothones
558 1963 750 2003 appellantur
773 1971 845 2002 por-

150 2018 201 2045 tus
228 2015 263 2044 in
288 2014 367 2044 mari
391 2016 459 2044 arte
483 2015 513 2044 et
535 2022 626 2044 manu
642 2012 739 2051 sacti.
769 2012 845 2043 Ful.

151 2063 267 2094 Ursin.

199 2113 304 2154 Cossi]
329 2113 396 2144 Eos
426 2118 544 2154 postea
574 2113 682 2144 Cusos
711 2112 845 2143 invenio

152 2170 304 2195 vocatos·
337 2163 570 2195 Glossarium:
597 2165 606 2181 ‘
620 2164 737 2203 Cusus,
753 2162 848 2202 ξύλου

153 2213 299 2253 σκώληξ]
333 2213 435 2244 Unde
448 2213 592 2254 Hispani
608 2213 708 2245 hodie
726 2218 848 2244 vocant

155 2266 308 2296 Gusanos.
330 2263 401 2297 Jos.
416 2264 507 2295 Scal.

201 2315 305 2354 Cossi]
327 2314 394 2345 Alii
407 2324 536 2345 vermes
553 2314 636 2346 istos
653 2325 719 2346 non
736 2325 846 2351 cossos,

156 2365 214 2397 sed
229 2374 326 2395 cosses
350 2369 483 2403 vocant,
498 2374 619 2405 nempe
635 2366 645 2382 ‘
665 2364 789 2396 cossis’
812 2370 847 2396 et

154 2420 164 2433 ¹
182 2425 298 2446 cossus
311 2413 320 2427 '
342 2418 380 2445 ut
408 2415 417 2431 ‘
434 2416 607 2445 matrimus
621 2414 628 2427 ’
646 2420 681 2446 et
708 2416 716 2431 ‘
733 2414 847 2445 matri-

155 2463 242 2496 mis.'
267 2463 361 2496 Cossi
378 2469 494 2504 postea
509 2464 572 2494 cusi
587 2464 710 2496 vocati.
735 2465 846 2495 Gloss.

154 2517 164 2532 ⁸
176 2525 286 2550 cusus,
303 2513 396 2554 ξύλου
410 2513 559 2555 σκώληξ,ι
581 2515 686 2555 ‘ligni
704 2514 848 2547 vermis!

157 2565 237 2597 Dae.

200 2621 213 2636 ²
237 2612 361 2646 Cotilz'ae
377 2612 476 2653 lacus]
512 2613 629 2644 Malim
650 2613 788 2651 Cutiliae,
811 2618 849 2646 ut

160 2665 248 2707 apud
277 2665 463 2696 Varronem
488 2664 547 2695 lib.
578 2673 628 2696 tv.
650 2664 690 2696 de
719 2663 850 2705 Lingua

894 1058 1027 1097 Latina,
1042 1061 1077 1089 et
1101 1057 1188 1089 Pliu.
1204 1057 1262 1088 lib.
1278 1066 1332 1088 ιιι.
1348 1066 1423 1098 cap.
1441 1059 1493 1089 12.
1510 1057 1588 1089 Ani.

894 1109 980 1148 Aug.

940 1158 1065 1189 Cotiliae
1081 1158 1178 1198 lacus]
1196 1156 1261 1187 Alii
1282 1157 1420 1188 Cutiliae.
1460 1157 1504 1187 Et
1522 1157 1588 1187 ‘la-

895 1217 971 1239 cum
986 1208 1206 1239 Cutiliensem
1218 1207 1227 1221 ⁷
1246 1208 1476 1238 vocatVarro.
1522 1207 1589 1238 Sed

895 1258 985 1299 apud
1010 1259 1151 1299 Dionys.
1176 1264 1211 1290 et
1234 1259 1347 1290 Strab.
1369 1259 1483 1289 Cotilia
1506 1258 1590 1298 legi-

896 1315 961 1341 tur.
1007 1310 1117 1341 ltaliae
1141 1309 1319 1340 umbilicus
1336 1310 1368 1340 in
1385 1319 1465 1350 agro
1482 1309 1590 1339 Rhea-

896 1361 982 1399 tino‚
993 1360 1081 1391 intra
1097 1361 1225 1391 Rheate
1239 1365 1273 1390 et
1288 1359 1513 1390 Amiternum.
1559 1358 1589 1388 A

895 1412 1027 1443 Graecis
1043 1421 1165 1443 nomen
1189 1412 1306 1451 traxit,
1329 1411 1447 1452 quibus
1464 1410 1592 1447 Κοτὺλη

895 1461 1002 1492 insula
1019 1461 1144 1491 dicitur
1161 1461 1194 1492 in
1211 1469 1373 1500 responso
1392 1460 1455 1490 illis
1478 1459 1592 1489 reddi-

897 1516 931 1542 to
947 1522 955 1543 :
974 1510 1123 1550 Στείχετε
1137 1510 1295 1549 μαιόμενοι
1307 1511 1444 1542 Σικελῶν
1457 1508 1592 1549 Σατούρ-

896 1574 960 1593 νιον
981 1561 1059 1603 αἶαν,
1075 1561 1142 1592 Ἠδ’
1163 1561 1395 1601 Ἀβοριγενέων,
1417 1559 1542 1595 Κοτύλη
1558 1557 1594 1589 οὗ

897 1614 990 1643 νᾶσος
1029 1611 1160 1651 ὀχεῖται,
1203 1613 1212 1628 ‘
1234 1611 1359 1641 Vadite
1396 1615 1590 1650 quaerentes

897 1663 1044 1693 Siculum
1066 1661 1257 1692 Saturniam
1281 1665 1404 1691 terram
1422 1660 1485 1690 Vel
1501 1659 1591 1690 Abo-

898 1712 1052 1752 riginum,
1080 1711 1205 1742 Cotilia
1235 1710 1291 1741 ubi
1322 1709 1430 1740 insula
1461 1707 1592 1740 fertur.'

897 1762 976 1794 Dae.

939 1817 954 1832 ἢ
979 1811 1110 1850 Cutilia]
1144 1811 1172 1841 A
1190 1810 1335 1848 Graecm,
1352 1809 1474 1850 quibus
1503 1808 1593 1838 scili-

898 1867 954 1893 cet
980 1870 1176 1901 responsum
1212 1860 1405 1890 redditum:
1443 1857 1594 1897 Στείχετε

897 1910 1054 1949 μαιόμενοι
1069 1911 1206 1942 Σικελῶν
1221 1908 1405 1948 Σατούρνιον
1430 1906 1509 1945 αἶαν,
1528 1907 1594 1937 Ἠδ’

898 1960 1129 2002 Ἀβοριγενέων,
1146 1959 1273 1997 Κοτύλη
1296 1956 1330 1988 οὗ
1346 1960 1437 1989 νᾶσος
1460 1957 1593 1995 ὀχεῖται.

901 2011 1047 2048 Κοτύλην
1073 2020 1155 2051 ergo
1183 2010 1299 2041 Graeci
1335 2014 1509 2039 vocarunt.
1554 2009 1594 2039 In

897 2062 1062 2094 Strabone
1085 2060 1272 2092 monuimus
1290 2058 1502 2090 Κωτισκολίας
1519 2067 1595 2098 per-

900 2123 1015 2154 peram
1027 2112 1105 2153 legi.
1123 2111 1317 2152 Legendum
1329 2111 1416 2141 enim
1429 2108 1595 2140 Κοτυλίας.

899 2165 968 2195 Jos.
986 2163 1069 2194 Scal.

943 2214 957 2235 b
984 2211 1182 2251 Coturm'um]
1222 2212 1295 2251 Ego
1324 2220 1392 2241 non
1419 2214 1502 2249 puto
1528 2208 1594 2240 dif-

902 2263 994 2295 ferre
1008 2273 1027 2293 a
1043 2261 1228 2292 Gutturnz‘o.
1265 2260 1330 2291 Sed
1347 2259 1454 2290 literae
1469 2259 1502 2289 in
1519 2268 1594 2289 suas

902 2318 1065 2353 cognatas
1079 2311 1343 2351 degenerarunt.
1369 2309 1468 2340 Idem.

947 2361 1146 2401 Coturnium]
1172 2360 1201 2391 A
1212 2363 1305 2399 gutta
1319 2364 1372 2390 est
1384 2357 1596 2398 gutturm‘um,

901 2416 949 2446 sic
966 2415 1107 2451 dictum,
1127 2411 1214 2452 quod
1240 2411 1397 2451 guttatim
1426 2409 1597 2443 funderet.

900 2466 1030 2496 Postea
1041 2473 1064 2502 g
1077 2463 1110 2492 in
1124 2467 1302 2502 cognatam
1313 2471 1329 2491 c
1340 2465 1481 2500 mutata,
1495 2464 1596 2491 cotur-

901 2515 987 2546 m'um
1015 2512 1145 2543 factum
1174 2516 1237 2545 est.
1280 2511 1368 2542 Vide
1395 2511 1596 2543 ς(ῖιιιῐῐιπηίι

903 2563 983 2594 um.'
1003 2563 1085 2592 Dac.

946 2618 959 2633 ⁰
986 2610 1156 2652 Coturnix]
1193 2610 1222 2642 A
1250 2620 1329 2642 sono
1357 2610 1446 2641 vocis
1470 2609 1596 2644 dictam

905 2663 976 2697 vult
1000 2663 1132 2703 Festus,
1156 2661 1243 2706 quod
1270 2661 1410 2704 primam
1438 2660 1471 2692 in
1494 2664 1598 2693 canta
