1835 2906
391 179 450 207 DE
485 179 754 209 VERBORUM
789 178 1192 210 SlGNlFlCATIONE
1229 182 1323 211 Llss.
1356 185 1386 211 Ι.
1556 175 1611 215 37

171 272 397 314 Adcensiq
430 274 703 323 dicebantur,
744 274 817 326 qui
857 274 900 314 in
938 274 1088 315 locum
1120 280 1388 317 mortuorum
1425 277 1611 318 militum

229 341 376 381 subito
411 342 780 394 subrogabantur3
812 342 918 383 dicti
954 343 1031 392 ita,
1059 343 1161 397 quia
1196 344 1252 384 ad
1290 357 1470 385 censum
1503 345 1612 398 adji-

226 409 467 449 ciebantur.

171 474 414 516 Addicerer
446 482 514 516 est
545 476 719 530 proprie
753 477 868 517 idem
891 477 1050 529 dicere,
1071 481 1114 519 et
1147 478 1389 531 approbare
1411 478 1612 519 dicendo.

227 542 354 583 Alias
376 543 578 584 addicere
600 543 830 584 damnare⁵
862 549 944 585 est.

172 608 490 659 Addubanum,‘
519 610 804 651 Danubium.9

172 676 367 727 Addues‚
389 684 406 700 ¹¹
428 678 666 719 addideris.

172 742 328 785 Adeox
359 745 471 787 duas
492 746 626 787 habet
654 747 1024 798 significationes:
1054 761 1153 789 nam
1188 762 1284 790 cum
1322 750 1463 802 prima
1484 756 1615 790 acuta

227 811 410 864 effertur,
441 813 557 854 idem
578 815 806 867 significat,
828 816 950 869 quod
973 816 1135 857 accedo
1154 831 1163 857 :
1196 822 1245 858 ut
1272 830 1373 858 cum
1396 816 1585 859 dicimus
1604 833 1612 858 :

774 926 1015 942 “tree‘eeeoo

216 1009 235 1036 9
267 1005 360 1037 Vett.
377 1006 459 1037 libb.
476 1007 693 1048 AMubanum,
710 1008 847 1039 dubium.
893 1008 1090 1049 Legendum
1114 1013 1228 1040 monet
1254 1010 1343 1041 Scal.
1362 1010 1413 1041 Ad
1429 1009 1594 1041 dubimum
1606 1021 1616 1040 :

172 1049 210 1079 ad
226 1049 367 1079 dubium:
393 1049 452 1080 sed
470 1051 538 1080 vid.
556 1051 683 1081 Notam
700 1050 901 1082 Dac.inf1·a.

824 1166 966 1198 NOTAE

215 1245 230 1265 ¹³
254 1239 404 1281 Adcensi]
430 1240 519 1271 Vide
534 1241 542 1257 ‘
560 1241 785 1282 adscriptitii.'
802 1243 852 1273 Id.

214 1292 227 1308 ¹¹
247 1289 416 1331 Addicere]
447 1290 671 1331 Approbare:
698 1302 803 1332 quare
833 1293 866 1322 in

172 1338 400 1380 Auguralibus
425 1350 503 1371 aves
532 1341 690 1372 dicuntur
712 1343 867 1383 addicere,

172 1399 247 1420 cum
264 1391 418 1426 suadent,
431 1391 587 1433 probant,
600 1397 706 1424 ratum
723 1392 865 1424 faciunt.

173 1440 274 1471 Idem.

214 1495 225 1510 ⁵
246 1492 338 1523 Alias
350 1493 489 1524 addicere
508 1495 671 1535 damnare]
696 1494 866 1526 Addicere

172 1544 309 1582 proprie
338 1549 403 1582 est,
430 1544 616 1575 debitorem
643 1546 700 1586 qui
724 1555 790 1576 non
814 1551 866 1578 est

170 1591 331 1622 solvendo
348 1593 377 1623 in
392 1599 595 1633 potestatem
610 1595 788 1626 creditoris
800 1601 866 1627 tra-

173 1643 267 1683 dere,
288 1644 376 1674 unde
389 1645 532 1676 addictus
547 1645 737 1686 damnatus,
755 1647 866 1678 credi-

172 1693 236 1724 tori
263 1693 419 1725 traditus.
444 1695 557 1727 Plaut.
583 1696 744 1726 Bacchid.
768 1706 800 1727 v.
818 1706 865 1727 sc.

172 1744 233 1774 ult.
256 1744 265 1760 ‘
283 1744 410 1775 Ducite
431 1755 495 1785 quo
512 1745 601 1776 lubet
621 1751 777 1785 tanquam
795 1746 866 1786 qui-

174 1792 250 1823 dem
276 1794 456 1824 addictos.'
499 1794 584 1825 Inde
609 1795 867 1826 Achemaenides

174 1843 264 1883 apud
292 1844 410 1883 Vix-gil.
433 1853 488 1876 111.
516 1844 649 1876 AEneid.
677 1845 685 1861 ‘
702 1846 779 1877 huic
803 1856 867 1882 ine,

174 1903 395 1935 quaecumque
431 1893 563 1934 fnisset,
603 1895 751 1926 Addixi.'

174 1994 273 2025 Idem.

220 2045 229 2064 ῑ
249 2044 467 2086 Addubanum]
491 2047 594 2086 Lege,
608 2047 660 2077 Ad
684 2047 866 2078 dubienum:

172 2095 212 2125 ad
233 2095 368 2126 dubium.
414 2097 459 2127 Ut
476 2097 518 2127 ab
534 2098 593 2127 alio
608 2097 738 2136 alienus,
755 2108 772 2128 a
788 2099 867 2128 socio

171 2145 321 2185 socienns,
355 2146 404 2176 sic
436 2157 454 2176 a
484 2147 574 2177 dubio
603 2148 760 2179 (labienus.
796 2148 866 2180 Jos.

172 2195 264 2226 Scal.

216 2247 422 2279 Addubanum
448 2248 643 2289 Danubium]
667 2249 763 2281 Vett.
786 2249 867 2280 libb.

172 2298 389 2338 Addubanum,
423 2299 560 2340 dubium,
590 2310 655 2341 qua
684 2310 721 2331 re
758 2306 867 2331 motus

173 2347 325 2388 Scaliger
354 2349 532 2389 legendum
561 2352 807 2391 pronuntiavit,
827 2353 867 2382 ad

174 2397 334 2428 dubienum
342 2409 352 2429 .·
363 2400 402 2429 ad
410 2400 550 2431 dubium:
563 2406 600 2431 ut
611 2400 652 2432 ab
660 2402 732 2437 alio,
740 2402 868 2442 alienus,

175 2457 194 2477 a
209 2448 301 2484 socio,
317 2449 466 2488 socienus,
489 2450 539 2482 sic
563 2461 583 2481 a
597 2452 870 2491 dubio,dubienus.

174 2499 239 2529 Sed
265 2501 407 2540 amplius
431 2501 473 2532 de
495 2502 558 2533 boc
579 2504 653 2535 loco
680 2505 869 2537 deliberan-

174 2550 252 2581 dum
276 2552 441 2583 existimo.
484 2553 592 2585 Immo
615 2561 650 2586 et
673 2562 800 2587 temere
820 2557 869 2588 fe-

175 2601 222 2631 cit
242 2601 405 2642 Scaliger.
436 2603 543 2634 Recte
559 2606 646 2635 enim
665 2606 870 2646 Addubanus,

176 2652 246 2682 sive
264 2654 376 2692 potius
398 2652 585 2685 Abnobanus
609 2656 787 2688 Danubius
804 2658 871 2689 dici

803 1895 871 1926 Ad-

174 1944 256 1982 dixi,
283 1944 416 1984 devovi,
447 1945 481 1975 in
509 1946 707 1977 servitutem
734 1947 872 1977 tradidi.

923 1243 1036 1283 potuit
1061 1252 1079 1273 a
1106 1246 1220 1273 monte
1249 1240 1406 1280 Abnoba,
1427 1241 1517 1272 unde
1542 1252 1617 1282 pro—

922 1293 1060 1333 rumpit,
1090 1293 1183 1324 circa
1213 1294 1380 1324 Ducatum
1409 1292 1617 1323 Virtember-

921 1352 1070 1383 gensem.
1118 1343 1244 1373 Forsan
1268 1347 1303 1373 et
1321 1341 1529 1373 Addubanus
1552 1352 1618 1373 non

925 1393 1108 1431 Danubius,
1123 1392 1181 1423 sed
1201 1394 1227 1423 is
1243 1391 1364 1422 fluvius
1381 1392 1425 1423 sit
1440 1392 1497 1433 qui
1521 1391 1619 1423 Grae-

920 1443 968 1474 cis
991 1442 1128 1482 Ἀδούας,
1151 1443 1274 1484 quique
1302 1453 1343 1473 ex
1371 1442 1483 1473 Adula
1506 1449 1619 1475 monte

919 1493 1026 1525 fluens
1048 1495 1080 1525 in
1097 1500 1211 1535 partes
1228 1494 1378 1526 interiori
1397 1494 1522 1525 vicinas
1538 1494 1618 1525 Gal-

921 1545 975 1575 liae
1007 1545 1142 1575 Larium
1171 1545 1291 1585 implet
1321 1545 1442 1580 lacum,
1472 1550 1508 1576 et
1541 1545 1619 1576 inde

920 1594 1034 1625 exitiu
1047 1594 1192 1625 Padum.
1233 1595 1360 1625 Namin
1373 1593 1485 1626 Gloss.
1502 1600 1510 1612 ‘
1525 1594 1617 1626 Adu-

920 1647 1041 1687 banus,
1056 1646 1204 1678 Ἀδούας.“
1221 1647 1303 1677 Duc.

964 1704 977 1718 ¹¹
1001 1699 1142 1738 Addues]
1168 1698 1313 1728 Veteres
1337 1697 1496 1728 dicebaut
1507 1700 1618 1729 credun

922 1754 957 1780 et
978 1750 1088 1780 adduo-
1134 1748 1256 1788 Neque
1281 1748 1467 1779 omiserunt
1486 1753 1620 1779 veteres

923 1799 989 1830 illae
1017 1799 1172 1830 Glossae:
1196 1800 1205 1816 ‘
1224 1798 1358 1833 Adduo,
1383 1797 1563 1838 πρωστιθῶ.’
1585 1804 1621 1829 et

923 1851 979 1881 lex
1011 1859 1078 1881 xn.
1134 1849 1360 1881 Tabularum:
1400 1858 1468 1881 sm.
1500 1858 1619 1880 PATER

919 1909 1058 1932 F1L10M.
1082 1909 1164 1931 TER.
1184 1908 1326 1931 VENOM.
1343 1908 1440 1931 Durr.
1456 1909 1580 1932 riuos.
1597 1909 1620 1931 Α

921 1959 1049 1982 PATRE.
1075 1959 1219 1982 LmBER.
1244 1959 1339 1981 ESTo.
1386 1951 1476 1982 Nam
1502 1952 1621 1991 vulgus

922 2003 1008 2033 male
1032 2002 1116 2038 edit,
1136 2002 1354 2033 venumdavit.-
1378 2002 1479 2033 immo
1503 2002 1621 2034 barba-

923 2062 969 2088 re,
987 2058 1021 2084 et
1038 2053 1166 2094 inepte.
1188 2054 1259 2083 Jos.
1271 2053 1356 2084 Scal.

964 2104 1105 2145 Addaes]
1131 2105 1200 2135 Pro
1216 2104 1338 2143 adduis,
1352 2104 1375 2135 i.
1391 2105 1498 2144 addus,
1514 2108 1548 2134 et
1565 2104 1622 2133 ad-

923 2154 1065 2185 dideris:
1085 2155 1231 2185 Veteres
1248 2159 1359 2185 autem
1374 2154 1534 2186 dicebant
1550 2155 1623 2185 due·

921 2214 967 2243 re,
983 2205 1071 2235 unde
1094 2205 1190 2243 duim,
1206 2214 1267 2244 pro
1282 2205 1361 2244 (lem,
1386 2205 1456 2235 sive
1472 2204 1622 2236 dederim.

922 2255 1064 2285 Terent.
1085 2254 1225 2285 Pliorm.
1251 2263 1306 2284 111.
1324 2257 1354 2284 2.
1376 2254 1385 2270 ‘
1400 2254 1447 2284 Di
1471 2254 1533 2285 tibi
1552 2264 1620 2285 om-

923 2315 983 2336 nes
1000 2305 1034 2336 id
1051 2305 1139 2346 quod
1158 2314 1194 2335 es
1213 2304 1333 2344 dignus
1358 2303 1481 2336 duint.'
1498 2305 1519 2335 i.
1535 2306 1620 2344 dent,

926 2361 960 2386 at
976 2365 1039 2396 pro
1055 2355 1196 2385 dederint
1210 2354 1298 2394 apud
1317 2355 1431 2386 Plaut.
1446 2357 1529 2396 prol.
1541 2356 1622 2386 Ani-

925 2406 1028 2446 phitr.
1050 2405 1152 2435 ‘Sive
1180 2404 1263 2435 adeo
1290 2404 1414 2435 AEdiles
1442 2405 1622 2446 perfidiose

926 2456 1003 2498 quoi
1019 2454 1136 2486 duint.'
1182 2455 1239 2486 Sic
1259 2456 1396 2488 Terent.
1410 2458 1419 2474 ‘
1447 2457 1607 2497 perduint
1621 2460 1628 2471 '

924 2517 988 2548 pro
1033 2508 1042 2524 ‘
1066 2506 1234 2546 perdant.'
1292 2507 1301 2522 ‘
1326 2507 1517 2538 Subvortit’
1561 2518 1621 2548 pro

925 2563 933 2575 ¹
947 2555 1150 2587 subvortat.'
1168 2555 1289 2587 Horat.
1304 2557 1312 2573 ‘
1324 2556 1396 2587 edit
1411 2556 1418 2568 '
1430 2567 1490 2597 pro
1502 2558 1511 2573 ‘
1523 2558 1621 2589 edat:

926 2605 1061 2638 Catull.'
1079 2611 1086 2624 ‘
1103 2606 1221 2636 annuit
1234 2606 1242 2619 ²
1261 2616 1320 2647 pro
1339 2607 1346 2623 ‘
1362 2607 1509 2638 annuat.'
1528 2609 1607 2640 Dae„

968 2662 983 2677 Χ
1008 2656 1109 2696 Adeo]
1134 2657 1321 2699 Utramque
1339 2658 1621 2698 significationem
