1835 2906
439 413 954 473 EPISTOLA
1036 414 1424 473 PAULLI

900 607 965 638 AD

583 771 935 821 CAROLUM
991 770 1272 821 REGEM.

213 1134 410 1174 Divum
432 1133 643 1185 largitatis
676 1145 865 1183 munere,
888 1132 1103 1187 sapientia
1123 1132 1410 1186 potentiaque
1431 1129 1653 1186 praefulgi-

210 1200 268 1240 do
292 1200 479 1241 Domino
502 1200 613 1254 Regi
633 1199 793 1241 Carolo
816 1199 987 1252 Regum
1010 1200 1326 1240 sublimissimo
1348 1199 1532 1240 Paullus
1553 1197 1654 1239 ulti-

210 1281 309 1308 mus
331 1268 546 1309 servulus.
597 1267 792 1321 Cupiens
814 1268 982 1321 aliquid
1004 1268 1162 1308 vestris
1181 1267 1458 1308 bibliothecis
1478 1266 1652 1315 addere,

210 1336 315 1388 quia
346 1349 402 1376 ex
424 1336 601 1389 proprio
622 1349 853 1389 perparum
875 1336 1019 1385 valeo,
1041 1336 1289 1376 necessario
1319 1348 1376 1376 ex
1398 1334 1540 1374 alieno
1562 1347 1654 1374 mu-

212 1402 352 1443 tuavi.
412 1403 570 1444 Festus
592 1402 778 1458 denique
806 1403 1050 1457 Pompeius
1072 1401 1288 1443 Romanis
1311 1401 1469 1442 studiis
1490 1401 1653 1443 affatim

210 1471 419 1516 eruditus,
452 1475 540 1512 tam
573 1484 819 1512 sermonum
852 1472 1115 1519 abditorum,
1149 1483 1280 1524 quam
1307 1469 1440 1510 etiam
1465 1482 1655 1522 quarun-

210 1537 309 1578 dam
331 1551 564 1580 causarum
586 1539 774 1591 origines
802 1540 1015 1592 aperiens,
1037 1551 1148 1592 opus
1170 1550 1296 1578 suurn
1319 1537 1375 1578 ad
1408 1537 1563 1589 viginti
1584 1550 1656 1577 us·

211 1618 294 1658 que
315 1606 492 1658 prolixa
511 1607 732 1648 volumina
752 1607 975 1648 extendit:
1007 1619 1064 1647 ex
1085 1618 1174 1660 qua
1195 1618 1274 1658 ego
1303 1604 1560 1657 prolixitate
1583 1617 1654 1644 su-

209 1672 379 1725 perflua
417 1686 618 1727 quaeque,
660 1681 703 1715 et
751 1676 893 1715 minus
932 1674 1182 1715 necessaria
1212 1672 1582 1726 praetergrediens,
1613 1676 1657 1713 et

210 1740 410 1793 quaedam
437 1742 638 1782 abstrusa
660 1742 836 1796 penitus
850 1741 964 1794 stylo
982 1740 1160 1793 proprio
1178 1739 1427 1789 enucleans,
1444 1739 1654 1780 nonnulla

210 1808 273 1847 ita
293 1813 342 1847 ut
362 1812 479 1848 erant
499 1809 647 1861 posita
666 1809 932 1862 relinquens,
952 1809 1033 1848 hoc
1060 1811 1219 1848 vestrae
1236 1806 1487 1847 celsitudini
1507 1807 1654 1858 legen-

212 1873 316 1914 dum
350 1875 655 1928 compendium
688 1876 840 1915 obtuli.
900 1875 951 1915 In
972 1874 1097 1927 cujus
1118 1875 1245 1923 serie,
1266 1874 1304 1914 si
1336 1878 1477 1915 tamen
1498 1873 1655 1914 lectum

211 1943 273 1982 ire
294 1955 382 1983 non
403 1942 758 1996 dedignabimini,
780 1941 984 1996 quaedam
1006 1940 1242 1981 secundum
1264 1946 1415 1989 artem,
1445 1941 1649 1994 quaedam

204 2010 336 2064 juxta
370 2010 679 2064 etymologiam
706 2010 851 2063 posita
876 2021 959 2048 non
979 2008 1326 2049 inconvenienter
1348 2009 1592 2058 invenietis,
1614 2013 1656 2049 et

212 2078 435 2131 praecipue
449 2078 644 2119 civitatis
658 2080 815 2118 vestrae
834 2076 1060 2117 Romuleae
1079 2076 1261 2124 viarum,
1278 2079 1514 2128 portarum,
1536 2088 1656 2116 mon-

212 2145 331 2195 tium,
352 2145 564 2195 locorum,
586 2146 864 2198 tribuumque
890 2143 1106 2184 vocabula
1137 2142 1300 2183 diserta
1327 2143 1573 2195 reperietis,
1599 2144 1656 2183 ri-

214 2220 283 2254 tus
306 2219 519 2266 praeterea
546 2213 785 2266 gentilium,
816 2215 859 2252 et
884 2210 1232 2259 consuetudines,
1262 2210 1407 2251 varias
1442 2209 1655 2251 dictiones

214 2293 389 2334 quoque
418 2281 561 2334 poetis
594 2285 640 2321 et
667 2279 1022 2333 historiographis
1055 2278 1309 2326 familiares,
1343 2290 1453 2331 quas
1485 2279 1529 2318 in
1564 2279 1654 2318 suis

215 2349 438 2401 opusculis
470 2349 743 2402 frequentius
770 2360 979 2401 posuere:
1011 2346 1130 2400 quod
1151 2346 1403 2398 exiguitatis
1433 2358 1543 2385 meae
1562 2358 1655 2384 mu-

214 2415 448 2454 nusculum
470 2415 506 2454 si
527 2428 666 2467 sagax
687 2419 729 2455 et
750 2414 1083 2456 subtilissimum
1105 2417 1298 2453 vestrum
1326 2412 1547 2464 ingenium
1568 2425 1653 2452 non

216 2494 531 2534 usquequaque
554 2479 773 2535 repulerit,
805 2482 1064 2523 tenuitatem
1094 2492 1253 2530 meam,
1281 2480 1372 2521 vita
1400 2479 1573 2529 comite,
1597 2480 1651 2521 ad

216 2549 387 2602 potiora
406 2549 632 2590 excitabit.
683 2548 809 2590 Vale.
