1835 2906
310 154 372 184 DE
407 149 680 182 VERBORUM
715 144 1132 178 SlGNlFICATlONE
1167 144 1262 173 LlB.
1297 142 1371 173 1¹1.

1486 131 1569 173 199

127 250 236 291 Cum
259 251 478 303 potestate
499 244 645 288 esse⁴‘
677 243 904 285 dicebatur
918 240 985 287 de
1009 252 1078 287 eo,
1107 239 1183 292 qui
1205 251 1233 280 a
1252 238 1417 292 populo
1439 235 1573 278 alicui

182 317 357 370 negotio
375 315 714 369 praeficiebatur.

127 385 317 426 Cunctiu
349 383 568 437 significat
588 380 765 436 quidem
784 388 948 424 omnes,
969 373 1046 416 sed
1074 372 1300 427 conjuncti
1325 375 1368 413 et
1397 383 1575 424 congre-

185 453 299 506 gati3
331 455 378 494 at
398 444 500 492 vero
523 462 675 492 ornnes
697 446 829 488 etiam
850 445 888 486 si
908 442 1095 485 diversis
1115 440 1231 482 locis
1252 441 1349 481 sint.

129 521 427 569 Cufflculum,x
449 520 492 560 id
509 522 591 568 est,
603 518 801 559 foramen
817 513 899 554 sub
917 517 1030 553 terra
1050 508 1289 557 occultum,
1311 510 1390 548 aut
1410 507 1466 548 ab
1488 506 1578 547 ani·

185 589 304 638 mali,
325 587 440 642 quod
463 586 603 628 simile
622 589 691 626 est
708 582 884 636 lepori,y
915 579 1174 634 appellatur,
1193 575 1313 631 quod
1334 574 1578 616 subterfos-

187 670 238 698 sa
262 663 373 698 terra
394 656 528 697 latere
549 656 617 694 est
639 651 819 692 solitum
837 662 848 700 ;

881 652 959 690 aut
981 661 1008 689 a
1023 657 1261 687 cuneorum
1282 640 1578 690 similitudine,

185 725 261 778 qui
283 737 453 765 omnem
474 721 703 762 materiam
724 719 887 760 intrant
904 715 1137 757 findentes.

132 791 292 833 Cunire
307 797 321 812 ²
353 794 420 832 est
441 792 608 831 stercus
630 788 796 829 facere:
839 783 948 826 unde
964 787 1006 825 et
1024 781 1262 836 inquinare.

738 905 855 917 eeeeee

172 970 190 998 4
217 966 270 998 Al.
302 968 339 997 C.
353 976 383 1006 p.
407 969 466 996 est.

858 904 975 916 ιιιιιι

790 1047 930 1080 No'rAE

172 1133 180 1150 ¹
206 1133 285 1161 Cum
308 1131 461 1170 potestate
490 1127 569 1168 esse]
606 1126 693 1158 Vide
724 1134 828 1166 supra

129 1188 136 1199 ‘²'
153 1183 236 1213 Cum
251 1179 417 1221 imperio.’
441 1179 538 1210 Idem.

172 1238 186 1253 ¹¹
205 1230 335 1270 Cuncti]
358 1229 453 1260 Idem
478 1228 605 1260 Ascon.
631 1227 664 1258 in
685 1226 826 1257 divinat.

127 1284 136 1298 ‘
155 1282 278 1314 Cuncti
304 1281 402 1311 simul
425 1288 541 1310 omnes
557 1277 652 1320 quasi
668 1277 829 1317 conjunc-

130 1333 182 1364 ti.’
223 1333 280 1363 Sic
304 1332 401 1372 Virg.
429 1339 453 1361 1.
481 1329 555 1361 AEn.
578 1329 723 1360 ‘Cuncti
749 1337 826 1358 nam

127 1383 227 1415 lectis
243 1381 384 1413 navibus
408 1379 527 1411 ibant!
572 1379 641 1410 Ubi
666 1378 802 1410 Servius
822 1388 829 1407 :

129 1433 138 1450 ‘
153 1434 240 1465 Sane
277 1433 391 1464 cuncti
430 1440 495 1462 non
533 1429 623 1461 idem
661 1427 831 1469 significat

132 1483 220 1524 quod
236 1492 350 1514 omnes
365 1494 371 1512 :
394 1481 512 1513 Cicero
533 1490 625 1521 saepe
642 1480 701 1519 ait,
718 1479 832 1510 cuncti

130 1539 232 1575 atque
255 1543 383 1573 omnes,
402 1533 480 1573 quia
496 1541 611 1563 omnes
627 1540 691 1562 non
715 1529 831 1561 statim

131 1588 209 1615 sunt
237 1584 364 1619 cuncti,
396 1583 457 1613 nisi
488 1582 588 1613 iidem
621 1581 718 1612 simul
753 1584 831 1611 suut

123 1634 263 1675 juncti)
311 1635 425 1665 Omnes
440 1633 483 1664 de
501 1632 666 1663 universis
685 1641 827 1663 numero

128 1685 296 1716 distinctis
313 1685 447 1716 dicitur.
493 1684 588 1723 Virg.
614 1683 711 1713 ‘Rex
734 1682 830 1721 Jupi-

131 1740 183 1766 ter
199 1735 349 1766 omnibus
366 1733 477 1765 idem)
503 1734 548 1764 Et
561 1733 697 1764 Sallust.
721 1732 730 1748 ‘
747 1732 828 1763 Om-

128 1796 188 1817 nes
218 1786 367 1817 homines
395 1785 451 1825 qui
478 1793 551 1815 sese
578 1782 742 1824 student,’
764 1784 829 1814 διε.

127 1838 225 1868 Idem.

174 1892 188 1906 Χ
215 1885 412 1926 Caniculam]
438 1884 566 1915 Contra
588 1883 695 1914 Varro
722 1883 780 1915 lib.
804 1893 830 1915 1.

131 1938 173 1969 de
191 1938 241 1969 Re
258 1938 356 1968 Rust.
373 1935 564 1967 cuniculum
581 1934 703 1965 animal
728 1944 745 1964 a
772 1943 829 1964 cu-

131 1990 265 2030 niculis,
284 1988 315 2019 id
344 1993 408 2027 est,
424 1986 643 2018 foraminibus
661 1985 829 2017 subterra-

130 2042 201 2072 neis
218 2040 342 2071 dictum
358 2042 467 2079 putat.
513 2037 592 2077 Ejus
611 2035 712 2067 verba
729 2042 829 2067 sunt:

131 2091 140 2107 ‘
152 2090 307 2123 Cuniculi
324 2088 407 2120 dicti
424 2087 467 2119 ab
484 2097 523 2118 eo
539 2086 628 2128 quod
653 2087 714 2118 sub
740 2091 832 2118 terra

130 2141 303 2174 cuniculos
325 2140 388 2181 ipsi
401 2138 515 2170 facere
533 2138 679 2176 soleant,
704 2137 761 2168 ubi
785 2138 832 2169 la-

132 2198 227 2224 teant
244 2192 278 2222 in
304 2189 414 2232 agris.'
460 2188 528 2220 Sed
553 2188 767 2219 verisimilius
791 2188 832 2220 ab

131 2244 267 2275 animali
290 2251 411 2273 nomen
436 2240 592 2281 inditum,
620 2239 708 2281 quod
732 2240 829 2271 miles

132 2294 304 2325 cuniculos
328 2291 436 2323 fodiat
459 2291 612 2322 animalis
639 2290 737 2331 liujus
759 2291 830 2321 irni-

134 2345 272 2376 tatione.
317 2344 380 2374 Est
396 2346 508 2372 antem
535 2340 757 2381 Hispanicum
777 2351 833 2373 vo-

133 2395 289 2427 cabulum
319 2392 489 2423 cuniculus.
542 2391 631 2422 Plin.
662 2391 720 2422 lib.
751 2400 832 2423 vm.

133 2456 208 2487 cap.
223 2447 276 2477 53.
304 2444 313 2461 ‘
332 2444 500 2483 Leporum
527 2441 659 2482 generis
687 2447 777 2481 sunt,
797 2446 833 2473 et

136 2506 219 2538 quos
246 2493 414 2535 Hispania
448 2492 622 2524 cuniculos
662 2492 833 2532 appellat!

136 2547 232 2578 Idem
249 2545 373 2577 Galen.
391 2543 450 2574 lib.
468 2551 523 2573 ιιι.
547 2542 669 2572 AElian.
682 2542 724 2573 de
751 2542 834 2575 Ani·

136 2597 212 2628 mal.
228 2595 288 2627 lib.
306 2603 388 2626 xm.
406 2602 483 2633 cap.
502 2595 553 2622 15.
599 2591 694 2622 Idem
721 2597 756 2623 et
780 2594 834 2624 alii

136 2647 253 2685 multi3
278 2645 336 2676 sed
357 2643 491 2675 tandem
509 2651 584 2672 vere
601 2643 837 2675 ostenditeru-

139 2697 325 2729 ditissimus
351 2694 460 2736 AEgid.
489 2693 681 2734 Menagius,
705 2693 736 2725 in
763 2704 838 2735 per-

883 1131 1013 1153 amoeno
1030 1121 1087 1152 illo
1111 1119 1151 1151 de
1172 1118 1262 1160 juris
1281 1114 1530 1148 amoenitatibus
1545 1114 1583 1146 li-

882 1173 955 1208 bro,
971 1171 1163 1203 cuniculum
1180 1169 1338 1201 Graecum
1353 1176 1428 1198 esse
1441 1165 1583 1206 origine.

879 1225 888 1241 ⁴
906 1223 1004 1263 Κυὼν,
1027 1221 1128 1257 κυνὸς,
1151 1218 1286 1257 κυνικὸς,
1309 1217 1467 1258 eunicus,
1490 1216 1585 1248 cuni-

879 1273 998 1313 culus‚'
1024 1272 1058 1303 id
1075 1277 1142 1311 est,
1164 1274 1174 1288 ‘
1186 1269 1372 1309 caniculus,
1385 1267 1426 1299 ab
1440 1266 1494 1308 ὕω,
1507 1264 1584 1306 κύω,

880 1325 983 1366 κύων,’
1009 1327 1074 1356 &c.
1139 1322 1308 1355 Cuniculus
1338 1320 1440 1356 enim,
1466 1319 1588 1360 inquit,

882 1377 1023 1419 proprie
1040 1381 1075 1408 et
1093 1374 1253 1416 primario
1274 1377 1328 1404 est
1341 1371 1444 1402 foetus
1461 1370 1588 1401 anima·

881 1428 941 1459 lis:
967 1426 1103 1459 transiit
1119 1428 1240 1466 postea
1255 1423 1297 1454 ad
1314 1421 1453 1461 λαγιδεῖς
1471 1418 1587 1460 γεωρύ-

882 1490 970 1519 χους,
1000 1476 1222 1518 ‘lepusculos
1250 1479 1376 1506 terram
1397 1471 1590 1504 fodientes:

882 1529 937 1561 Ita
953 1528 1126 1560 cuniculos
1140 1524 1265 1558 Strabo
1279 1524 1456 1565 eleganter
1469 1522 1589 1563 appel-

883 1581 943 1620 lat,
957 1589 1100 1620 ciunque
1117 1577 1348 1608 cuniculorum
1372 1573 1471 1605 ferax
1495 1577 1588 1604 esset

880 1631 1061 1672 Hispania,
1072 1628 1180 1670 (unde
1194 1627 1425 1659 cuniculosam
1437 1624 1588 1657 Celtibe-

882 1682 966 1713 riam
984 1681 1071 1712 dixit
1088 1676 1273 1718 Catullus‚)
1297 1675 1336 1708 τὸ
1350 1676 1509 1708 cuniculus
1528 1685 1585 1706 vo·

882 1743 956 1764 cem
985 1741 1058 1763 esse
1088 1730 1275 1771 Hispanam
1302 1727 1389 1759 falso
1418 1726 1587 1758 creditum

883 1788 936 1815 est
951 1795 959 1815 ς
978 1793 1042 1814 non
1060 1781 1164 1822 igitur
1181 1779 1303 1812 animal
1319 1788 1338 1809 a
1355 1777 1588 1809 subterraneis

884 1833 1063 1871 meatibus,
1078 1836 1117 1863 ut
1135 1831 1305 1870 scripsere
1328 1828 1438 1859 Varro
1462 1833 1498 1859 et
1521 1827 1591 1858 Pli-

884 1883 970 1917 nius,
988 1890 1107 1913 nomen
1126 1879 1273 1920 accepit,
1291 1877 1350 1909 sed
1367 1882 1497 1908 meatus
1511 1875 1589 1908 sub-

884 1932 1032 1964 terranei
1047 1931 1089 1962 ab
1106 1929 1242 1961 animali
1255 1928 1338 1959 dicti
1356 1932 1448 1967 sunt,
1464 1932 1501 1957 ut
1516 1936 1588 1958 rec·

884 1988 917 2015 te
934 1981 1105 2014 Martialis
1120 1992 1127 2012 :
1144 1981 1153 1996 ‘
1172 1978 1312 2012 Gaudet
1333 1979 1366 2010 in
1384 1977 1512 2009 effossis
1532 1977 1588 2008 ha-

881 2035 992 2067 bitare
1022 2033 1197 2065 cuniculus
1227 2031 1351 2062 antris:
1377 2028 1590 2061 Monstravit

887 2087 1007 2119 tacitas
1024 2083 1175 2116 hostibus
1193 2083 1249 2113 ille
1267 2079 1359 2112 vias.'
1383 2080 1481 2110 Idem.

927 2143 940 2164 Υ
967 2137 1054 2173 Quod
1072 2134 1174 2165 simile
1189 2136 1235 2164 est
1252 2130 1363 2172 lepori]
1386 2130 1476 2161 Vere
1493 2129 1589 2170 lepus

886 2198 953 2220 non
971 2192 1035 2218 est.
1082 2185 1252 2225 Lepon-um
1271 2182 1337 2213 tria
1355 2189 1482 2221 genera
1505 2179 1589 2210 facit

884 2239 995 2270 Varro
1011 2237 1070 2268 lib.
1086 2245 1144 2266 ιιι.
1161 2234 1202 2264 de
1216 2234 1264 2264 Re
1278 2233 1373 2263 Rust.
1388 2234 1422 2261 et
1436 2230 1478 2260 de
1494 2230 1591 2261 cuni-

884 2289 981 2321 culo:
1003 2289 1012 2304 ‘
1029 2283 1162 2325 Tertii‚'
1191 2283 1312 2323 inquit,
1345 2281 1354 2297 ‘
1369 2280 1501 2321 generis
1525 2284 1592 2314 est,

887 2338 976 2381 quod
994 2339 1026 2370 in
1041 2334 1208 2377 Hispania
1220 2333 1384 2371 nascitur,
1396 2332 1501 2362 simile
1515 2341 1590 2362 nos—

887 2395 941 2422 tro
968 2388 1075 2430 lepori
1098 2396 1140 2417 ex
1166 2383 1308 2426 quadam
1327 2390 1437 2424 parte,
1453 2383 1511 2414 sed
1529 2383 1587 2413 liu-

889 2441 979 2480 mile,
1016 2447 1117 2480 quem
1160 2434 1354 2467 cuniculum
1391 2431 1592 2474 appellant!

889 2492 989 2523 Idem.

930 2548 942 2562 2
969 2538 1101 2578 Cunire]
1127 2536 1153 2568 A
1173 2546 1302 2571 coenum,
1329 2544 1438 2569 cunae,
1461 2534 1590 2574 cunire,

891 2592 1083 2633 inquinare,
1112 2588 1416 2629 inquinamentum,
1440 2595 1589 2616 anennu-

892 2644 1032 2673 lentum.
1078 2638 1166 2669 vide
1184 2637 1215 2668 iu
1235 2646 1317 2668 voce
1347 2637 1355 2653 ‘
1372 2636 1590 2667 Ancunulen-

896 2692 963 2725 lael
1014 2691 1041 2722 A
1071 2699 1187 2721 coenum
1212 2688 1314 2720 dictae
1334 2692 1410 2719 sunt
1427 2696 1536 2726 cunze,
1552 2690 1589 2717 ut
