1835 2906
161 131 247 171 :34⁴2

608 139 756 169 SEXTr
793 139 994 169 POMPEU
1031 138 1167 168 FEs'rl

162 238 190 278 J
197 250 323 289 ugere
337 243 351 260 0
373 236 496 276 milvi
516 235 731 284 dicuntur,
754 249 850 277 cum
873 248 1027 276 vocem
1047 235 1269 275 emittunt.

162 303 332 356 Juges,‘¹
353 303 546 357 ejusdem
563 303 674 357 jugi,
697 316 849 357 pares:
869 303 986 344 unde
1009 302 1267 355 conjuges‚¹¹
1290 306 1331 344 et
1354 302 1540 356 sejuges.

161 372 190 412 J
196 371 329 423 ugula
345 376 359 393 ²
396 371 531 412 stella
563 369 716 422 Orion,
742 372 863 425 quod
887 371 1072 425 amplior
1094 370 1151 411 sit
1173 371 1344 420 ceteris,
1369 371 1496 423 quasi
1519 382 1610 410 nux

213 438 450 491 juglandis.

163 506 191 545 J
197 502 361 558 ugum‚f
389 507 470 546 sub
493 518 581 559 quo
602 505 708 547 victi
737 506 1001 557 transibant,
1028 506 1110 547 hoc
1140 505 1272 545 modo
1301 504 1487 557 fiebant3
1509 503 1612 543 fixis

221 572 392 614 duabus
425 573 578 622 hastis,
614 585 745 626 super
765 586 840 614 eas
862 573 1082 627 ligabatur
1104 573 1257 614 tertia:
1289 573 1371 613 sub
1394 572 1449 612 iis
1472 571 1612 612 victos

221 639 462 681 discinctos
483 640 666 681 transire
683 641 914 692 cogebant.

770 758 1002 770 “totto-tete,

212 838 247 866 11
277 835 338 867 Ed.
356 837 446 867 Scal.
463 837 550 872 unde,
566 838 617 875 ὅτ.

822 911 960 942 NOTAE

165 994 206 1016 ne
231 984 452 1025 impediretur
475 985 649 1026 auspiciis,
672 992 792 1027 operta
816 988 863 1018 lo-

165 1035 236 1066 rica
252 1045 288 1066 se
304 1035 369 1066 iter
387 1033 512 1066 faeere.
562 1036 651 1067 Huic
669 1037 776 1069 simile
799 1044 864 1076 est,

166 1085 253 1126 quod
283 1095 340 1116 nos
372 1084 528 1125 Augures
559 1087 788 1128 piaecipimus,
822 1098 864 1119 ne

161 1137 245 1176 juge
270 1136 455 1176 auspicium
481 1137 627 1174 eveniat,
651 1145 687 1168 ut
708 1137 866 1178 jumenta

160 1186 304 1226 jubeant
321 1185 538 1226 disjungere!
583 1188 709 1217 Tamen
729 1188 866 1219 Servius

168 1235 209 1266 ad
226 1235 308 1266 illud
326 1236 443 1275 Virgil.
460 1245 516 1267 111.
536 1236 665 1267 AEueid.
687 1238 696 1254 ‘
713 1238 866 1269 Quatuor

166 1287 221 1316 hic
238 1287 382 1327 primum
400 1297 497 1318 omen
523 1298 627 1328 equos
654 1290 686 1319 in
715 1291 865 1330 gramine

169 1336 259 1368 vidi?
294 1336 304 1353 ‘
320 1337 447 1377 Multi,'
467 1339 589 1379 inquit,
607 1340 615 1356 ‘
630 1339 671 1370 de
688 1340 780 1371 libris
797 1340 865 1372 Au-

167 1397 286 1426 gurum
302 1388 461 1419 tradunt:
481 1390 566 1429 juge
585 1389 617 1420 id
635 1390 722 1420 enim
740 1390 866 1422 dicitur

170 1439 358 1478 augurium,
383 1440 471 1480 quod
489 1449 531 1471 ex
553 1440 683 1480 junctis
702 1442 867 1481 jumentis

168 1488 242 1519 fiat.
287 1489 501 1519 Observatur
518 1490 605 1520 enim
623 1500 663 1520 ne
690 1491 866 1530 prodituro

169 1537 380 1578 magistratui
412 1539 590 1580 disjunctis
621 1541 726 1572 bobus
757 1543 867 1582 plaus-

170 1594 258 1620 trum
276 1589 408 1621 obviam
425 1590 561 1621 veniat?
598 1592 641 1622 Et
659 1591 760 1632 paulo
777 1598 871 1632 post:

171 1640 179 1655 ‘
191 1640 274 1670 Cum
291 1645 403 1671 autem
422 1641 505 1672 dicit
522 1642 624 1683 JugO,
641 1653 753 1674 veram
771 1643 872 1683 signi-

170 1689 361 1722 ficationem
377 1691 511 1732 Jugetis
527 1691 633 1724 fucit!
671 1694 754 1726 Quae
770 1695 871 1733 paulo

170 1740 303 1771 diversa
320 1748 410 1772 sunt.
455 1742 523 1772 Sed
551 1743 629 1773 milii
656 1743 802 1783 suspicio
819 1750 872 1775 est

172 1793 315 1822 esen-vio
325 1793 450 1833 aliquid
464 1794 630 1824 excidisse
643 1806 649 1824 :
664 1795 752 1826 forte
766 1796 870 1836 scrip-

174 1847 244 1872 tum
272 1841 395 1881 fuerat,
428 1853 465 1873 ne
487 1845 647 1884 proditura
674 1846 874 1883 magistratui

173 1892 235 1923 nisi
251 1892 413 1930 disjunctis
428 1893 530 1932 bobus,
545 1896 597 1933 lise.
616 1905 717 1934 porro
735 1906 774 1926 eo
791 1897 871 1927 allu-

172 1943 255 1973 sisse
288 1943 423 1975 videtur
454 1950 573 1975 auctor
600 1946 766 1977 Glossarii
796 1958 870 1978 cum

173 1994 324 2034 scripsit,
339 1995 347 2009 ‘
360 1994 501 2035 jugites,
517 1994 777 2034 συνεζευγμε’νοι.’
791 1999 872 2029 Duc.

218 2050 229 2065 Γ·
246 2047 381 2087 Jugere]
401 2046 629 2077 Glossarium:
647 2050 655 2063 ‘
670 2048 779 2087 Jugit,
795 2048 874 2079 ἰκτὶν

174 2096 262 2137 fimi-¹
301 2097 353 2127 Ita
370 2097 456 2127 enim
475 2097 654 2137 legendum
673 2099 782 2129 Varro
797 2101 873 2130 Ses-

174 2148 336 2187 quiulyxe
355 2158 362 2178 :
399 2147 408 2163 ‘
425 2148 551 2187 Jugere
584 2149 724 2178 volitans
755 2150 873 2180 milvos

175 2208 294 2239 aquarn
312 2209 330 2228 e
350 2198 491 2229 nubibus
507 2203 628 2229 tortam
647 2199 774 2230 indicat
788 2198 873 2235 fore,

177 2254 213 2279 ut
232 2250 383 2289 tegillum
401 2249 462 2279 sibi
483 2254 597 2290 pastor
613 2249 747 2281 sumat!
786 2251 874 2281 Vide

177 2300 208 2329 in
228 2299 481 2340 CoujectaneiS.
506 2301 576 2330 Jos.
591 2300 674 2330 Scal.

219 2351 354 2391 λης-επ]
371 2352 501 2381 Glossae
519 2351 659 2381 Isidori:
678 2350 788 2391 ‘jugit
804 2351 874 2382 mil-

179 2411 238 2430 vus
258 2410 331 2430 cum
349 2411 462 2431 vocem
481 2401 632 2432 emittit!
658 2402 739 2432 Dac-

219 2450 232 2469 d
256 2451 375 2491 dages]
414 2452 497 2482 lude
526 2452 705 2490 adjectiva,
731 2455 738 2470 ‘
760 2453 875 2493 couju-

179 2500 260 2538 ξοδ]
277 2503 285 2515 ‘
298 2500 452 2539 “1511chss
468 2506 475 2518 ⁴
492 2502 643 2542 bijuges?
689 2503 873 2543 Apuleius:

180 2552 350 2591 ‘quinque
375 2552 539 2591 conjuges
563 2553 708 2592 copuiae,
732 2554 771 2583 iis
787 2553 875 2583 ordi-

179 2607 265 2632 natae
282 2601 410 2631 vicibus
426 2602 635 2633 attinentur?
668 2604 761 2634 Idem
778 2603 874 2634 alibi:

179 2654 187 2668 ‘
207 2652 279 2682 Nec
298 2651 384 2682 istud
415 2652 535 2691 puduit
561 2663 611 2682 me
637 2664 711 2684 cum
738 2664 810 2684 nico
827 2654 874 2684 fa-

181 2702 282 2738 mulo,
308 2712 449 2743 meoque
476 2708 610 2733 vectore
636 2704 691 2735 illo
708 2714 792 2745 equo
808 2704 875 2735 fac-

921 991 991 1018 tum
1036 994 1235 1016 conservum
1275 989 1376 1026 atque
1413 983 1620 1025 conjugem.²

920 1037 1005 1068 Inde
1020 1037 1132 1076 conjux
1148 1036 1190 1067 de
1215 1036 1293 1073 vim,
1317 1035 1458 1066 subaudi
1482 1035 1552 1066 vir:
1576 1035 1618 1066 de

919 1097 1026 1128 uxore,
1051 1086 1190 1117 subaudi
1207 1096 1297 1116 uxor.
1342 1086 1454 1117 Gloss.
1472 1085 1594 1116 Isidori
1610 1097 1615 1112 :

920 1139 930 1156 ‘
950 1138 1049 1178 Injux
1081 1136 1152 1176 bos,
1176 1136 1323 1167 nondum
1345 1136 1429 1177 jugo
1454 1135 1616 1177 junctusl

921 1188 1022 1219 Idem.

974 1244 987 1259 e
1010 1237 1147 1277 Jugula]
1185 1238 1416 1269 Glossarium:
1456 1242 1463 1254 ¹
1480 1236 1617 1276 Jugula,

921 1288 1036 1330 ἄστρον
1047 1287 1346 1329 Ὠρίωνος,“οράτιος
1358 1288 1396 1319 ὥς
1406 1287 1506 1328 φησι.’
1531 1289 1618 1318 Sane

924 1339 1087 1370 Horatius
1101 1339 1253 1370 meminit
1265 1339 1416 1373 Orionis,
1429 1348 1493 1369 non
1506 1343 1618 1369 autem

917 1391 1058 1431 jugulae.
1105 1390 1172 1421 Sed
1191 1390 1392 1430 legendum:
1409 1390 1424 1419 ὁ
1441 1389 1565 1420 Ἄττιος
1582 1389 1618 1419 ὥς

921 1447 1008 1480 φησι.
1061 1442 1190 1472 Varro:
1223 1443 1232 1457 ⁴
1249 1441 1374 1481 Jugula
1402 1440 1530 1480 signum
1558 1444 1621 1473 est,

922 1493 1011 1533 quod
1026 1492 1141 1522 Attius
1152 1492 1302 1531 appellat
1316 1491 1454 1530 Oriona,
1468 1501 1543 1522 cum
1556 1490 1618 1520 ait:

923 1543 1024 1573 citius
1043 1542 1150 1572 Orion
1171 1541 1309 1581 patefit!
1337 1541 1391 1572 Ita
1407 1551 1468 1572 uec
1485 1541 1620 1581 quidem

922 1594 1159 1624 constabitsua
1171 1592 1255 1623 fides
1268 1592 1506 1623 illiGlossario.
1533 1592 1621 1623 Nam

924 1643 1040 1674 Attius
1058 1653 1122 1673 non
1150 1643 1236 1673 dixit
1255 1642 1423 1682 jugulam,
1445 1642 1504 1672 sed
1522 1641 1621 1672 Orio-

924 1704 1012 1725 nem.
1056 1694 1122 1724 Sed
1143 1699 1224 1734 puto
1241 1691 1424 1730 μνημονικὸν
1439 1690 1621 1732 ἂμάρτημαῑ

924 1755 999 1776 cum
1027 1743 1232 1774 meminisset
1262 1754 1281 1773 a
1302 1743 1454 1773 Varrone
1477 1743 1624 1781 Jugutae,

924 1802 959 1826 et
978 1795 1063 1825 Attii
1093 1804 1157 1824 uuo
1186 1794 1217 1824 in
1242 1794 1316 1824 loco
1333 1794 1535 1824 mentionem
1553 1790 1624 1823 fac·

926 1852 1006 1883 tam,
1042 1851 1179 1885 putasse
1205 1845 1245 1874 ab
1273 1844 1371 1875 Attio
1398 1844 1470 1884 ipso
1492 1843 1622 1884 jugnlae

927 1906 1059 1937 quoque
1078 1896 1281 1926 mentionem
1299 1894 1383 1925 fieri.
1406 1896 1472 1926 Jos.
1487 1895 1571 1925 Scul-

970 1948 1108 1988 Jugula]
1135 1946 1248 1977 Plaut.
1267 1945 1417 1985 Ampnit.
1434 1954 1456 1977 ι.
1475 1948 1503 1976 l.
1529 1946 1538 1962 ⁴
1555 1945 1625 1976 Ne-

927 2006 992 2036 que
1011 1997 1147 2036 jugula,
1165 2005 1271 2036 neque
1290 2004 1490 2035 vesperugo,
1515 2004 1623 2035 neque

927 2048 1080 2087 virgiliae
1097 2045 1279 2077 occidunt.'
1318 2046 1418 2076 Ratio
1437 2052 1549 2076 autem
1567 2055 1624 2075 no-

929 2099 1024 2127 minis
1039 2108 1080 2128 ex
1094 2098 1244 2134 Varrone
1259 2096 1316 2126 lib.
1329 2105 1376 2126 V1.
1394 2100 1402 2112 ‘
1417 2096 1525 2136 Hujus
1538 2096 1624 2135 sigui

929 2155 1031 2189 caput
1048 2149 1175 2179 dicitur
1192 2158 1209 2179 e
1234 2148 1339 2178 stellis
1364 2152 1516 2188 quatuor,
1542 2157 1623 2188 quas

930 2199 1013 2229 iufra
1031 2199 1105 2229 ‹luae
1125 2199 1240 2236 clarae,
1264 2207 1343 2238 quas
1371 2198 1543 2238 appellant
1567 2198 1624 2228 hu-

929 2258 1050 2285 mcr05‚
1074 2250 1162 2279 inter
1178 2258 1258 2288 quas
1274 2247 1362 2288 quod
1380 2247 1626 2288 videturjugu-

929 2300 1008 2330 lum.
1039 2299 1271 2339 Uudejugula
1287 2297 1401 2328 dicta.’
1433 2298 1541 2339 quue
1556 2307 1626 2329 rec·

930 2351 993 2379 tius
1011 2359 1109 2390 quam
1125 2349 1214 2389 <quod
1243 2353 1388 2388 nugatur
1413 2349 1466 2379 liic
1494 2349 1625 2379 Festus.

930 2400 1012 2431 Duc.

971 2448 1131 2488 fdugum]
1148 2449 1243 2480 Idem
1263 2448 1375 2479 Livius
1393 2448 1449 2478 lib.
1469 2457 1522 2478 ιιι.
1541 2452 1625 2478 sect.

929 2504 981 2530 25.
1016 2502 1024 2517 ‘
1047 2501 1167 2531 Tribus
1192 2499 1295 2530 hastis
1314 2499 1434 2539 jugum
1459 2498 1510 2538 fit,
1536 2499 1625 2529 hunni

931 2552 1004 2582 fixis
1018 2552 1158 2590 duabus,
1179 2560 1346 2591 superque
1361 2559 1417 2580 eas
1431 2554 1625 2580 transversa

931 2612 996 2632 uua
1012 2599 1183 2641 deligata)
1218 2601 1302 2631 vide
1318 2600 1326 2616 ⁸
1341 2599 1532 2640 subjugum
1551 2601 1625 2630 mit-

932 2652 979 2684 ti.’
1024 2653 1110 2684 Vide
1138 2658 1172 2684 ct
1204 2652 1277 2682 Liv.
1309 2650 1367 2681 lib.
1398 2659 1451 2680 ix.
1483 2654 1567 2681 sect.
1595 2654 1626 2681 5.

935 2705 1029 2734 Idem.
