1835 2906
356 159 418 190 DE
452 155 724 187 VERBORUM
759 149 1166 185 SIGNIFICATIONE
1200 149 1294 179 [AB.
1325 148 1399 178 111.

1514 137 1596 178 151

159 254 384 308 Cercopaq
406 251 554 294 Graeci
574 249 801 305 appellant
819 244 980 287 lucrari
999 243 1192 296 undique
1212 242 1474 296 cupientem,
1492 253 1597 293 qua-

214 323 251 362 si
276 319 447 375 Κέρδονα,
467 332 599 372 quem
619 329 697 357 nos
718 325 897 368 quoque
917 311 1154 352 lucrionem
1175 320 1400 349 vocamus.

159 387 321 428 Cereos
334 392 347 409 ¹
368 386 671 426 Saturnalibus
690 382 857 422 muneri
879 379 1043 420 dabant
1062 376 1320 417 humiliores
1338 372 1598 428 potentiori-

214 456 310 504 bus,
344 454 451 508 quia
486 452 680 493 candelis
712 460 945 503 pauperes,
980 445 1227 499 locupletes
1255 443 1391 484 cereis
1417 441 1598 482 uteban-

217 526 300 562 tur.

161 587 387 630 Cermalus
401 592 412 608 ³
432 587 556 626 locus
576 584 620 624 in
643 583 748 623 urbe
770 582 835 622 sic
855 579 1117 621 nominatus.

162 655 362 696 Cernuus
375 653 386 674 ²
405 650 684 693 calciamenti
706 661 855 702 genus.

162 720 351 763 Cerritus
366 725 381 740 ¹¹
403 717 609 758 furiosus.

812 867 842 898 N
851 865 954 897 OTAE

201 950 217 971 ἰ
244 944 394 984 Cercopa]
419 942 509 976 Quid
533 942 680 973 habebat
697 942 729 972 in
748 941 859 971 animo

162 994 296 1032 Festus,
309 998 368 1024 aut
383 993 535 1032 Verrius,
551 1002 624 1023 curn
641 993 713 1023 haec
731 991 858 1022 scribe-

163 1044 237 1074 ret?
262 1054 335 1084 quae
353 1044 441 1074 enim
463 1043 620 1082 cognatio
635 1044 683 1081 τῷ·
700 1041 808 1082 κέρκῳ,
824 1046 860 1071 et

162 1095 207 1132 τῷ
231 1093 346 1134 κέρδειέ
370 1092 522 1132 κέρκωπες
541 1103 560 1123 a
576 1093 708 1124 Graecis
728 1091 858 1131 πανοῦρ-

161 1154 212 1181 γοι
241 1144 412 1174 dicuntur.
470 1143 620 1182 Ejusque
647 1142 696 1172 rei
723 1150 858 1172 causam

163 1197 287 1233 petunt
304 1193 345 1223 ab
362 1192 511 1223 historia.
534 1193 604 1223 Jos.
620 1190 702 1222 Scal.

208 1242 358 1283 Cercopa]
370 1243 490 1273 Festus
507 1241 641 1272 videtur
656 1240 826 1271 deducere
840 1249 860 1270 a

164 1293 277 1334 κέρδος,
294 1294 437 1330 lucrum,
462 1293 513 1322 vel
527 1302 546 1322 a
558 1292 683 1323 Gr‘aeco
701 1291 804 1331 κέρδος
826 1294 861 1321 et

165 1345 284 1376 Latino
310 1344 412 1384 cupio,
429 1344 519 1383 quasi
535 1343 729 1382 cerdocupis:
758 1351 860 1372 merae

165 1404 278 1434 nngae.
324 1392 452 1434 Κέρκωψ
472 1393 631 1424 Graecum
655 1397 721 1431 est,
746 1396 781 1422 et
804 1401 863 1422 ex-

165 1444 302 1484 ponitur
324 1445 445 1474 animal
469 1452 623 1483 magnam
640 1443 768 1473 habens
785 1452 863 1473 cau-

165 1495 254 1529 dam,
282 1493 314 1524 id
341 1498 405 1531 est,
432 1493 560 1533 vulpeS,
583 1502 602 1523 a
622 1492 719 1533 cujus
736 1491 862 1522 astutia

164 1545 315 1575 homines
346 1544 555 1575 fraudulenti
597 1553 733 1582 cer-copes
766 1542 860 1573 dieti.

165 1594 266 1625 Unde
293 1599 327 1625 et
354 1599 436 1625 nata
460 1593 574 1625 fabula
590 1594 632 1624 de
652 1592 861 1633 Cercopibus

166 1646 298 1686 populis
322 1645 379 1686 qui
401 1645 497 1677 Jovis
521 1645 571 1674 ira
588 1644 620 1673 in
638 1643 763 1682 simias,
786 1652 862 1683 quae

168 1695 298 1726 Graecis
314 1693 443 1733 πίθηκοι,
458 1699 491 1724 et
508 1694 543 1724 in
560 1693 685 1723 insulas
702 1692 804 1723 delati
823 1692 863 1722 iis

168 1745 452 1776 Pithecltusarum
464 1753 583 1774 nomen
598 1742 736 1773 dedere.
762 1741 866 1772 Ovid.

168 1795 399 1836 Metamorph.
416 1802 492 1825 xu'.
511 1795 520 1811 ‘
535 1793 670 1834 Quippe
683 1794 794 1824 Deum
809 1801 866 1832 ge·

169 1847 260 1877 nitor
284 1845 438 1876 fraudem
466 1850 501 1875 et
527 1844 675 1884 perjuria
697 1843 867 1884 quondam

170 1897 361 1936 Cercopum
378 1903 513 1934 exosus,
527 1894 706 1934 gentisque
724 1892 868 1922 admissa

170 1945 311 1985 dolosae,
328 1946 366 1976 In
384 1944 537 1975 deforme
555 1944 643 1974 viros
660 1943 781 1974 animal
797 1951 867 1972 rnu-

171 1997 270 2037 tavit,
288 1996 434 2027 utiidem
450 1995 640 2025 Dissimiles
653 1993 777 2024 homini
794 2002 870 2033 pos·

172 2051 248 2078 sent
263 2047 458 2087 similesque
476 2044 610 2076 videri.¹
637 2045 719 2074 Duc.

209 2102 222 2119 ¹
239 2097 366 2137 Cen-eos]
380 2097 551 2129 anernas
566 2104 645 2126 cera
657 2094 771 2133 illitaS,
788 2102 869 2133 quas

171 2149 292 2180 Festus
308 2147 451 2187 opponit
475 2144 626 2176 candelis
644 2153 721 2184 quae
738 2145 813 2183 pice
830 2142 870 2173 il-

171 2198 375 2228 linebantur.
408 2195 662 2227 Potentioribus
675 2203 792 2225 cereos
807 2193 865 2224 da-

172 2247 254 2278 bant
268 2247 460 2278 humiliores
475 2244 724 2283 Saturnalibus,
737 2244 780 2275 de
797 2253 866 2274 mo-

174 2306 210 2328 re
224 2297 375 2334 scilice13
401 2297 466 2327 illis
489 2296 576 2326 enim
593 2295 712 2326 diebus
728 2303 869 2324 munera

175 2354 236 2385 per
250 2350 352 2376 totam
365 2345 481 2375 urbem
496 2344 744 2375 commeabant.
781 2343 868 2374 Vide

176 2396 327 2426 Martial.
365 2395 423 2425 lib.
453 2403 503 2424 ιν.
539 2394 637 2434 Epig.
666 2396 720 2424 46.
751 2398 787 2424 et
815 2396 869 2424 89.

176 2446 277 2476 Idem.

218 2501 229 2515 ⁵
255 2493 430 2534 Cermalus]
456 2493 566 2524 Varro
592 2492 651 2524 lib.
677 2502 727 2524 lv.
758 2493 768 2510 ⁴
785 2493 872 2524 Ger-

175 2546 299 2577 malum
317 2555 335 2576 a
353 2544 521 2583 germanis
545 2544 688 2575 Romulo
704 2549 739 2575 et
753 2544 874 2585 Remo,

176 2595 263 2635 quod
284 2595 326 2626 ad
343 2595 458 2625 Ficum
478 2594 688 2625 Ruminalem
704 2594 736 2625 hi
757 2595 872 2624 inven-

178 2645 227 2675 u!
262 2645 437 2676 Plutarch.
455 2644 486 2674 in
505 2644 659 2683 Romulo,
675 2645 871 2675 Germalum

177 2694 255 2725 olim
285 2704 303 2725 a
329 2694 509 2734 germanis,
536 2699 656 2734 postea
684 2694 873 2725 Cermalum

913 939 1042 971 dictum
1072 948 1146 970 esse
1183 938 1314 970 scribit.
1368 936 1456 968 Vide
1494 935 1607 976 Septi=

912 990 1088 1029 montium,
1105 993 1141 1020 et
1156 988 1304 1020 Matrem
1321 987 1502 1018 Matutam.
1527 985 1606 1017 Ant.

914 1040 1002 1078 Aug.

959 1087 1134 1128 Cermalus]
1145 1086 1292 1118 Palatini
1308 1085 1431 1117 montis
1447 1093 1524 1124 pars
1535 1093 1610 1125 quae

913 1138 1020 1170 forum
1036 1148 1162 1178 versus,
1175 1133 1346 1177 Κερμαλός.
1380 1135 1475 1166 Plut.
1490 1135 1523 1165 in
1541 1134 1612 1164 vita

914 1188 1060 1219 Romuli.
1105 1187 1273 1218 Scribitur
1296 1190 1332 1216 et
1361 1185 1538 1223 GermaIus,
1584 1184 1611 1213 C

914 1244 1043 1270 mutato
1059 1239 1091 1269 in
1110 1238 1154 1270 G.
1176 1239 1265 1269 Dae.

956 1291 966 1310 ²
991 1288 1145 1328 Cernuus]
1167 1287 1336 1319 Lucilius:
1363 1285 1536 1317 ‘Cerrinus
1554 1293 1612 1314 ex-

916 1340 1044 1380 templo
1072 1340 1203 1379 plantas
1232 1336 1403 1369 convestit
1433 1332 1615 1366 honestas!

919 1391 989 1421 Ful.
1010 1389 1119 1421 Ursin-

961 1437 1117 1478 Cernuus]
1149 1436 1369 1469 Calciamenti
1400 1444 1505 1475 genus
1542 1442 1616 1464 esse

915 1489 1002 1520 male
1036 1488 1172 1529 putavit
1202 1488 1325 1518 Festus
1359 1486 1465 1517 hocce
1496 1484 1617 1515 Lucilii

916 1549 1014 1570 versu
1054 1539 1222 1578 deceptus
1259 1547 1302 1568 ex
1332 1535 1436 1567 Satir.
1468 1534 1527 1565 lib.
1557 1542 1617 1564 ιιι.

917 1589 925 1605 ‘
940 1589 1094 1620 Cernuus
1111 1587 1284 1627 extemplo
1299 1586 1431 1626 plantas
1445 1583 1617 1615 convestit

916 1637 1095 1669 honestas!
1133 1637 1201 1668 Ubi
1217 1645 1346 1667 cernuus
1361 1634 1440 1665 nihil
1458 1632 1546 1664 aliud
1562 1636 1618 1664 est

916 1698 1014 1730 quam
1043 1688 1223 1725 inclinatus,
1246 1685 1342 1727 quasi
1365 1683 1455 1725 quod
1487 1688 1615 1714 terram

919 1742 1049 1770 cernat.
1105 1737 1192 1768 Vide
1222 1736 1385 1767 Nonium.
1440 1734 1618 1773 Deceptus

920 1789 1023 1818 etiam
1038 1786 1189 1817 Isidorus
1206 1786 1261 1826 qui
1279 1785 1340 1824 ait,
1360 1785 1369 1799 ‘
1384 1783 1510 1815 Cernui
1526 1783 1619 1814 socci

921 1842 1000 1868 sunt
1030 1837 1103 1868 sine
1133 1834 1225 1867 solo.’
1284 1834 1314 1866 A
1342 1842 1472 1864 cernuus
1508 1832 1620 1864 dictus

924 1886 1089 1917 cernulus.
1134 1885 1248 1915 Gloss.
1274 1883 1393 1914 isidor.
1426 1883 1435 1899 ‘
1454 1883 1620 1913 Cernulus

922 1937 955 1968 in
972 1936 1086 1976 capite
1103 1933 1226 1966 ruens.'
1272 1933 1501 1964 Glossarium:
1525 1932 1534 1948 ‘
1547 1941 1619 1963 cer-

923 1987 1004 2025 nuli,
1020 1982 1243 2025 πεταυρισταί.’
1287 1984 1297 2000 ‘
1316 1982 1619 2023 Cernulusflremv-

923 2035 1052 2079 μισ-τῆς]
1076 2036 1174 2066 Idem.

968 2094 981 2109 ¹¹
1004 2087 1164 2127 Cerritus]
1188 2084 1345 2122 Cereriti,
1362 2082 1491 2122 cerriti,
1507 2086 1542 2113 et
1556 2083 1620 2113 lar-

925 2139 1007 2178 vati,
1023 2136 1196 2176 malesani,
1213 2134 1348 2166 Cereris
1370 2134 1419 2164 ira
1443 2137 1478 2163 et
1494 2133 1620 2162 Larva-

921 2199 992 2219 rum
1009 2187 1200 2218 incursione
1224 2184 1335 2215 animo
1353 2182 1479 2213 vexati.
1506 2181 1622 2212 Plaut.

921 2238 1092 2271 Menaech.
1116 2246 1150 2267 v.
1176 2238 1208 2266 4.
1245 2236 1254 2251 ‘
1273 2234 1363 2264 Num
1392 2233 1542 2262 larvatus
1568 2236 1623 2262 est

922 2290 976 2321 ille
992 2293 1050 2320 aut
1063 2286 1237 2319 Cerritus?
1269 2285 1336 2314 Fac
1352 2281 1480 2314 sciam!
1504 2282 1549 2312 Et
1563 2282 1622 2320 ita,

923 2345 1021 2382 puto,
1052 2337 1188 2379 proprie
1226 2335 1430 2366 dicebantur
1467 2333 1524 2373 qui
1558 2332 1623 2363 sibi

925 2391 1082 2422 Cererem
1111 2392 1146 2418 et
1166 2387 1292 2417 Lat-vas
1316 2383 1440 2414 vidisse
1462 2382 1622 2413 videban-

925 2446 994 2479 tur,
1032 2443 1070 2469 ut
1108 2437 1296 2478 Nymplxati
1335 2435 1390 2476 qui
1429 2433 1620 2474 NymphaS.

924 2489 1015 2520 Vide
1038 2488 1047 2504 ‘
1066 2485 1224 2518 Larvati.’
1257 2484 1482 2523 Glossarium,
1502 2484 1511 2500 ‘
1529 2483 1623 2515 Ceri·

926 2544 993 2578 tus,
1008 2536 1215 2578 παρεμμανῆς,
1230 2532 1505 2575 παρεμφάρακτος.’
1529 2533 1623 2563 Male

925 2591 1010 2629 sani,
1040 2588 1211 2621 commoti.
1276 2587 1342 2618 Ubi
1375 2586 1457 2617 nibil
1491 2588 1623 2614 mutan-

928 2640 1016 2670 dum.
1064 2638 1152 2669 Vide
1177 2636 1328 2677 Hesych.
1353 2636 1384 2667 in
1407 2632 1622 2675 παρεμφάρακ·

928 2702 990 2722 τος.
1014 2690 1112 2720 Idem.
