1835 2906
248 111 333 153 450

686 121 833 152 SEXTl
869 120 1069 151 POMPEI!
1105 121 1242 151 FES'H

305 219 374 256 tur
393 215 450 256 ad
471 214 635 256 tibiam.
696 215 821 265 Sunt,
843 215 918 268 qui
948 227 1001 255 eo
1031 215 1163 254 verbo
1193 214 1319 255 finem
1340 215 1573 267 significari
1603 230 1681 269 pu-

305 287 416 322 tant.
464 280 657 332 Quidam
676 282 832 322 volunt
851 281 1038 321 naeniam
1058 280 1157 321 ideo
1177 281 1283 330 dici,
1304 281 1421 334 quod
1445 282 1545 323 voci
1566 283 1682 323 simi-

304 348 389 388 lior
408 348 678 401 querimonia
696 348 887 389 flentium
908 348 980 388 sit.
1018 346 1211 397 Quidam
1233 348 1354 388 aiunt
1367 349 1525 390 naenioe
1539 354 1557 378 4
1577 349 1684 390 duc-

305 420 424 455 tum⁵
446 428 599 456 nomen
621 416 677 455 ab
700 415 884 456 extremi
905 415 1095 455 intestini
1116 415 1337 455 vocabulo
1357 428 1368 466 ;
1399 415 1546 457 Graeci
1568 416 1683 456 enim

303 480 427 521 ve'rovc
448 487 691 523 extremum
724 480 909 523 dicunt.⁶
969 482 1074 523 Sive
1097 482 1215 535 quod
1247 482 1501 523 chordarum
1528 483 1683 524 ultima

304 546 383 596 νέτη
402 548 574 597 dicitur,
595 549 1075 597 extremamlcantionis
1097 562 1249 590 vocem
1270 549 1456 590 naeniam
1489 550 1683 602 appella-

301 621 415 655 runt.

247 679 409 723 Naenia
427 680 525 722 estd
546 694 721 732 carmen,
742 680 850 737 qaod
868 683 911 723 in
926 682 1081 737 funere
1109 680 1307 722 laudandi
1341 683 1480 735 gratia
1520 682 1682 736 [FEST.

847 789 864 799 e
868 788 942 799 toea
946 788 1000 799 oce
1004 787 1079 799 ecto

286 857 306 884 4
330 853 474 885 Quidam
490 853 550 885 lib.
577 854 711 889 Quidam
725 858 828 885 aulem
842 854 1026 885 menica—5
1052 852 1119 884 Alii
1147 853 1221 883 libri
1246 854 1436 884 dictum—6
1460 853 1681 884 Scribendum

244 901 381 926 monent
409 896 497 927 Scal.
523 898 606 927 Dae.
633 897 739 927 Groeci
763 898 842 928 enim
868 898 977 933 νῆστιν
999 899 1169 927 extremum
1193 896 1373 926 intestinum
1396 896 1520 926 dicunt.-
1542 902 1575 926 et
1605 906 1682 927 iuox

242 938 426 968 chordarum
441 939 550 969 ultima
567 938 643 975 νήτη
659 940 785 971 dicitur.

245 986 279 1010 et
294 978 398 1016 νεάτη.

832 940 892 970 Vir
917 940 1009 969 doct.
1038 939 1069 969 in
1097 947 1202 978 marg.
1227 939 1280 970 ed.
1307 938 1396 969 Scal.
1419 938 1558 977 conjicit
1574 937 1683 969 νέατον

892 1066 1031 1097 ΝΟΤΙῈ

242 1149 304 1181 per
339 1140 389 1170 his
425 1140 613 1170 notavimus
643 1140 675 1169 111
707 1140 935 1180 conjectaneis

243 1191 377 1221 nostris.
407 1189 489 1222 Scal.
535 1190 603 1221 Alii
636 1191 676 1220 ab
705 1189 853 1220 Hebraeo
880 1190 935 1220 nin

243 1250 328 1281 puer
342 1241 464 1271 neniam
479 1240 663 1277 deducunt,
680 1246 716 1270 ut
738 1241 781 1271 sit
798 1240 934 1280 proprie

240 1291 343 1330 nenia,
361 1291 492 1331 quidvis
517 1291 658 1330 puerile,
677 1296 736 1321 aut
753 1290 794 1320 ad
812 1299 934 1329 pueros

241 1347 414 1380 spectans,
430 1346 468 1372 ut
488 1342 669 1380 cantilena,
684 1351 759 1382 quae
787 1341 900 1380 pueris
917 1350 935 1370 a

239 1390 429 1421 nutricibus
456 1391 598 1429 canitur,
626 1397 664 1421 ιιι
689 1399 804 1421 somno
834 1399 934 1420 occu-

239 1444 375 1480 pentur.
433 1440 560 1472 Arnob.
589 1441 646 1471 lib.
687 1449 751 1470 vii.
795 1440 803 1456 ‘
821 1441 933 1471 Somni

240 1489 329 1520 enim
357 1491 471 1531 quiete
495 1491 684 1528 solvuntur,
707 1491 934 1530 occuparique

239 1544 278 1570 ut
301 1540 362 1571 hoc
386 1540 530 1580 possint,
546 1541 638 1571 lenes
662 1540 839 1571 audieudae
856 1546 933 1571 sunt

240 1589 383 1621 neniae.'
429 1590 526 1630 Inde,
556 1590 645 1632 quod
676 1592 708 1621 in
736 1590 854 1621 funere
885 1591 932 1621 in-

239 1637 381 1670 fantium
398 1641 596 1676 canebatur,
612 1641 703 1672 nenia
719 1641 932 1681 dictum,&c.

238 1688 306 1718 Sed
323 1689 535 1720 verisimilius
554 1694 605 1720 est
630 1691 751 1721 neniam
776 1691 866 1730 prius
891 1690 932 1720 de

238 1743 342 1769 cautu
358 1738 488 1770 funebri
513 1739 639 1770 dictam
658 1739 773 1778 fuisse,
789 1746 824 1771 et
840 1739 930 1770 dein—

238 1787 281 1818 de
299 1788 341 1818 ad
358 1789 422 1819 alia
446 1790 616 1828 tralatam,
631 1795 666 1821 et
690 1791 737 1821 ita
761 1790 825 1821 dici
843 1800 933 1830 coep·

239 1840 290 1866 tas
313 1846 365 1867 res
383 1836 519 1869 frivolas
541 1845 577 1870 et
606 1850 722 1880 nugas,
741 1842 931 1880 praesertim

238 1894 315 1916 curn
331 1888 340 1903 ‘
355 1896 452 1927 nugae
464 1888 472 1900 ’
496 1893 531 1919 et
549 1890 557 1905 ‘
574 1890 773 1919 mortuaria'
787 1891 834 1919 sic
859 1900 933 1929 pro-

235 1935 311 1974 prie
334 1936 546 1976 dicebantur,
570 1948 644 1979 quae
672 1939 879 1970 canebantur
900 1941 932 1970 111

236 1989 444 2016 mortuorunm
459 1987 604 2019 laudem.
628 1989 742 2020 Plaut.
758 1990 934 2020 Asinaria:

236 2033 247 2049 ‘
265 2034 352 2065 Haec
369 2041 446 2067 suut
463 2046 527 2067 non
545 2047 730 2077 nugae‚non
747 2040 833 2070 euim
848 2050 934 2070 mor-

236 2083 367 2114 tualia.'
411 2085 510 2117 Quod
535 2087 635 2117 eliam
660 2088 754 2128 origo
771 2088 936 2129 declarat,

236 2141 312 2163 nam
329 2143 432 2175 nugoe,
460 2136 666 2168 Hebraicum
696 2144 730 2169 ct
755 2139 932 2178 Syriacum

234 2182 449 2222 vocabulum,
465 2185 514 2225 (id
527 2192 626 2217 sonat
642 2197 830 2223 moerorem,
844 2190 933 2220 sicut

234 2231 327 2262 nenia
358 2233 558 2274 planctum,)
584 2235 627 2266 de
658 2236 731 2267 aliis
758 2238 933 2277 quibusvis

235 2281 335 2312 tetris
366 2283 463 2314 rebus
494 2289 530 2315 et
559 2283 687 2316 frivolis
721 2286 822 2318 dictae
849 2289 926 2318 sint.

234 2329 315 2362 Dac.

278 2380 405 2420 Noenia]
430 2382 556 2423 Magna
567 2394 643 2424 pars
656 2386 833 2417 verborum
847 2388 927 2418 Fes-

234 2427 261 2457 ti
277 2428 474 2471 intelligitur
489 2441 531 2463 ex
545 2434 644 2465 Pauli
660 2436 818 2475 epitome.
863 2438 926 2469 Ce-

233 2480 308 2508 tera
330 2486 407 2511 sunt
433 2485 600 2523 exempla,
622 2486 742 2525 quibus
769 2488 926 2519 ostende-

233 2526 334 2558 batur
369 2539 483 2562 verum
521 2542 607 2573 esse,
643 2535 732 2575 quod
778 2536 926 2569 dicebat.

234 2576 349 2608 Plauti
382 2585 432 2609 est
460 2580 600 2614 fortasse
632 2584 666 2614 in
697 2586 923 2618 Truculento:

232 2628 243 2643 ⁴
260 2627 341 2658 hera
356 2630 443 2669 apud
461 2640 519 2661 nos
536 2633 622 2665 dixit
640 2635 792 2666 Naeniam
809 2636 852 2667 de
868 2637 924 2668 bo-

989 1140 1065 1170 nis.’
1087 1140 1165 1170 Ant.
1178 1140 1264 1179 Aug.

1031 1195 1043 1210 ⁰
1068 1190 1173 1220 Groeci
1188 1190 1267 1220 enim
1282 1187 1385 1229 νέτον]
1411 1189 1501 1229 Lege
1518 1189 1683 1220 011111803-

990 1239 1109 1279 ligero,
1138 1240 1243 1269 Groeci
1272 1239 1351 1270 enim
1382 1239 1490 1275 νῆστιν
1512 1243 1682 1269 extremum

988 1289 1169 1319 intestinum
1192 1289 1310 1319 dicunt.
1356 1287 1403 1318 At
1420 1288 1492 1328 quis
1516 1288 1647 1328 ignorat
1664 1299 1683 1318 a

983 1337 1166 1378 jejunitate
1180 1337 1227 1367 sic
1245 1336 1394 1368 dictum?
1412 1346 1431 1366 a
1454 1336 1603 1374 νηστεύω,
1619 1337 1683 1368 sci-

989 1389 1223 1429 licet‚jejnno,
1239 1387 1327 1418 unde
1345 1393 1380 1418 et
1398 1388 1526 1418 Latinis
1541 1387 1683 1426 jejunum

988 1438 1125 1469 dicitur.
1168 1438 1284 1469 Scribe
1298 1436 1397 1477 iufra,
1413 1439 1491 1477 quod
1501 1438 1684 1468 chordarum

988 1489 1096 1519 ultima
1114 1487 1191 1525 νήτη
1207 1489 1336 1519 dicitur.
1380 1489 1441 1518 Vel
1458 1489 1558 1518 etiam
1577 1487 1684 1527 νεάτη,

989 1544 1024 1568 ut
1042 1543 1093 1569 est
1105 1539 1194 1578 apud
1212 1539 1399 1568 Platonem.
1416 1538 1497 1569 Dae.

1029 1588 1042 1607 1¹
1063 1589 1175 1619 Noenia
1186 1592 1232 1619 est
1247 1611 1254 1619 .
1268 1611 1275 1619 .
1288 1588 1313 1627 .]
1351 1588 1465 1618 Noenia
1487 1591 1532 1619 est
1548 1599 1680 1629 carmen,

986 1639 1065 1678 quod
1080 1638 1232 1675 insunere
1249 1638 1397 1668 laudandi
1417 1638 1522 1676 gralia
1537 1641 1683 1668 cantatur

986 1690 1026 1719 ad
1042 1689 1166 1719 tibiam.-
1190 1689 1268 1728 quod
1292 1688 1468 1718 vocabulum
1483 1688 1635 1725 Afranius
1648 1689 1681 1718 in

988 1740 1171 1770 materteris
1198 1739 1318 1778 posuit:
1349 1738 1481 1768 noeniam
1505 1740 1587 1769 inter
1611 1748 1681 1769 exe-

987 1790 1074 1828 quias
1097 1789 1302 1820 cantitabam.
1349 1788 1429 1819 Sunt
1456 1789 1507 1828 qui
1532 1799 1564 1820 eo
1591 1789 1680 1820 verbo

977 1839 1077 1880 finem
1101 1839 1273 1879 significari
1296 1838 1505 1869 crediderunt.
1550 1839 1682 1870 Plautus

990 1910 998 1918 .
1013 1910 1020 1918 .
1035 1911 1043 1919 .
1059 1911 1066 1918 .
1083 1889 1134 1918 abi
1151 1898 1223 1926 ergo
1241 1909 1343 1919 .....
1370 1887 1476 1918 Idem.-
1498 1888 1568 1918 huic
1585 1888 1681 1919 homi-

987 1939 1021 1968 ni
1045 1940 1164 1969 amanti
1183 1948 1249 1968 mea
1263 1937 1336 1968 hera
1361 1938 1446 1968 dixit
1460 1939 1541 1968 domi
1555 1942 1585 1969 et
1600 1941 1680 1979 apud

986 1998 1040 2018 nos
1062 1988 1195 2018 iioeniam
1216 1989 1253 2018 de
1282 1987 1367 2018 bouis
1392 1992 1500 2019 mesto.
1549 1989 1679 2024 Quibus-

986 2040 1057 2069 dam
1071 2039 1186 2069 dictam
1200 2039 1311 2077 placet,
1325 2039 1403 2078 quod
1422 2038 1450 2068 ei
1466 2039 1532 2068 voci
1548 2038 1679 2068 similior

986 2090 1328 2130 querirnoniaflentium
1343 2090 1393 2120 sit.
1442 2090 1577 2125 Quidam
1589 2090 1678 2120 aiunt

984 2141 1095 2171 naenioe
1109 2142 1233 2171 ductam
1256 2150 1362 2170 nomen
1384 2139 1421 2169 ab
1435 2141 1566 2170 extremi
1582 2140 1677 2170 inles-

983 2194 994 2219 ι
1000 2191 1044 2220 ini
1058 2190 1219 2221 vocabulo.-
1241 2200 1298 2229 quo
1316 2190 1454 2220 vocabulo
1467 2192 1567 2220 alitur·
1582 2190 1678 2221 Plau-

984 2243 1034 2270 tus
1049 2241 1082 2270 in
1097 2240 1324 2270 Bacchidibus:
1348 2240 1384 2270 Si
1407 2240 1464 2270 tibi
1488 2244 1533 2271 est
1550 2241 1678 2271 macha·-

980 2300 1028 2328 ra,
1044 2294 1077 2321 at
1093 2291 1179 2321 nobis
1189 2290 1314 2320 vervina
1325 2294 1370 2320 est
1384 2291 1476 2320 domi.
1526 2290 1595 2325 Qua
1610 2290 1677 2329 qui-

979 2341 1047 2371 dem
1062 2350 1118 2379 ego
1140 2344 1171 2371 te
1195 2341 1331 2375 reddam,
1354 2340 1405 2370 ubi
1420 2349 1466 2370 me
1488 2340 1676 2378 irritaveris,

982 2389 1207 2427 Confossiorem
1220 2390 1355 2421 soricina
1370 2391 1483 2423 noenia.
1516 2390 1588 2422 Sive
1599 2392 1677 2431 quod

977 2451 1044 2471 eam
1059 2451 1158 2471 vocem
1177 2441 1285 2481 flendo
1306 2438 1483 2480 efferimus:
1505 2441 1581 2480 sive,
1597 2442 1676 2480 quod

979 2491 1160 2521 chordarum
1174 2491 1300 2521 ultimas
1323 2491 1427 2521 Graeci
1442 2489 1534 2525 νήτας
1556 2490 1673 2530 dicunt,

980 2542 1148 2570 extremam
1163 2540 1314 2570 cantionis
1328 2549 1427 2571 vocem
1441 2540 1478 2570 ab
1493 2549 1526 2570 eo
1542 2540 1673 2570 noeniam

979 2593 1183 2631 appellarunt.
1229 2591 1268 2622 In
1297 2592 1346 2622 liis
1374 2592 1522 2622 videmus
1551 2592 1671 2623 Verrio

981 2650 1039 2671 seu
1059 2641 1172 2672 -Festo
1203 2641 1364 2682 placuisse
1394 2650 1435 2671 ex
1464 2641 1670 2682 quorundam
