1835 2906
187 116 272 159 272

193 224 314 264 Fons
335 236 362 264 a
381 223 605 266 fundendo
618 225 630 248 ‘
649 225 820 269 dicitur.

628 131 778 164 SEXTI
811 133 1013 164 POMPEII
1049 133 1187 165 FESTI

194 291 483 342 Fontinalia,u
503 292 691 334 fontium
706 307 855 336 sacra:
876 295 988 336 unde
1011 300 1054 336 et
1073 295 1231 338 Romae
1247 297 1472 339 fontinalis
1490 303 1633 352 porta.

193 359 404 412 Forago,X
435 360 569 409 filum,
591 374 679 414 quo
717 362 932 402 textrices
969 362 1168 403 diurnum
1203 376 1316 417 opus
1349 364 1637 418 distinguunt,

247 439 274 467 a
289 426 474 468 furando
490 432 522 452 ¹²
543 428 723 470 dictum.

190 494 434 536 Forbeamy
452 496 622 548 antiqui
645 509 773 537 omne
791 510 926 550 genus
940 497 1028 538 cibi
1048 498 1348 551 appellabant,
1365 511 1495 552 quam
1513 498 1638 540 Grae-

246 562 288 602 ci
308 563 442 616 φορβὴν
465 568 677 604 vocant.¹³

190 629 431 683 Forcipes²
461 630 674 680 dicuntur,
696 631 817 684 quod
843 631 911 672 his
938 631 1092 680 forma,
1114 631 1160 672 id
1181 636 1264 681 est,
1284 631 1433 672 calida
1454 632 1638 685 capiun-

246 700 324 736 tur.

193 753 487 794 Fordicidiisa
521 754 655 794 boves
684 752 837 803 fordae,
869 754 914 793 id
941 758 1023 805 est,
1053 754 1263 808 gravidae,
1287 755 1637 805 immolabantur,

247 820 377 861 dictae
399 833 427 860 a
447 819 576 861 soetu.

788 917 804 928 -e
810 917 1029 929 eene-etorme-

232 1009 270 1036 12
295 1006 303 1022 ‘
324 1006 361 1036 L.
379 1014 421 1035 m.
440 1005 540 1036 habet
556 1016 575 1035 a
591 1005 740 1042 furando,
759 1014 820 1045 pro
840 1004 1004 1042 furando?

190 1051 228 1078 13
255 1047 317 1079 Ed.
333 1049 421 1079 Scal.
438 1048 598 1078 vocabant.

1049 1005 1146 1036 Fulv.
1174 1005 1288 1037 Ursin.
1328 1005 1405 1038 Vid.
1434 1006 1516 1038 Not.
1535 1006 1639 1039 inf.—

845 1144 984 1176 NOTAE

188 1220 315 1249 adustas
336 1218 406 1256 jum
424 1218 554 1255 fomites
579 1218 682 1248 vocari
711 1218 885 1250 existimat.

188 1269 327 1299 fomites
339 1268 395 1298 alii
408 1268 510 1299 vocari
520 1271 631 1308 putant
647 1268 809 1306 scintillas,
821 1278 887 1308 quoe

186 1329 226 1349 ex
248 1319 338 1356 ferro
361 1320 506 1350 candenti
530 1319 650 1349 malleis
673 1319 885 1349 excutiuntur.

188 1369 335 1400 Dixerat
353 1369 489 1400 fomites
505 1369 630 1399 assulas
647 1379 720 1399 esse
734 1378 775 1399 ex
788 1368 886 1399 arbo-

187 1419 280 1450 ribus
296 1420 375 1450 dum
398 1419 576 1450 caeduntur
592 1428 763 1449 excussas·
802 1418 886 1459 Opi-

187 1470 251 1500 lius
269 1480 335 1501 non
354 1470 479 1501 assulas
492 1480 568 1511 quae
581 1479 623 1499 ex
640 1469 816 1500 arboribus
830 1479 886 1500 ex-

189 1525 391 1552 cuterentur
407 1521 496 1551 inter
513 1520 726 1556 caedendum,
742 1521 800 1551 sed
816 1521 887 1560 jam

186 1571 324 1601 adustas
353 1570 572 1602 existimabat
603 1570 715 1600 vocari
741 1568 887 1601 fomites.

185 1621 323 1651 Servius
365 1630 406 1652 ex
446 1621 532 1651 libro
568 1620 887 1651 commentariorum

186 1671 296 1701 Clodii
315 1677 434 1712 quarto
452 1681 459 1700 :
484 1672 493 1688 ⁴
510 1670 669 1708 Fomsses,
684 1670 805 1700 assnlae
821 1679 888 1700 am-

187 1721 308 1760 bustae,
322 1722 412 1762 ligna
431 1726 608 1759 excavata,
625 1730 643 1751 a
656 1720 769 1761 fungis
786 1720 889 1751 nonii·

186 1781 228 1802 ne
241 1772 411 1812 excepto.’
433 1773 509 1803 Hoc
523 1772 620 1811 dicit,
635 1771 814 1812 quiasungi
828 1782 888 1812 pro

187 1821 362 1853 fomitibus
378 1823 410 1852 in
434 1833 494 1853 usu
512 1827 610 1853 erant
627 1828 661 1852 et
678 1831 771 1852 escas
788 1831 888 1852 voca-

191 1871 284 1907 bant,
301 1872 390 1902 unde
409 1872 497 1912 apud
515 1872 724 1902 recentiores
741 1872 885 1903 Graeciae

188 1923 350 1960 medicos,
364 1922 460 1961 ἴσκαι,
475 1923 538 1953 hoc
549 1927 615 1959 est,
632 1932 733 1960 escae,
750 1923 886 1963 proprie

189 1973 410 2013 appellantur
439 1972 532 2013 fungi
567 1973 743 2003 arboribus
774 1973 886 2003 innas-

186 2029 314 2062 centes,
340 2024 427 2064 quod
456 2023 611 2055 fomitum
635 2033 729 2054 usum
757 2023 886 2063 praebe-

187 2078 277 2104 rent.
300 2074 442 2104 Salmas.
462 2075 493 2104 in
510 2075 615 2105 Solin.
639 2074 721 2104 Duc.

229 2125 237 2141 ²
262 2123 345 2154 Fons
360 2124 562 2164 asundendo]
589 2125 695 2155 Varro
713 2124 771 2155 lib.
786 2133 834 2154 rv.
847 2124 888 2154 de

188 2173 225 2204 L.
245 2173 282 2204 L.
317 2174 326 2190 ‘
344 2174 430 2204 Fons
458 2175 546 2205 unde
574 2174 729 2205 funditur
753 2184 771 2205 e
797 2180 890 2205 terra

184 2232 272 2263 aqua
291 2223 390 2254 viva.’
414 2224 513 2255 Idem.

229 2278 242 2292 ¹¹
253 2274 448 2314 Fontz'nalia]
464 2275 710 2313 Exsontanalia.
724 2275 823 2306 Varr.
833 2275 892 2307 lib.

189 2333 221 2353 v.
254 2325 262 2340 ‘
279 2325 469 2355 Fontinalia
494 2335 513 2355 a
532 2324 642 2364 fonte,
664 2325 753 2365 quod
771 2325 797 2355 is
819 2325 890 2356 dies

187 2372 281 2404 feriae
307 2375 389 2414 ejus,
415 2375 458 2406 ab
482 2385 522 2406 eo
549 2380 660 2406 autem
690 2381 758 2406 tum
790 2379 825 2406 et
853 2377 886 2406 in

188 2421 300 2453 fontes
319 2434 458 2455 coronas
478 2425 627 2465 jaciunt,
644 2430 677 2455 et
698 2430 818 2464 puteos
833 2434 887 2455 co-

188 2472 329 2503 ronant-⁹
375 2475 481 2505 Erant
504 2475 558 2505 die
576 2474 739 2506 Octobris
755 2474 888 2505 decima

191 2523 305 2553 tertia.
352 2523 459 2554 Porta
487 2526 629 2565 Capena
657 2524 749 2555 dicta
772 2524 887 2555 Fonti-

188 2574 282 2607 nalis,
314 2573 402 2613 quod
428 2575 530 2613 Juxta
554 2574 657 2608 fontis
688 2586 761 2607 eam
793 2576 889 2608 delu-

190 2623 286 2653 brum
304 2622 416 2654 fuerit.
442 2625 536 2655 Idem.

230 2678 245 2692 x
272 2673 411 2713 For-ago]
437 2673 543 2705 Immo
569 2675 738 2710 asorando
767 2678 890 2716 potius,

945 1218 1024 1258 quia
1041 1228 1081 1248 eo
1097 1217 1152 1248 filo
1171 1218 1327 1250 forabant
1344 1220 1457 1258 telam,
1475 1224 1511 1251 ut
1538 1230 1640 1260 pensa

942 1269 1203 1309 distinguerent.
1249 1271 1363 1302 Quare
1385 1271 1437 1301 vel
1461 1271 1510 1301 ita
1526 1272 1640 1311 legeu-

942 1318 1032 1354 dum,
1050 1319 1102 1348 vel
1119 1318 1301 1349 dicendum
1323 1324 1375 1350 est
1393 1320 1479 1354 haec,
1495 1321 1641 1358 asur-an-

941 1370 978 1398 do
993 1369 1121 1407 dictum,
1137 1369 1178 1399 ab
1196 1368 1259 1400 alio
1276 1379 1349 1400 esse
1367 1370 1515 1410 adjecta.
1550 1371 1640 1402 Sane

943 1428 962 1449 a
992 1419 1057 1449 Ms.
1086 1419 1184 1450 Pauli
1210 1419 1328 1450 codice
1353 1420 1485 1459 absunt,
1512 1426 1548 1452 ut
1572 1431 1642 1452 mo-

943 1470 1015 1501 nuit
1032 1470 1131 1501 Voss.
1167 1470 1206 1501 In
1223 1470 1398 1502 Glossario
1415 1471 1640 1510 Isidorisora-

939 1529 981 1558 go
995 1522 1176 1561 exponitur
1190 1523 1198 1537 ‘
1214 1527 1339 1553 trames
1355 1523 1479 1554 diversi
1493 1522 1640 1554 coloris.'

944 1571 1043 1601 Idem.

986 1626 998 1646 5
1025 1621 1188 1662 Forbeam]
1213 1622 1363 1660 Servius,
1392 1622 1541 1660 ‘Fibrae,
1566 1622 1641 1652 her-

943 1669 1007 1700 ba‘.
1033 1670 1150 1710 Nigid.
1169 1672 1370 1702 Commento
1395 1672 1640 1703 Gramrnatica-

944 1720 966 1749 li
984 1731 991 1750 :
1014 1723 1129 1760 φορβὴ,
1153 1722 1211 1751 sed
1228 1727 1327 1752 antea
1346 1722 1446 1752 Fibra
1462 1722 1554 1752 dicta
1576 1727 1642 1761 est,

943 1777 979 1801 nt
998 1782 1084 1803 nunc
1101 1773 1204 1803 eliam
1231 1773 1343 1803 rustici
1366 1772 1506 1803 dicunt!
1555 1772 1642 1804 Haec

941 1822 1093 1860 Servius,
1109 1823 1165 1863 qui
1191 1823 1298 1854 adhuc
1320 1828 1372 1853 est
1399 1823 1430 1853 in
1448 1823 1642 1854 conditoriis

942 1874 1063 1903 eruditi
1082 1874 1179 1904 aurici
1198 1875 1301 1904 nostri
1322 1874 1360 1903 P.
1375 1873 1543 1905 Danielis.
1592 1874 1642 1904 Ex

941 1924 1060 1963 quibus
1092 1924 1246 1964 suspicor
1275 1925 1474 1955 alterutrum
1499 1924 1642 1964 scripto-

941 1983 1011 2004 rem
1050 1984 1093 2005 ex
1131 1975 1238 2006 altero
1275 1974 1533 2006 emendandum.
1572 1974 1643 2004 Jos.

945 2023 1031 2054 Scul.

990 2072 1157 2113 Forbeam]
1207 2073 1236 2103 A
1269 2073 1392 2103 Graeco
1421 2071 1549 2112 φορβειὰ
1580 2082 1641 2112 pro

944 2123 1057 2162 φορβὴ,
1086 2122 1174 2163 quod
1209 2122 1298 2162 apud
1331 2122 1469 2153 Suidarn
1505 2122 1641 2162 legitur,

944 2175 1059 2212 φορβὴ,
1075 2173 1193 2212 φέρβω,
1211 2182 1324 2212 pasco.
1349 2172 1430 2204 Dac.

988 2228 1000 2242 ²
1023 2223 1183 2262 Forcipes]
1209 2223 1325 2253 Velius
1342 2223 1477 2263 Longus
1493 2233 1500 2253 :
1535 2224 1544 2240 ‘
1561 2223 1642 2254 For-

946 2273 1038 2313 cipes
1066 2272 1207 2303 dicimus
1234 2274 1275 2303 ab
1303 2283 1355 2312 eo,
1383 2273 1472 2314 quod
1500 2273 1642 2305 formum

945 2324 1095 2363 capiant,
1113 2323 1134 2354 i.
1151 2323 1319 2354 calidum-¹
1343 2324 1413 2354 Ful.
1437 2324 1543 2354 Ursin.

990 2373 1152 2413 Forcipes]
1179 2374 1406 2414 Forrnicapes,
1429 2373 1591 2414 forcipeS,
1614 2373 1643 2404 si

943 2424 1042 2454 Festo
1056 2424 1237 2456 credimus.
1282 2424 1350 2455 Sed
1368 2424 1485 2454 melius
1512 2422 1642 2460 aserro,

943 2473 1236 2514 quasiserricapes.
1264 2475 1352 2504 Dae.

985 2528 999 2543 ³
1024 2523 1230 2564 Fordicidiis]
1254 2524 1364 2554 Varro
1380 2523 1465 2554 libro
1487 2532 1521 2553 v.
1540 2531 1606 2553 non
1623 2532 1643 2553 a

943 2573 1040 2613 foetu,
1065 2574 1124 2604 sed
1143 2575 1220 2614 quia
1236 2573 1303 2604 fert
1325 2574 1357 2603 in
1377 2578 1495 2604 ventre
1511 2572 1653 2603 fortiam·

945 2626 1011 2657 dici
1030 2626 1213 2657 existimat.
1239 2625 1342 2657 Ovid.
1363 2625 1421 2655 lib.
1439 2634 1486 2655 iv.
1507 2624 1516 2641 ⁴
1534 2624 1642 2656 Forda

944 2675 1058 2707 ferens
1084 2676 1144 2707 bos
1162 2680 1227 2715 est,
1243 2674 1467 2715 foecundaque
1483 2675 1576 2706 dicta
1592 2674 1641 2706 fe-
