1835 2906
361 161 424 191 DE
457 156 732 189 VERBORUM
767 154 1181 187 SIGNIFICATIONE
1220 156 1314 184 LIB.
1352 156 1419 184 lx.

1538 146 1622 186 335

171 257 468 305 Insimulare‚⁰
484 256 646 296 crimen
667 255 711 295 in
732 253 925 306 aliquem
949 249 1212 303 confingere.

170 325 407 379 Insipare‚p
436 323 636 376 injicere:
668 321 782 362 unde
802 320 850 361 fit
871 319 1101 372 dissipare.

171 392 398 446 Insipereq
430 390 663 431 farinulam
676 389 826 443 jacere
851 387 1012 440 pultis:
1043 385 1160 427 unde
1188 385 1422 438 dissipare,
1445 386 1626 440 obsipa-

227 472 294 499 re:
328 463 375 499 ut
396 471 497 498 cum
517 459 668 498 rustici
688 457 838 497 dicunt
859 454 1021 508 obsipa
1041 453 1177 506 pullis
1195 451 1227 477 ¹⁶
1258 465 1419 493 escam.

171 526 363 567 Insitum
379 532 392 549 ¹
437 528 492 566 ab
513 524 744 566 inserendo
766 526 978 565 tractum:
1016 521 1093 563 sed
1115 520 1380 574 aliquotiens
1404 521 1626 573 significat

230 593 504 647 impositum.

174 662 365 711 Insons,⁵
397 665 523 701 extra
550 660 753 712 culpam:
786 672 813 700 a
843 671 934 712 quo
964 657 1053 698 dici
1075 657 1254 697 morbus
1277 667 1451 710 quoque
1469 655 1628 696 existi-

230 734 373 770 matur
390 729 604 776 sonticuS,
628 728 732 780 quia
754 731 972 780 perpetuo
995 728 1171 765 noceat.

173 797 413 838 Instaurati
427 796 438 817 t
468 796 524 835 ab
545 795 684 835 instar
703 795 869 835 dictum
890 797 971 843 est,
1002 805 1103 833 cum
1130 789 1296 844 aliquid
1319 790 1374 832 ad
1394 790 1625 845 pristinam

232 862 576 911 similitudinem,
597 865 640 903 et
661 861 1035 915 comparationem
1057 859 1262 901 reficitur.

176 931 423 984 Instigare‚¹¹
452 931 649 970 incitare.

176 999 407 1039 Insuasum
427 1003 459 1028 ¹⁷
473 1003 489 1018 Χ
520 997 802 1051 appellabant
823 996 1011 1037 colorem
1030 996 1218 1038 similem
1236 995 1373 1045 luteo,
1395 993 1472 1048 qui
1494 992 1626 1034 fiebat

232 1078 290 1107 ex
312 1066 483 1106 fumoso
500 1064 740 1106 stillicidio.

776 1171 918 1184 ‘‘‘‘‘

922 1172 1021 1185 tneo·

220 1246 260 1275 10
284 1241 351 1273 Alii
368 1242 485 1282 legunt
499 1239 693 1279 pullis.-17
718 1239 801 1271 Vet.
819 1238 894 1270 cod.
912 1239 1084 1270 Insursum.

829 1338 970 1371 NOTAE

178 1428 244 1460 qne
262 1427 301 1449 ac
319 1417 471 1456 meliora,
487 1413 685 1446 discriminis
708 1423 822 1454 causa,
838 1419 876 1445 ut

178 1469 268 1510 apud
285 1469 457 1505 Plautum,
481 1465 656 1506 ‘insigniti
683 1464 803 1506 pueri'
828 1464 876 1496 di-

178 1524 302 1551 cuntur
326 1518 408 1549 vitio
432 1517 547 1558 aliquo
571 1517 680 1546 notati
704 1520 740 1547 et
763 1515 875 1546 defor-

177 1579 263 1608 mes,
289 1569 321 1599 in
348 1568 423 1599 Mil.
453 1567 550 1599 Glor.
588 1567 696 1597 ‘Tum
726 1576 767 1597 ne
792 1576 877 1597 uxor

177 1619 259 1651 mihi
273 1618 450 1659 insignitos
467 1626 589 1659 pueros
606 1617 717 1657 pariat
734 1616 876 1657 postea.'

179 1670 357 1709 Insignitas
370 1669 471 1700 etiam
485 1668 665 1708 aliquando
682 1677 744 1707 pro
755 1667 877 1708 eo‚qui

179 1720 271 1750 nullo
284 1719 378 1759 signo
389 1722 524 1748 notatus
538 1721 601 1747 est.
624 1716 723 1747 Unde
733 1717 765 1747 in
777 1717 876 1748 Glos-

180 1769 270 1800 sario
288 1779 296 1799 2
321 1771 330 1785 ‘
350 1767 558 1807 insignitum,
573 1765 759 1805 ἆσήμαντα.’
781 1767 879 1800 Idem.

222 1825 236 1839 ⁰
259 1818 458 1858 Insimulare]
474 1817 658 1848 Accusare.
676 1817 789 1848 Gloss.
807 1817 816 1833 ‘
828 1817 877 1848 in-

179 1871 350 1909 simulare,
362 1867 568 1908 κατηγορεῖν.’
581 1868 696 1898 Plaut.
708 1867 876 1898 Menaech.

177 1921 186 1937 ‘
202 1920 295 1951 Male
311 1918 408 1955 facit,
422 1919 448 1949 si
466 1918 553 1949 istuc
572 1916 676 1948 facit:
702 1916 729 1947 si
746 1926 812 1948 non
829 1916 876 1948 fa-

180 1971 242 2010 cit,
259 1975 296 2001 tu
312 1970 398 2000 male
412 1968 499 2001 facis
515 1968 602 2001 Quae
619 1968 785 1999 insontem
799 1967 877 1999 insi-

180 2021 311 2052 mules!
335 2021 433 2052 Idem.

222 2075 238 2096 Ρ
262 2070 420 2111 Insipare]
455 2069 508 2101 Ab
525 2068 664 2110 antIquo
686 2070 802 2109 sipare,
825 2070 877 2110 ja-

180 2130 270 2161 cere,
292 2126 345 2152 est
359 2121 524 2161 dissipare,
548 2120 759 2160 dispergere,
784 2120 878 2160 disji-

180 2181 280 2203 cere:
305 2171 629 2211 insz'pare,injicere:
655 2170 877 2211 obsipare,ob-

175 2222 300 2262 jicere.
344 2222 414 2253 Pro
441 2222 589 2262 insipare,
615 2220 748 2260 insipere
775 2220 878 2252 etiarn

183 2272 330 2302 Veteres
348 2271 477 2302 dixere.
521 2271 729 2312 Pomponius
749 2271 880 2302 Atella—

183 2330 302 2352 narum
319 2321 486 2362 scriptor:
508 2321 518 2338 ‘
531 2322 645 2352 Facile
657 2326 695 2353 ut
712 2322 798 2362 ignis
814 2321 881 2353 fer-

183 2376 257 2411 vat,
295 2372 388 2412 ligna
422 2371 572 2412 insipite‚
602 2370 654 2402 far
685 2371 882 2402 concidite!

182 2423 282 2454 Varr.
305 2421 363 2454 lib.
385 2431 438 2453 1v.
465 2421 507 2451 de
534 2421 574 2452 L.
601 2421 639 2451 L.
664 2421 769 2452 ‘Cum
793 2431 881 2462 aqua

183 2470 332 2504 ferventi
345 2469 528 2511 insipitur!
551 2470 649 2501 Idem.

227 2528 243 2550 q
259 2521 413 2562 Insipere]
426 2520 515 2552 Vide
532 2525 541 2538 ‘
554 2518 686 2560 Supat.'
700 2519 778 2551 Ant.
792 2519 879 2559 Aug.

227 2571 381 2613 Insipere]
414 2571 505 2611 Lege
530 2574 568 2601 ut
593 2570 628 2600 iu
652 2569 696 2600 al.
740 2569 880 2609 Insipere

180 2624 353 2662 farinulam
361 2623 465 2663 jacere
478 2622 581 2662 pullis.
604 2621 692 2651 Dae.

229 2677 240 2693 r
263 2672 412 2712 Insitum]
436 2672 489 2703 Ab
516 2669 693 2703 inserendo
720 2670 877 2710 alterum,

187 2724 275 2756 uude
292 2725 326 2756 in
341 2723 511 2757 Glossario
526 2722 709 2764 exponitur
726 2719 878 2761 ἔμφυτονι

930 1415 1073 1446 alterum
1091 1413 1132 1445 ab
1156 1414 1189 1445 in
1213 1417 1248 1444 et
1266 1413 1357 1453 situs,
1372 1423 1403 1452 α,
1418 1421 1481 1452 um,
1496 1409 1585 1453 quod
1612 1420 1631 1442 a

928 1465 1005 1495 sino.
1029 1464 1137 1494 Idem.

971 1520 982 1534 ‘³
1008 1515 1132 1555 Insons]
1166 1515 1265 1552 Sons,
1285 1523 1422 1553 nocem,
1438 1514 1564 1552 insons,
1581 1513 1631 1543 in-

931 1575 1068 1596 nocens.
1114 1563 1546 1603 Anson.Technopaegnio.
1573 1562 1630 1593 ‘Si

931 1616 1040 1646 bonus
1056 1619 1109 1645 est
1126 1615 1250 1649 insons,
1267 1614 1454 1645 contrarius
1474 1617 1508 1644 et
1524 1613 1632 1643 malus

933 1671 984 1697 est
1001 1664 1103 1696 sons!
1145 1665 1234 1696 Vide
1251 1666 1260 1682 ‘
1276 1663 1378 1695 sons.’
1420 1663 1505 1695 Inde
1522 1664 1531 1680 ‘
1545 1673 1630 1693 mor-

933 1715 995 1747 bus
1012 1716 1163 1747 sonticus
1178 1715 1187 1728 '
1211 1716 1243 1745 in
1269 1718 1320 1746 12.
1343 1714 1412 1745 tab.
1427 1718 1479 1745 est
1494 1713 1630 1744 morbus

933 1776 1041 1807 sacer,
1064 1767 1135 1797 sive
1159 1766 1351 1801 comitialis,
1366 1765 1473 1806 quiet
1497 1763 1632 1794 morbus

933 1818 1052 1858 major.
1096 1817 1219 1847 Dictus
1236 1816 1385 1855 sonticus,
1401 1814 1453 1844 vel
1470 1813 1560 1854 quod
1574 1822 1634 1843 uo-

934 1874 1023 1907 ceat,
1047 1872 1085 1899 ut
1101 1867 1175 1898 vult
1191 1867 1327 1904 Festus,
1351 1865 1405 1895 vel
1425 1864 1513 1905 quod
1531 1873 1633 1895 causa

934 1919 978 1950 sit
993 1927 1052 1949 cur
1068 1917 1156 1959 quod
1172 1916 1338 1957 agendum
1357 1918 1432 1946 erat
1456 1923 1558 1954 agere
1574 1913 1633 1944 de-

931 1970 1092 2001 sistimus.
1128 1967 1219 1999 Vide
1234 1969 1243 1984 ‘
1258 1967 1435 1999 Sonticum
1452 1964 1632 1997 morbum.'

931 2020 1031 2051 Idem.

973 2072 983 2092 ⁸
1006 2070 1200 2111 Instaurari]
1235 2068 1290 2100 Ab
1315 2068 1417 2099 instar
1435 2070 1487 2098 est
1511 2066 1630 2097 instari-2

931 2131 1015 2159 rare,
1035 2120 1132 2162 quasi
1159 2119 1291 2150 ‘instar
1315 2116 1465 2149 novare.'
1510 2117 1631 2147 Varro.

932 2170 1002 2201 Alii
1030 2181 1049 2201 a
1078 2168 1229 2210 σταυρόω,
1254 2168 1367 2209 palum
1398 2166 1521 2207 defigo.
1577 2166 1632 2197 In-

932 2225 1075 2252 staurare
1099 2226 1212 2251 autem
1237 2218 1376 2259 proprie
1401 2222 1464 2255 est,
1481 2226 1554 2257 quae
1574 2220 1632 2246 ant

933 2271 966 2302 vi
982 2271 1119 2312 dejecta
1135 2274 1225 2305 sunt,
1239 2274 1297 2300 aut
1311 2272 1482 2299 vetustate
1496 2276 1631 2298 corrue-

934 2325 1026 2360 runt,
1052 2329 1227 2351 renovare.
1273 2319 1317 2349 Et
1342 2318 1419 2348 inde
1442 2317 1633 2349 traducitur

935 2371 977 2401 ad
1001 2371 1064 2401 alia
1080 2370 1190 2401 omnia
1208 2378 1282 2410 quae
1299 2368 1503 2399 innovantur
1525 2371 1560 2398 et
1582 2367 1633 2397 in-

936 2425 1124 2461 tegrantur.
1148 2420 1246 2450 Idem.

977 2476 991 2491 ¹¹
1015 2469 1190 2509 Instigare]
1219 2469 1316 2508 Virg.
1340 2476 1391 2498 xi.
1424 2467 1434 2485 ⁴
1450 2466 1631 2509 Variisque

933 2519 1074 2559 instigat
1091 2518 1228 2549 vocibus
1243 2516 1339 2548 alas.’
1361 2517 1459 2547 Idem.

974 2574 991 2590 ¹
1016 2568 1195 2608 Insuasum]
1227 2567 1318 2598 Vide
1345 2566 1527 2598 ‘suasum.'
1550 2567 1628 2599 Ant.

934 2618 1019 2658 Aug.

977 2668 1158 2709 Insuasum]
1204 2668 1411 2700 Glossarium
1432 2680 1438 2696 :
1486 2669 1494 2686 ‘
1512 2668 1630 2699 Insua-

933 2729 1019 2761 sum,
1041 2718 1117 2752 εἶδος
1139 2717 1491 2759 δοκαριοκαπνισμένων,’
1527 2719 1632 2759 Lege,
