1835 2906
694 191 805 229 QUAE
840 189 1056 221 nxrAN'r.
1542 181 1595 223 19

531 361 615 408 M.
663 359 908 408 VERRII
966 359 1215 407 FLACCI

354 476 438 518 DE
469 476 828 519 VERBORUM
861 474 1405 518 SIGNIFICATIONE.

748 610 870 651 LIB.
892 610 929 650 l.

748 688 868 730 LIB.
893 688 956 729 II.

750 766 869 807 LIB.
892 767 982 807 ΙΙΙ.

747 844 975 889 LIB.]V.

209 923 445 965 VERthsss
481 923 563 964 hoc
600 923 710 964 libro
733 923 844 973 dies,
874 924 950 976 qui
977 928 1078 964 sunt
1109 924 1323 976 postridie
1352 924 1598 974 Kalendas,

153 992 319 1040 Nonas,
345 991 469 1039 Idus,
493 1003 604 1043 quos
625 990 786 1043 vulgus
817 990 1020 1043 imperite
1044 990 1236 1031 nefastos
1265 991 1388 1040 dicit,
1421 998 1599 1045 propter

149 1059 260 1098 hanc
282 1070 461 1097 causam
497 1056 637 1097 dictos
658 1057 925 1109 habitosque
959 1061 1076 1098 atros
1107 1070 1204 1098 esse
1230 1059 1393 1099 scribit.
1462 1060 1598 1107 Urbe,

150 1126 307 1178 inquit,
329 1138 355 1165 a
386 1123 530 1165 Gallis
564 1124 808 1165 Senonibus
838 1128 1096 1178 recuperata
1119 1125 1169 1165 L.
1192 1124 1355 1166 Atilius
1377 1128 1420 1166 in
1443 1130 1599 1167 senatu

150 1193 286 1233 verba
325 1191 444 1240 fecit,
483 1190 539 1241 Q.
575 1191 813 1244 Sulpitium
844 1192 919 1233 Tr.
952 1191 1048 1232 Mil.
1091 1191 1146 1232 ad
1179 1191 1344 1232 Alliam
1384 1192 1599 1234 adversus

151 1259 305 1300 Gallos
321 1262 626 1311 pugnaturum,
647 1271 735 1298 rem
757 1259 950 1300 divinam
973 1258 1208 1300 dimicandi
1225 1260 1362 1312 gratia
1383 1260 1596 1313 postridie

149 1325 256 1366 Idus
297 1325 491 1365 fecisse:
542 1330 631 1365 tum
662 1327 902 1366 exercitum
944 1326 1101 1378 populi
1143 1326 1336 1367 Romani
1369 1327 1600 1368 occidione

151 1394 362 1442 occisum,
384 1396 425 1432 et
447 1397 550 1445 post
572 1393 683 1433 diem
702 1394 875 1434 tertium
893 1393 987 1447 ejus
1003 1394 1090 1433 diei
1114 1394 1262 1434 urbem
1286 1399 1448 1448 praeter
1469 1394 1602 1447 Capi·

150 1460 309 1501 tolium
331 1465 510 1512 captam
532 1473 645 1500 esse.
706 1459 1061 1513 Compluresque
1093 1461 1167 1501 alii
1204 1465 1425 1502 senatores
1456 1474 1600 1502 recor-

149 1527 243 1567 dari
264 1540 364 1568 sese
385 1528 607 1576 dixerunt,
630 1528 835 1580 quotiens
855 1528 957 1568 belli
978 1528 1155 1580 gerendi
1187 1529 1327 1580 gratia
1357 1541 1424 1568 res
1446 1528 1597 1569 divina

149 1595 359 1647 postridie
382 1594 629 1644 Kalendas,
667 1595 842 1645 Nonas,
865 1595 974 1636 Idus
997 1608 1024 1635 a
1047 1596 1306 1647 magistratu
1328 1595 1485 1648 populi
1510 1595 1601 1635 Ro-

149 1662 265 1702 mani
289 1661 410 1703 facta
430 1666 576 1704 esset:
607 1663 705 1716 ejus
727 1662 828 1702 belli
850 1664 1054 1715 proximo
1077 1662 1289 1714 deinceps
1309 1662 1464 1715 praelio
1487 1675 1598 1702 rem-

130 1728 377 1780 publicam
411 1729 525 1768 male
556 1734 728 1781 gestam
762 1742 877 1769 esse.
934 1729 1047 1769 Tum
1080 1734 1257 1768 senatus
1289 1741 1387 1769 eam
1417 1741 1505 1769 rem
1543 1729 1601 1769 ad

152 1794 396 1835 Pontifices
416 1795 584 1846 rejecit,
606 1800 657 1835 ut
676 1795 779 1847 ipsi,
802 1794 921 1846 quod
943 1795 1173 1844 videretur,
1196 1799 1446 1836 statuerent.
1485 1796 1603 1836 Pon-

153 1860 294 1902 tifices
337 1861 621 1903 decreverunt
661 1862 830 1902 nullum
869 1862 925 1902 iis
971 1861 1130 1902 diebus
1180 1862 1444 1904 sacrificium
1485 1867 1602 1904 recte

154 1928 381 1968 futurum.‘³

210 1995 460 2035 Historiam
478 1995 533 2035 ab
555 1995 790 2036 annalibus
812 1997 998 2048 quidam
1016 1997 1184 2038 differre
1203 2011 1255 2038 eo
1272 2002 1442 2052 putant,
1466 1998 1602 2052 quod,

153 2075 251 2102 cum
283 2067 515 2114 utrumque
537 2062 592 2102 sit
614 2075 752 2103 rerum
785 2067 1008 2114 gestarum
1038 2065 1244 2114 narratio,
1277 2078 1428 2106 earum
1461 2069 1601 2106 tamen

152 2129 328 2182 proprie
350 2142 491 2169 rerum
514 2129 572 2170 sit
591 2129 794 2178 historia,
818 2130 980 2181 quibus
1000 2132 1130 2171 rebus
1162 2132 1360 2184 gerendis
1391 2132 1599 2172 interfue-

154 2197 209 2236 rit
229 2197 283 2245 is,
304 2196 381 2248 qui
401 2201 566 2237 narret:
596 2209 780 2250 eamque
802 2210 903 2237 esse
926 2199 1179 2250 opinionem
1199 2198 1468 2252 quorundam
1490 2198 1532 2237 V
1536 2211 1601 2238 ero

153 2264 244 2304 rius
273 2263 415 2304 refert.
474 2261 545 2304 Ac
575 2277 634 2321 ‘se
675 2264 851 2316 quidem
893 2265 1096 2306 dubitare
1127 2279 1261 2318 super
1295 2278 1350 2305 ea
1391 2278 1436 2305 re
1477 2265 1600 2306 dicit.

154 2330 296 2370 Posse
319 2334 464 2371 autem
483 2331 621 2371 videri
641 2336 773 2383 putat
799 2332 996 2373 nonnihil
1019 2345 1117 2372 esse
1144 2332 1329 2372 rationis
1361 2332 1405 2372 in
1436 2345 1488 2372 ea
1509 2333 1603 2385 opi-²

156 2398 300 2445 nione,
341 2397 459 2449 quod
476 2398 658 2438 historia
693 2397 850 2439 Graece
888 2399 1103 2451 significat
1134 2412 1274 2438 rerum
1311 2400 1605 2451 cognitionem

156 2463 448 2518 praesentium.
520 2464 607 2505 Sed
637 2478 720 2505 nos
758 2465 907 2506 audire
946 2467 1062 2507 soliti
1108 2479 1275 2511 sumus,
1318 2467 1476 2507 annale
1514 2480 1606 2507 om-

159 2531 263 2573 nino
286 2529 330 2570 id
353 2543 462 2580 esse,
483 2532 598 2584 quod
615 2532 808 2574 historiae
829 2534 943 2585 sint3
974 2534 1184 2575 historias
1205 2545 1292 2573 non
1314 2535 1485 2575 omnino
1503 2547 1604 2575 esse

160 2597 220 2648 id,
243 2597 362 2651 quod
383 2598 567 2639 annales
589 2599 704 2640 sint.r

289 2716 302 2742 ‘1
327 2712 378 2745 Ex
395 2711 484 2745 Geli,
503 2712 560 2746 lib,
576 2722 609 2746 v.
627 2723 705 2757 cap.
722 2717 773 2749 Π.
999 2722 1009 2738 s
1033 2717 1082 2748 Ex
1103 2715 1193 2748 Gell.
1214 2715 1269 2748 lib.
1287 2726 1319 2750 v.
1338 2726 1411 2758 cap.
1430 2719 1480 2748 ῑ8Ω
