1835 2906
376 152 438 181 DE
473 147 744 180 vssRssonUn
778 141 1184 175 SIGNlFiGA'riONE
1224 142 1311 169 mss.
1351 141 1455 168 xiv.
1563 128 1646 166 52⁴1*

200 251 395 292 Pilates⁰
426 245 592 300 lapidis
616 256 767 297 genus,
789 240 918 294 cujus
940 237 1138 278 meminit
1168 235 1282 277 Cato
1303 236 1429 288 origi-
1480 233 1630 287 [Fsssv

257 331 359 359 num
381 316 493 357 libro
514 313 667 367 quinto
687 325 696 352 :
728 309 866 363 Lapis
889 306 1129 355 candidior,
1150 318 1282 359 quam
1304 304 1491 357 pilates.³

200 387 354 428 Pileap
387 381 563 424 Castori
594 384 637 421 et
667 377 844 420 Polluci
875 375 1084 417 dederunt
1113 373 1295 427 antiqui,
1317 371 1422 425 quia
1445 370 1646 411 Lacones

255 454 442 501 suerunt,
465 450 623 504 quibus
644 447 822 501 pileatis
842 456 1038 499 pugnare
1054 446 1074 472 4
1093 455 1191 482 mos
1213 445 1294 482 cst.

200 522 439 568 Pilentum,
460 517 653 559 vehiculi
675 529 824 570 genus,
841 527 926 568 quo
950 517 1162 554 matronae
1181 510 1440 551 ferebantur.
1470 507 1648 559 [PAUL.

200 589 423 632 Pilentisq
455 593 501 628 et
533 585 756 640 carpentis
789 596 867 637 per
903 582 1058 622 urbem
1094 580 1192 622 vehi
1226 577 1437 620 matronis
1487 576 1648 627 [FEST.

255 667 514 698 concessum
531 659 616 703 est,
633 651 751 706 quod
773 664 871 691 cum
889 662 1041 690 aurum
1059 661 1145 689 non
1165 647 1437 700 reperiretur,
1455 656 1511 684 ex
1529 648 1649 689 voto,

257 723 374 777 quod
398 721 613 763 Camillus
635 723 818 761 voverat
837 716 1036 771 Apollini
1059 715 1299 769 Delphico,
1324 713 1615 754 contulerunt.

199 792 432 833 Pilumnoe
462 790 653 844 poploer
685 789 730 828 in
761 786 953 828 carmine
984 783 1156 833 Saliari,
1183 781 1391 830 Romani,
1413 780 1529 819 velut
1551 777 1651 831 pilis

256 859 321 900 uti
344 858 536 899 assueti:
570 857 639 898 vel
659 855 762 910 quia
780 854 1007 908 praecipue
1031 849 1195 905 pellant
1213 850 1395 890 hostes.⁵

199 924 534 981 Pimpleides⁶⁵
567 926 715 967 Musae
747 937 774 964 a
802 924 924 964 fonte
956 919 1237 961 Macedoniae
1268 917 1427 966 (lictae3
1472 916 1653 967 propter

255 995 441 1049 liquoris
462 994 559 1048 ejus
579 994 755 1034 unicam
779 989 1110 1032 subtilitatem.⁷

807 1120 1045 1134 eeeeeeeeeeee

242 1213 261 1242 3
284 1211 363 1241 Vet.
389 1209 465 1241 cod.
490 1210 702 1249 pelastes.——4
726 1207 806 1238 Vet.
830 1205 889 1235 lib.
913 1203 1127 1235 minema—5
1152 1200 1233 1230 vet.
1262 1198 1318 1228 lib.
1344 1194 1535 1226 hosteis.—o
1559 1192 1650 1222 vert.

199 1253 280 1284 libb.
298 1253 457 1293 Pipleides
474 1253 526 1282 vel
545 1252 710 1292 Peptez'tles
728 1250 779 1280 vel
807 1248 1051 1279 Facetam—7
1076 1243 1137 1274 Vir
1161 1243 1253 1274 doct.
1285 1242 1318 1271 in
1345 1248 1452 1278 marg.
1486 1237 1539 1267 ed.
1562 1236 1651 1266 Scal.

200 1295 539 1337 conjicitfelicitutem
557 1295 607 1326 vel
615 1291 820 1332 facilitatem.

851 1424 994 1458 NOTAE

243 1519 256 1533 ⁰
283 1511 418 1552 Pilates]
457 1512 511 1542 De
543 1511 648 1551 pilate
679 1509 791 1550 lapide
822 1508 902 1538 nihil
956 1506 1087 1537 numeri
1108 1501 1300 1544 singularis,
1326 1498 1469 1540 populus
1494 1494 1655 1530 Pilumni,

201 1563 308 1594 habeo
333 1561 421 1604 qnod
449 1561 574 1600 dicam,
598 1561 644 1592 ita
667 1569 769 1599 super
792 1567 832 1590 eo
847 1558 904 1590 alii
954 1557 1042 1599 qnod
1062 1555 1214 1587 Mem-sio
1232 1550 1514 1583 animadversum.
1539 1546 1620 1576 Duc.

201 1623 317 1645 omnes
333 1613 517 1653 scriptores
541 1616 669 1642 tacent.
694 1611 796 1641 Idem.

244 1669 260 1689 P
276 1664 381 1704 Pilea]
397 1663 480 1693 Ideo
495 1663 639 1703 pileatos
656 1671 713 1693 eos
726 1665 822 1692 vocat
840 1660 903 1692 Ca-

202 1716 275 1746 tull.
300 1720 307 1732 ‘
323 1715 351 1745 A
381 1714 512 1754 pileatis
529 1723 617 1744 nona
633 1712 796 1743 fratribus
813 1709 905 1752 pila.'

202 1767 248 1797 Et
264 1766 361 1796 Philo
376 1763 444 1805 περὶ
456 1764 581 1804 ἀρετῶν·
598 1762 674 1794 ποτὲ
689 1762 721 1793 δὲ
736 1762 844 1793 πίλους
855 1759 903 1791 ἐπὶ

201 1819 258 1855 τῆς
273 1818 423 1857 κεφαλῆς,
437 1815 531 1847 ὁπότε
546 1815 675 1847 ἀσκοῖτο
688 1813 729 1846 εἷς
751 1812 902 1845 Διοσκού·

202 1883 282 1911 ρους.
305 1872 314 1887 ‘
327 1869 432 1901 Modo
450 1869 540 1910 pilea
558 1868 665 1908 capiti
685 1866 902 1907 imponebat3

202 1933 278 1954 cnm
306 1923 553 1954 Dioscurorum
586 1927 762 1960 personam
791 1917 904 1948 indue-

203 1972 288 2004 bat!
332 1971 491 2004 Celebres
517 1975 629 2001 autem
652 1969 710 2009 pili
736 1967 904 1999 Laconici.

202 2024 328 2056 Pollux
343 2023 402 2054 lib.
416 2032 438 2053 1.
455 2032 529 2061 cap.
548 2024 599 2052 10.
624 2020 722 2051 Idem.

245 2081 258 2101 ‘³
285 2074 437 2114 Patentis]
466 2072 553 2103 Vide
588 2068 804 2101 ‘Matronisl
827 2068 904 2100 Ant.

202 2126 289 2165 Aug.

247 2175 393 2213 Pilentz’s,
408 2178 437 2205 et
453 2172 625 2214 carpentis]
650 2171 738 2203 Vide
760 2171 833 2202 Liv.
845 2170 904 2201 lib.

203 2237 237 2258 v.
254 2237 328 2266 cap.
343 2230 396 2257 25.
420 2226 502 2256 Duc.

247 2282 259 2297 ¹
283 2278 445 2308 pilumnoe
460 2274 583 2315 poploe]
596 2274 672 2306 Hoc
690 2278 757 2313 est,
773 2273 904 2305 Pilum-

205 2329 237 2360 ni
257 2327 384 2368 populi.
400 2327 471 2356 Jos.
484 2325 568 2356 Scae.

248 2380 410 2410 pilumnoe
418 2375 540 2417 poploe]
563 2374 713 2406 Pilumni
727 2373 855 2414 populi,
871 2373 904 2404 id

204 2435 268 2466 est,
285 2427 428 2459 Romani
447 2426 601 2467 pilumni,
617 2425 652 2455 id
677 2429 743 2463 est,
768 2423 905 2454 Romuli

201 2484 360 2521 nepotes,
382 2477 437 2517 qui
464 2476 623 2507 Romulus
646 2484 666 2506 a
681 2475 758 2506 Pilo
778 2475 904 2506 Pilum-

205 2541 268 2562 nus
293 2529 403 2560 dictus
429 2532 482 2558 est
510 2537 529 2557 a
559 2526 671 2565 Saliis,
694 2530 733 2556 ut
763 2526 858 2556 Mars
887 2535 907 2556 a

204 2583 290 2614 Pico
316 2580 514 2615 Picumnus,
537 2581 573 2608 et
598 2576 645 2606 ita
666 2575 907 2616 intelligendus

204 2635 260 2665 hic
275 2633 378 2670 locus,
394 2629 450 2671 qni
464 2629 602 2659 Festum
623 2625 769 2665 fefellit3
793 2636 903 2667 neque

204 2683 294 2715 enim
317 2682 477 2713 Pitamuoe
494 2683 546 2709 est
565 2683 678 2709 rectus
699 2677 849 2717 pluralis,
870 2681 908 2708 ut

205 2735 265 2766 ille
289 2729 512 2770 existimavit,
536 2728 595 2762 sed
624 2727 793 2760 secundus
811 2737 908 2760 casus

996 1612 1008 1628 ³
1031 1603 1236 1646 Pimpleides]
1254 1604 1279 1634 A
1299 1601 1393 1633 Fonte
1411 1598 1578 1639 Pimpleo.
1599 1597 1656 1637 qui

954 1669 974 1690 a
1000 1657 1160 1697 Pimplia,
1186 1664 1262 1696 quae
1289 1652 1407 1683 civitas
1433 1654 1467 1679 et
1494 1657 1587 1678 mons
1605 1650 1658 1677 est

955 1710 1048 1742 circa
1061 1708 1274 1739 Heliconem.
1320 1702 1386 1734 Alii
1402 1701 1434 1731 in
1452 1697 1657 1730 Macedonia

954 1765 1098 1802 ponunt.
1142 1756 1295 1788 Thraciae
1334 1751 1504 1783 ascribunt
1542 1748 1655 1779 Schol.

956 1809 1167 1848 Callimachi,
1184 1811 1219 1838 et
1230 1802 1405 1846 Apollonii
1420 1813 1426 1830 ς
1445 1800 1545 1840 idque
1555 1799 1655 1829 etiam

956 1871 1071 1894 verum
1088 1864 1150 1898 est,
1166 1858 1192 1888 si
1210 1856 1349 1897 primam
1367 1860 1483 1883 eorum
1506 1850 1657 1879 locorum

955 1913 1132 1953 originem,
1148 1918 1214 1940 non
1245 1915 1322 1937 vero
1345 1904 1461 1940 situm,
1486 1900 1658 1940 respicias.

954 1966 1074 1997 Pieres
1093 1963 1180 1994 enim
1196 1958 1362 1992 Thracica
1378 1965 1474 1996 gens,
1490 1957 1659 1992 occupata

954 2015 1169 2048 Macedoniae
1197 2010 1341 2052 quadam
1373 2012 1484 2047 parte,
1516 2003 1593 2034 inde
1624 2003 1657 2032 in

957 2068 1125 2099 Boeotiam
1153 2065 1317 2103 irrupere.
1364 2058 1486 2097 Ibique
1521 2055 1659 2086 Helico-

955 2128 1030 2149 nem
1056 2115 1166 2147 Musis
1197 2119 1231 2144 et
1261 2115 1392 2141 antrum
1425 2106 1658 2139 Libethridum

955 2168 1179 2210 nympharum
1210 2163 1421 2194 dedicarunt.
1467 2157 1508 2189 Id
1548 2156 1659 2187 obiter

954 2219 1063 2251 innuit
1077 2216 1199 2249 Strabo
1216 2214 1274 2244 lib.
1298 2220 1349 2243 ix.
1365 2210 1459 2250 eujus
1476 2208 1585 2238 locum
1603 2206 1661 2235 (le-

956 2270 1119 2307 scribam,
1134 2266 1210 2308 qnia
1227 2270 1263 2295 et
1281 2261 1423 2302 insignis
1442 2264 1509 2297 est,
1526 2262 1561 2288 et
1589 2267 1657 2287 om-

955 2321 1035 2351 nino
1050 2319 1093 2350 ab
1108 2313 1352 2356 interpretibus
1374 2311 1462 2341 male
1487 2311 1660 2347 acceptus.

954 2370 1104 2402 Ἐνταῦθα
1118 2367 1145 2399 δ’
1163 2365 1230 2398 ἐστὶ
1241 2364 1279 2396 τό
1291 2376 1327 2394 τε
1344 2364 1406 2393 τῶν
1423 2361 1554 2391 Μουσῶν
1567 2357 1661 2398 ἱερὸν,

955 2420 1006 2452 καὶ
1016 2419 1157 2458 ἦἽππου
1183 2415 1288 2457 κρήνη,
1304 2413 1354 2444 καὶ
1370 2411 1408 2442 τὸ
1423 2412 1484 2441 τῶν
1503 2405 1661 2446 Λειβηθρί-

956 2475 1013 2503 δων
1029 2472 1152 2510 νυμφῶν
1166 2467 1289 2508 ἄντρον,
1306 2466 1338 2504 ἐξ
1353 2461 1388 2494 οῧ
1402 2460 1598 2500 τεκμαίροιτο
1623 2457 1662 2488 ἄν

955 2535 1003 2554 τις
1018 2524 1141 2563 Θρᾷκας
1159 2519 1235 2551 εἶναι
1250 2516 1322 2549 τοὺς
1347 2515 1404 2546 τὸν
1425 2514 1578 2544 Ἑλικῶνα
1592 2511 1661 2541 ταῖς

957 2575 1094 2606 Μουσαῖς
1111 2568 1367 2611 καθιερώσαντας,
1385 2564 1415 2596 οἳ
1437 2563 1487 2595 καὶ
1509 2562 1567 2599 τὴν
1589 2566 1659 2592 Πιε-

961 2624 1028 2665 ρῖδα
1042 2622 1093 2654 καὶ
1107 2622 1145 2652 τὺ
1157 2620 1324 2659 Λείβηθρον
1340 2616 1391 2648 καὶ
1404 2615 1463 2653 τὴν
1486 2613 1662 2652 Πίμπλειαν

961 2677 1031 2707 ταῖς
1042 2675 1149 2706 airuns
1165 2673 1246 2703 θεαῖς
1262 2668 1426 2707 ἀνέδειξαν·
1444 2665 1612 2697 ἐκαλοῦντο
1630 2664 1660 2693 δὲ

963 2725 1079 2767 Πιέρες·
1091 2722 1279 2756 ἐκλιπόντων
1291 2720 1323 2753 δὲ
1340 2718 1474 2758 ἐκείνων,
1490 2714 1663 2748 Μακέδονες
