1835 2906
256 123 339 164 564

698 133 847 164 SEXTI
882 133 1085 164 POMPEII
1121 134 1257 165 FESTI

256 227 509 280 Patrici0s‚f
529 227 711 270 Cincius
740 230 804 271 ait
838 229 884 271 in
917 229 1030 270 libro
1065 229 1118 270 de
1140 230 1356 281 ComitiiS,
1380 244 1457 273 eos
1490 234 1702 287 appellari

314 296 485 346 solitos,
509 296 586 349 qui
605 309 720 338 nunc
741 297 915 350 ingenui
937 300 1162 338 vocentur.

255 363 477 404 Patricius
495 364 620 405 vicus
637 370 653 393 ἕ
687 365 844 406 Romae
867 365 1029 415 dictim,
1051 378 1103 406 eo
1124 365 1241 419 quod
1264 366 1325 407 ibi
1343 368 1515 420 patricii
1536 368 1702 410 habita·

309 436 467 472 verunt
491 431 677 485 jubente
709 433 862 474 Servio
885 432 1046 482 Tullio,
1070 437 1115 474 ut
1143 434 1182 474 si
1211 435 1315 487 quid
1346 435 1598 477 molirentur
1625 435 1703 477 ad-

309 511 465 539 versus
485 500 646 553 ipsum,
664 513 720 540 ex
736 500 850 540 locis
871 501 1174 553 superioribus
1197 502 1558 555 opprimerentur.

251 565 439 607 Patrimi
480 572 524 608 et
554 565 774 607 matrimih
806 568 931 620 pueri
963 572 1048 609 tres
1077 568 1400 610 adhibebantur
1431 570 1477 610 in
1523 569 1699 621 [PAUL.

307 634 500 687 nuptiis:
532 647 663 683 unus,
686 634 762 688 qui
781 634 924 676 facem
955 635 1177 688 praeferret
1204 649 1260 678 ex
1287 637 1417 690 spina
1437 635 1565 689 alba,i
1592 638 1698 692 qui⁹

306 705 439 742 noctu
458 702 675 742 nubebant
692 715 703 752 ;
736 701 837 747 duo,
856 702 932 755 qui
948 704 1184 746 nubentem
1206 705 1430 746 tenebant.

248 768 435 809 Patrimi
458 772 502 809 et
522 769 711 809 matrimi
731 770 855 822 pueri
876 771 1127 823 praetextati
1147 776 1236 813 tres
1255 772 1486 814 nubentem
1503 772 1666 824 [FEST
1687 804 1695 812 .

304 835 556 877 deducunt:
580 849 706 887 unus,
731 837 806 890 qui
827 839 972 879 facem
994 838 1175 892 praefert
1196 852 1253 881 ex
1287 839 1421 893 spina
1447 841 1564 891 alba,
1593 839 1696 894 quia

302 907 440 945 noctu
460 904 710 957 nubebant·;
742 904 843 956 duo,
866 905 942 958 qui
963 909 1110 950 tenent
1130 908 1392 950 nubentem.

855 1046 971 1059 ttttt

289 1144 308 1171 9
333 1141 417 1174 Ead.
434 1142 488 1175 ed.
504 1143 585 1184 quia.

974 1045 1090 1059 eeeee

892 1281 1030 1314 NOTAE

242 1373 442 1406 commune-⁷
467 1375 565 1407 Idem.

285 1425 295 1444 f
319 1426 488 1466 patricios]
513 1426 619 1458 Cincii
637 1427 749 1467 opinio
766 1437 846 1459 vera
869 1428 936 1460 for-

241 1480 330 1507 tasse
347 1476 412 1507 fuit
427 1481 508 1516 tnui,
525 1487 598 1508 cum
617 1478 758 1517 primum
775 1480 907 1518 patricii
919 1489 938 1511 a

239 1526 380 1565 plebeiis
406 1527 438 1556 iu
466 1527 538 1566 ipso
568 1528 666 1558 initio
698 1528 789 1560 urbis
821 1529 936 1561 Romae

237 1574 334 1606 fuere
354 1576 515 1607 distincti.
541 1577 619 1609 Ant.
639 1578 724 1616 Aug.

282 1627 457 1667 patricios]
482 1628 579 1659 Hanc
606 1629 715 1660 Cincii
744 1629 935 1669 opinionem

235 1687 303 1708 non
329 1679 434 1709 cuivis
463 1679 586 1719 passim
609 1685 721 1711 uotam
739 1680 937 1712 confirmant

237 1728 339 1759 verba
367 1729 408 1760 P.
437 1730 534 1761 Dccii
560 1731 669 1761 Muris
694 1731 784 1771 apud
806 1732 936 1763 Livium

234 1779 292 1810 lib.
320 1788 356 1810 x.
380 1784 388 1796 ‘
406 1779 459 1810 An
484 1790 629 1821 unquam
650 1780 753 1812 fando
782 1782 935 1814 audiistis

235 1829 404 1859 Patricios
429 1830 536 1870 primo
562 1825 636 1861 e'sse
662 1830 784 1870 factm,
807 1841 870 1862 non
893 1832 935 1864 de

236 1880 321 1910 coelo
339 1878 513 1916 demissos,
537 1881 595 1911 sed
619 1881 674 1922 qni
694 1886 826 1922 patrem
844 1883 934 1914 ciere

233 1937 383 1970 possent,
398 1930 431 1960 id
446 1936 509 1970 est,
524 1931 685 1970 ingenuos
699 1931 721 1962 ξ’
745 1933 813 1963 Jos.
830 1932 913 1964 Scal.

276 1986 291 2007 ἕ
315 1982 474 2013 Patricius
498 1982 600 2022 ricus]
630 1982 669 2012 In
697 1982 931 2022 Exquiliarum

232 2038 328 2073 parte
346 2033 448 2065 fuisse
462 2038 594 2065 certum
609 2038 674 2065 est.
719 2034 807 2065 Vide
824 2040 832 2052 ¹
845 2035 929 2075 Sep-

232 2084 412 2115 timontio.'
436 2085 515 2115 Dae.

274 2134 288 2153 ¹¹
323 2135 457 2165 l’atrimi
493 2137 522 2164 et
553 2134 706 2173 matrimi]
744 2135 864 2166 Catnu.
896 2135 928 2166 in

231 2184 380 2224 Epithal.
414 2188 422 2201 ‘
440 2185 541 2214 Mitte
582 2183 787 2214 brachiolum
826 2189 928 2225 teres,

230 2234 456 2275 Praetextate,
468 2233 651 2274 puelinlae.’
676 2233 772 2263 Idem
786 2233 818 2263 in
833 2233 928 2264 Grae-

230 2285 281 2316 cia
298 2284 411 2316 fiebat.
458 2284 656 2315 Callimach.
675 2283 784 2314 αὐτίκα
798 2283 856 2314 τὰν
870 2285 926 2314 τᾶ-

228 2340 278 2365 λιν
289 2335 371 2366 παιδὶ
385 2334 441 2365 σὺν
456 2334 631 2374 ἀμφιθαλεῑ.
656 2334 744 2365 Nam
760 2334 848 2364 τᾶλις
864 2338 926 2369 est,

228 2386 335 2417 ‘nova
362 2385 503 2426 nupta?
534 2386 605 2416 παῖς
629 2384 814 2424 ἀμφιθαλὴς,
842 2393 926 2425 puer

228 2437 389 2476 patrimus
406 2436 592 2467 matrimus.
618 2436 716 2467 Idem.

271 2486 278 2506 ἰ
301 2487 412 2517 Facem
424 2486 552 2526 prafert
567 2497 605 2517 ex
620 2487 710 2526 spina
724 2485 808 2525 alba]
832 2485 925 2516 Male

228 2536 378 2577 quidam,
399 2547 438 2567 ex
461 2538 537 2577 pinu
551 2538 629 2568 alba.
663 2538 714 2568 Ex
733 2537 831 2577 spina
848 2536 925 2567 alba

227 2588 329 2618 etiam
345 2586 437 2618 faces
456 2589 549 2619 novis
563 2589 678 2629 nuptis
695 2587 924 2629 praefereban-

227 2641 294 2669 tur.
316 2638 424 2669 Varro
440 2638 482 2668 de
495 2639 563 2669 vita
580 2649 658 2680 pop.
676 2640 774 2671 Rom.
796 2640 853 2671 lib.
871 2649 924 2670 xr.

225 2687 334 2719 ‘Cum
364 2697 383 2719 a
411 2696 497 2719 nova
527 2694 634 2729 nupta
664 2689 751 2729 ignis
781 2689 814 2720 in
847 2688 924 2721 face

992 1378 1171 1412 afferretur
1184 1380 1259 1413 foco
1283 1382 1355 1421 ejus
1379 1386 1522 1422 sumtus,
1538 1392 1613 1414 cum
1635 1381 1690 1415 fax

992 1439 1033 1461 ex
1049 1432 1144 1471 spina
1160 1433 1239 1463 alba
1257 1438 1360 1471 esset,
1387 1439 1423 1464 nt
1448 1443 1520 1464 eam
1544 1443 1628 1473 puer
1645 1434 1692 1464 in·

992 1491 1120 1522 genuus
1137 1482 1300 1516 afferret.’
1346 1484 1490 1514 Causam
1503 1482 1604 1514 affert
1621 1483 1692 1514 Pii-

993 1532 1080 1572 nius,
1111 1542 1172 1563 cur
1199 1533 1296 1574 spina
1322 1533 1399 1564 alba
1418 1538 1617 1564 uterentur:
1641 1532 1690 1564 sic

992 1583 1080 1614 enirn
1099 1583 1156 1614 lib.
1169 1592 1244 1615 xvr.
1257 1593 1331 1626 cap.
1346 1587 1396 1616 18.
1414 1583 1480 1615 ‘Et
1496 1583 1593 1624 spina
1606 1593 1691 1623 nup·

991 1634 1109 1664 tiarnm
1144 1633 1274 1666 facibus
1306 1633 1584 1674 auspicatissima,
1609 1642 1689 1673 qno-

991 1683 1078 1714 niam
1103 1684 1181 1715 inde
1205 1684 1361 1715 fecerunt
1378 1688 1543 1725 pastore&
1558 1683 1613 1724 qni
1638 1692 1690 1713 ra-

991 1740 1139 1774 puerunt
1164 1735 1321 1775 Sabinas,
1350 1740 1385 1765 ut
1407 1738 1525 1765 auctor
1544 1738 1596 1764 est
1613 1733 1688 1763 Ma-

990 1784 1120 1815 surius-¹
1164 1784 1232 1816 Sed
1251 1785 1333 1815 iilud
1350 1784 1477 1822 verius,
1500 1782 1688 1814 adhibitam

989 1835 1096 1865 albam
1114 1836 1260 1875 spinam,
1276 1835 1354 1876 quia
1377 1838 1469 1865 esset
1492 1832 1689 1873 auspicatis-

989 1884 1086 1923 sima,
1117 1890 1152 1915 et
1190 1885 1290 1915 malas
1327 1893 1431 1915 noxas
1464 1891 1687 1914 averruncare

988 1935 1198 1965 crederetur.
1237 1934 1338 1965 Ovid.
1357 1934 1366 1950 ‘
1378 1934 1433 1965 Sic
1450 1932 1542 1964 fatus
1557 1932 1687 1972 virgam

987 1995 1053 2026 qna
1079 1985 1193 2016 tristes
1218 1985 1346 2025 pellere
1372 1987 1488 2024 posset
1511 1982 1541 2014 A
1559 1980 1685 2013 foribus

983 2045 1100 2073 noxas,
1110 2036 1201 2076 (haec
1220 2040 1291 2066 erat
1308 2032 1541 2073 alba‚)dedit.'
1570 2032 1684 2063 Quare

985 2090 1021 2116 et
1037 2095 1079 2116 ex
1096 2095 1137 2116 ea
1163 2086 1257 2125 virga
1288 2084 1406 2115 Ianalis
1426 2082 1539 2113 fiebat.
1579 2080 1684 2112 ovid.

984 2136 1177 2176 ‘Virgaque
1203 2135 1321 2165 lanalis
1349 2132 1392 2163 de
1418 2132 1516 2173 spina
1541 2131 1684 2161 sumitur

984 2186 1083 2217 alba.’
1128 2186 1300 2216 Fruticem
1325 2183 1425 2214 etiam
1452 2182 1556 2216 illum,
1583 2189 1684 2221 quem

982 2236 1082 2275 vulgo
1099 2244 1255 2266 vocamus
1271 2233 1433 2273 aubbpine,
1450 2230 1682 2262 felicissimum

982 2290 1106 2326 putant
1122 2285 1265 2316 anicuiae
1283 2288 1409 2315 nostrae
1426 2281 1575 2313 rusticae.
1611 2280 1681 2312 Sed

982 2336 1159 2367 redeamus
1188 2335 1230 2366 ad
1255 2335 1357 2366 faces.
1403 2331 1682 2364 Praeferebantur

982 2397 1115 2429 qnoque
1139 2397 1180 2418 ex
1198 2386 1302 2427 pinu:
1327 2394 1432 2427 quare
1450 2383 1576 2415 Catulli
1592 2382 1681 2423 opti-

981 2439 1024 2468 mi
1053 2437 1151 2469 codd.
1185 2438 1307 2477 pineam
1340 2439 1431 2476 quale
1464 2435 1587 2468 toedam,
1623 2432 1680 2463 ubi

982 2488 1037 2519 alii
1054 2488 1200 2529 spineam.
1244 2487 1299 2518 Sic
1321 2486 1330 2504 ‘
1344 2486 1458 2526 pinum
1476 2481 1679 2524 pronubam’

982 2543 1080 2569 vocat
1098 2537 1219 2577 Virgii.
1246 2538 1279 2567 in
1297 2536 1366 2567 Ciri
1383 2548 1389 2565 :
1415 2533 1597 2566 ‘Pronuba
1613 2541 1677 2564 nec

980 2593 1093 2619 custos
1111 2587 1277 2619 accendet
1293 2587 1392 2627 pinus
1409 2582 1573 2615 honores.'
1606 2582 1676 2613 Ne·

980 2648 1043 2679 que
1057 2639 1150 2678 pinea
1167 2642 1295 2670 tantum
1318 2636 1395 2677 fuit,
1410 2633 1469 2668 sed
1489 2638 1525 2666 et
1543 2634 1674 2665 Cornea.

979 2688 1085 2720 ldenh
