1835 2906
384 202 446 231 DE
483 200 750 232 VERBORUM
785 197 1190 228 SIGNIFIGA'I'IONE
1229 196 1320 225 [AB.
1354 197 1385 226 1.

1550 187 1604 227 59

166 296 456 349 Albogalerus
470 302 486 324 y
518 309 542 336 a
567 295 690 347 galea
711 293 961 333 nominatus
980 305 990 333 ε
1023 295 1091 332 est
1110 291 1224 331 enim
1245 291 1406 344 pileum
1429 291 1603 343 capitis,

222 376 308 416 quo
336 358 490 403 Diales
511 362 724 409 flamines,
744 360 789 400 id
820 363 899 409 est,
925 358 1175 400 sacerdotes
1206 358 1332 399 Jovis
1352 358 1604 398 utebantur:

222 430 352 470 fiebat
373 430 484 469 enim
514 442 571 469 ex
592 429 733 469 hostia
754 427 857 468 alba
877 427 1006 467 Jovis
1023 431 1037 448 2
1067 438 1186 466 caesa
1204 439 1213 466 :
1254 425 1326 465 eui
1350 424 1606 477 affigebatur

222 510 337 550 apex
359 497 526 549 virgula
548 496 756 547 oleagina.

165 564 328 605 Albula
348 563 548 604 Tiberisz
577 562 738 602 fluvius
760 561 906 602 dictus
939 561 994 601 ab
1027 560 1130 601 albo
1159 572 1287 612 aquae
1309 558 1469 599 colore.

1530 559 1607 599 Ti-

222 632 336 671 beris
366 635 512 671 autem
543 643 570 671 a
592 629 795 669 Tiberio3
827 629 969 669 Silvio
989 634 1004 649 ²²
1032 640 1130 680 rege
1155 627 1453 668 Albanorum:
1486 626 1605 679 quod

223 700 260 738 is
281 698 324 738 in
346 711 397 737 eo
419 698 639 738 extinctus
659 701 740 736 est.

166 764 362 815 Album,b
390 765 508 817 quod
536 777 619 804 nos
648 763 852 812 dicimus,
875 776 902 803 a
932 761 1107 811 Graeco,
1131 761 1249 815 quod
1283 764 1351 802 est
1382 762 1516 809 ἄλῲον,
1541 766 1608 801 est

223 833 500 885 appellatum.

562 831 715 872 Sabini
745 835 888 871 tamen
918 831 1067 884 alpum
1088 829 1313 870 dixerunt:
1352 828 1468 868 unde
1491 828 1607 869 credi

223 904 370 951 potest
390 913 546 940 nomen
568 899 748 952 Alpium
770 911 795 938 a
816 898 1002 939 candore
1022 898 1187 938 nivium
1210 897 1459 937 vocitatum.

167 964 338 1006 Alcedo
353 972 366 987 ⁶
386 967 609 1007 dicebatur
629 966 684 1006 ab
708 965 898 1018 antiquis
920 978 998 1018 pro
1019 965 1231 1018 halcyone
1254 977 1263 1003 ε
1293 967 1339 1003 ut
1355 975 1434 1016 pro
1458 962 1607 1015 Ganye

224 1032 349 1073 mede
373 1033 643 1074 Catamitus:
675 1046 755 1085 pro
778 1032 885 1072 Nilo
910 1031 1048 1072 Melo.

772 1150 1005 1162 aeeaeeeaeeo‘eae

209 1233 228 1260 2
253 1229 315 1262 Ed.
329 1229 417 1260 Seal.
433 1229 583 1259 Jovi.-3
609 1228 678 1259 Alii
699 1229 862 1269 Tyberim,

816 1326 957 1359 NOTAE

207 1397 221 1417 y
247 1390 464 1432 Albogalerus]
502 1391 681 1423 Suetonius
713 1391 746 1422 in
773 1391 861 1423 libro

166 1442 208 1473 de
241 1452 365 1482 genere
401 1441 679 1472 vestimentorum
713 1441 861 1482 scripsit,

166 1492 232 1523 tria
249 1502 371 1533 genera
389 1492 552 1532 pileorum
569 1501 655 1531 esse,
673 1491 794 1532 quibus
812 1501 861 1522 sa-

166 1542 321 1574 cerdotes
344 1547 495 1578 utuntur,
519 1542 673 1582 Apicem,
691 1542 863 1581 Turinum,

166 1595 339 1626 Galen-um.
392 1595 547 1636 Apicem,
580 1595 705 1636 pileum
738 1595 861 1627 subtile

165 1647 255 1677 circa
269 1646 426 1681 medium,
440 1647 534 1687 virga
547 1647 730 1678 eminente.
753 1647 859 1677 Tutu-

165 1696 246 1735 lum,
279 1696 404 1736 pileum
432 1696 581 1727 lanatum
612 1702 711 1727 metae
741 1696 860 1737 figura.

166 1746 342 1782 Galerum,
360 1747 483 1786 pileum
505 1756 547 1777 ex
563 1747 651 1786 pelle
665 1747 782 1777 liostiae
797 1756 861 1777 cae-

167 1805 226 1825 sae.
249 1796 317 1827 Jos.
332 1795 414 1826 Scal.

208 1850 220 1865 ²
242 1845 355 1876 Albula
379 1845 512 1886 Tiberis]
540 1845 696 1877 Eustath.
722 1845 757 1876 in
778 1845 862 1877 Dio-

167 1904 241 1934 nys.
258 1894 308 1925 καὶ
323 1894 371 1926 ὅτι
384 1894 501 1935 Τίβερις
519 1894 695 1930 ’Άλβουλος
716 1895 793 1926 ποτὲ
808 1907 861 1926 κα-

166 1944 324 1983 λούμενος.
364 1946 504 1986 Corrige
525 1945 700 1981 Ἄλβουλα.
739 1948 861 1987 Neque

165 1996 253 2026 enim
282 1995 393 2026 dietus
417 1996 548 2035 albulus,
575 1996 633 2027 sed
651 1998 778 2034 albulu5
801 1997 859 2028 sed

166 2054 227 2075 eur
244 2045 284 2076 ab
305 2047 401 2086 aquis
426 2046 509 2077 albis
535 2057 609 2078 cum
636 2047 759 2078 flavum
784 2057 861 2078 eum

166 2094 259 2125 dicat
284 2094 404 2135 Virgil.
442 2097 451 2113 ‘
467 2097 577 2128 Multa
602 2096 708 2128 flavus
734 2098 862 2130 arena.'

167 2144 212 2174 Et
231 2144 351 2176 Horat.
385 2150 393 2163 ¹
412 2146 531 2177 Flavus
553 2157 652 2188 quam
670 2148 800 2179 Tiberis
815 2149 860 2179 la-

165 2195 237 2226 vit.’
262 2196 394 2236 Nempe
411 2196 456 2227 ibi
473 2196 578 2228 flavus
596 2198 675 2229 nihil
689 2198 779 2229 aliud
796 2203 862 2239 est,

167 2255 265 2286 quam
282 2247 435 2286 pulcher,
450 2247 619 2287 limpidus,
644 2255 681 2280 nt
702 2250 860 2289 coeruleus,

166 2295 263 2336 Virg.
280 2297 290 2313 ‘
308 2297 483 2328 Coeruleus
498 2298 631 2330 Tibris.'
653 2300 734 2330 Dac-

210 2350 224 2365 a
247 2347 275 2376 A
316 2347 437 2377 Tiberio
473 2348 585 2388 Siluio]
628 2349 768 2389 Optime
801 2350 862 2381 viri

167 2394 259 2426 docti
300 2396 454 2428 Tiberino.
500 2398 566 2429 Hic
595 2399 740 2440 Calpeto
773 2401 861 2440 patri

167 2445 345 2484 successit,
362 2446 442 2476 etin
458 2446 581 2478 Albula
592 2450 784 2481 submersus
800 2460 860 2481 no-

166 2503 242 2524 rnen
262 2494 397 2535 reliquit
410 2493 522 2526 fluvio.
561 2497 662 2528 Ovid.
677 2500 747 2531 Liv.
764 2499 861 2531 Infra

167 2544 200 2574 in
211 2553 294 2575 voce
308 2546 316 2561 ‘
331 2544 463 2575 Tiberis
474 2544 482 2557 '
495 2545 552 2580 ait,
567 2548 575 2563 ‘
590 2548 675 2578 vela
686 2549 858 2588 Tiberino,

167 2595 222 2624 vel
246 2603 265 2625 a
289 2594 396 2635 Tibri,
421 2596 474 2626 vel
496 2596 612 2627 Tiberi
639 2606 718 2637 rege
734 2599 858 2630 Tusco-

167 2644 262 2674 rum.'
292 2645 380 2675 Sane
394 2650 426 2674 et
443 2646 598 2676 Eustatli.
623 2646 655 2676 in
680 2647 823 2688 Dionys,
841 2659 859 2679 a

168 2693 307 2724 Tiberio
334 2694 477 2735 quodam
503 2705 582 2736 rege
604 2695 731 2728 dictum
755 2697 859 2730 refert

169 2752 211 2773 ex
227 2743 350 2775 Dione.
374 2745 469 2775 Idem.

956 1391 971 1411 b
996 1389 1124 1430 Album]
1143 1389 1209 1420 Alii
1226 1392 1336 1420 tamen
1352 1388 1494 1429 Alpibus
1510 1397 1574 1419 non
1593 1398 1612 1419 a

916 1441 1041 1476 colore,
1058 1440 1115 1470 sed
1134 1439 1175 1470 ab
1193 1439 1372 1470 altitudine
1390 1447 1508 1469 nomen
1527 1438 1614 1468 indi-

917 1496 988 1522 tum
1017 1491 1168 1522 tradunt.
1203 1489 1302 1521 Albus
1330 1489 1418 1519 enim
1447 1488 1499 1518 vel
1525 1487 1614 1527 alpus

917 1543 1039 1583 Gallis,
1068 1542 1125 1583 qni
1155 1541 1233 1572 olim
1264 1540 1468 1572 Germanica
1498 1539 1614 1577 lingua

916 1593 1020 1624 locuti
1031 1596 1122 1632 sunt,
1138 1592 1235 1622 altum
1251 1589 1431 1628 significat,
1448 1588 1535 1618 unde
1550 1587 1615 1618 Isi-

917 1643 1030 1681 dorus,
1047 1644 1055 1660 ‘
1073 1642 1249 1673 Gallorum
1266 1641 1383 1679 lingua
1401 1639 1504 1678 Alpes
1521 1647 1614 1668 mon-

917 1699 968 1724 tes
983 1693 1041 1724 alti
1064 1690 1253 1722 vocantur.'
1287 1691 1331 1720 Et
1353 1688 1500 1720 Annibal
1524 1687 1614 1728 apud

916 1744 991 1774 Liv.
1004 1743 1063 1772 lib.
1082 1750 1161 1772 xxi.
1186 1741 1275 1771 Sect.
1300 1742 1351 1770 30.
1388 1743 1397 1756 ‘
1415 1738 1505 1771 Quid
1522 1738 1614 1769 aliud

916 1793 1023 1833 Alpes
1040 1801 1115 1822 esse
1133 1790 1310 1822 credentes
1333 1799 1431 1830 quain
1449 1789 1613 1819 montium

916 1841 1155 1874 altitudines?
1182 1840 1274 1871 Hinc
1291 1839 1529 1878 intelligendus
1547 1840 1615 1869 Eu-

915 1892 1016 1923 stath.
1031 1892 1063 1922 in
1079 1891 1220 1930 Dionys.
1254 1890 1289 1920 ‘H
1307 1889 1473 1929 δὲἈλπις,
1493 1889 1615 1931 inquit,

915 1942 1065 1981 μέγιστον
1085 1940 1165 1982 ὅρος,
1179 1940 1215 1971 δι’
1229 1939 1246 1970 ὃ
1266 1940 1314 1971 καὶ
1327 1942 1538 1977 πληθυντικῶς
1561 1940 1615 1970 λέ-

915 2004 1025 2032 ’γονται
1056 1993 1086 2023 αἱ
1110 1992 1251 2023 νΑλπεις.
1285 1991 1363 2021 Φασὶ
1393 1990 1425 2021 δὲ
1451 1991 1510 2028 τὴν
1530 1989 1614 2029 λέξιν

915 2042 1033 2080 ταύτην
1055 2042 1136 2074 κατὰ
1157 2043 1215 2080 τὴν
1231 2041 1273 2074 εἷς
1295 2041 1332 2071 τὸ
1354 2040 1538 2077 Ἑλληνικὸν
1559 2053 1613 2078 με·

914 2094 1050 2135 τάληψιν
1071 2093 1187 2124 ταύτὸν
1206 2093 1350 2124 δύνασθαι
1371 2093 1413 2133 τῇ
1435 2090 1611 2132 κλεισούρᾳ.

913 2146 922 2162 ‘
941 2145 1038 2186 Alpis
1056 2154 1148 2175 mons
1166 2144 1341 2182 maximus,
1367 2152 1471 2183 quare
1487 2147 1521 2172 et
1539 2141 1613 2181 plu-

916 2196 1032 2226 raliter
1048 2195 1206 2225 dicuntur
1222 2194 1339 2233 Alpes.
1376 2192 1482 2223 Aiunt
1499 2198 1612 2223 autem

914 2244 1112 2276 vocabulum
1123 2244 1203 2274 illud
1215 2243 1334 2273 Graece
1344 2242 1512 2272 redditum
1522 2241 1613 2272 idem

915 2297 1030 2326 valere
1047 2295 1137 2336 quod
1157 2291 1367 2324 claustrum]
1402 2290 1466 2322 Sed
1490 2290 1612 2322 falsum

916 2351 968 2377 est
986 2356 1098 2377 vocem
1117 2345 1292 2376 Gallorum
1306 2342 1476 2383 propriam
1493 2341 1610 2381 fuisse,

916 2397 1093 2427 cuminam
1108 2394 1222 2426 Graeci
1237 2393 1337 2423 etiam
1353 2392 1611 2432 usurpaverint3

914 2447 1060 2479 debetur
1076 2450 1188 2476 autem
1206 2443 1422 2474 Plioenicibus
1435 2442 1554 2483 quibus
1566 2443 1609 2472 la-

913 2499 971 2529 ban
981 2498 1081 2537 albus,
1091 2501 1126 2527 et
1135 2496 1220 2526 alben
1230 2495 1337 2526 forma
1345 2494 1388 2534 Sy
1395 2504 1441 2530 ra,
1449 2493 1610 2524 albescere,

914 2549 989 2580 Nisi
1012 2547 1105 2578 niali's
1124 2545 1218 2577 ἄλπιν
1249 2555 1322 2576 cum
1347 2545 1418 2575 aliis
1440 2543 1610 2574 excelsum

913 2599 1033 2629 collem
1052 2597 1271 2637 interpretari
1289 2595 1330 2627 ab
1350 2594 1497 2626 Hebraeo
1510 2594 1540 2624 al
1554 2593 1611 2623 vel

912 2649 976 2687 hal,
992 2647 1211 2688 quod-celsum
1235 2650 1344 2684 sonat,
1372 2650 1407 2676 et
1430 2654 1501 2685 pen,
1518 2643 1611 2684 quod.

913 2700 1016 2730 collem
1032 2702 1088 2729 aut
1103 2699 1248 2729 verticem
1262 2697 1386 2728 monti&
1414 2696 1520 2727 Idem.

956 2754 969 2769 ⁰
990 2748 1120 2788 Alcedo]
1151 2749 1249 2780 Varr.
1277 2747 1335 2779 lib.
1364 2755 1411 2777 Vl.
1439 2746 1482 2776 de
1503 2745 1542 2776 L„
1572 2745 1609 2775 ἱ..)
