1835 2906
352 178 414 207 DE
448 176 716 206 VERBORUM
749 170 1155 204 SlGNlF'ICATlONF.
1192 171 1280 201 [AB.
1314 172 1344 200 1.

1515 159 1570 200 67

184 276 247 316 rei
268 273 426 315 divinae
449 286 585 314 causa
603 272 767 313 circum
783 281 889 311 arva
914 267 1087 309 ducitur
1109 267 1164 307 ab
1189 266 1244 307 iis
1273 265 1344 318 qui
1370 277 1448 317 pro
1478 264 1564 304 fru-

188 343 314 395 gibus
333 341 514 382 faciunt.

130 409 432 462 Ambaxioqui
450 422 458 449 :
477 413 488 429 ⁵
518 409 681 448 circum
704 411 857 446 euntes
877 403 1150 445 catervatim.

131 476 366 529 Ambegnit
388 477 482 525 bos,
499 480 539 516 et
554 487 712 516 vervex
729 474 1075 528 appellabantur,
1093 482 1193 511 cum
1210 468 1264 509 ad
1279 480 1428 509 eorum
1450 472 1568 507 utra-

779 628 924 660 NOTAE
962 646 965 647 ν

131 722 164 748 et
181 718 190 736 ‘
203 718 345 749 clientes
357 717 366 731 '
387 728 451 749 vox
469 717 625 749 Gallica?
657 717 750 748 Quos
773 716 826 747 hic

130 768 285 798 ambactos
322 772 421 799 vocat
446 768 572 806 Caesar,
608 768 708 807 paulo
739 766 826 798 infra

130 823 137 834 ⁵
157 827 270 848 servos
284 817 293 830 '
321 818 482 858 appellat,
500 823 534 848 et
552 827 627 848 cum
646 817 825 848 clientibus

127 867 255 907 jungit.
279 866 334 897 Ita
353 873 388 898 ut
403 866 529 897 frustra
542 867 584 897 sit
601 867 752 907 Scaliger
770 866 826 907 qui

131 918 261 948 notavit
272 918 441 958 ambactus,
461 928 536 949 cum
549 927 681 948 servum
697 916 824 957 signifi-

132 973 201 1007 cat,
220 968 373 998 Latinum
392 973 521 1007 esse‚at
539 978 612 998 cum
629 977 688 1008 pro
701 968 824 1008 cliente,

132 1017 313 1049 Gallicum.
336 1018 505 1049 Ambae-tus
521 1027 611 1048 mere
626 1018 746 1048 Latina
761 1027 824 1048 vox

132 1073 196 1104 est,
208 1068 224 1097 ὃ
233 1067 488 1108 ἆμφιφερόμενος,
499 1068 514 1098 ὁ
522 1067 733 1108 περιφόρητος,
744 1077 762 1108 q
769 1077 825 1097 ua-

132 1118 157 1148 si
175 1119 376 1149 circumactus
392 1124 427 1149 et
441 1128 608 1158 nunquam
626 1118 827 1157 consistens,

133 1167 187 1207 qui
203 1167 265 1198 liae
280 1173 316 1199 et
333 1168 410 1198 illac
424 1167 687 1199 circumducitur
700 1176 829 1198 merce-

132 1217 183 1247 dis
208 1218 327 1257 gratia,
348 1218 443 1258 cujus
467 1227 588 1258 operas
613 1218 828 1259 quotidianas

134 1270 299 1301 Dominus
323 1271 413 1301 locat
439 1271 551 1301 lucelli
577 1280 691 1309 causa,
719 1270 829 1311 quiet

133 1320 208 1350 ideo
237 1320 405 1351 locellaris
433 1325 468 1351 et
489 1321 660 1351 lncellaris
681 1320 829 1361 appella-

132 1374 198 1401 tur.
242 1370 417 1409 Ambagere
441 1375 554 1402 autem
572 1376 668 1402 vetus
688 1370 829 1401 verbum

132 1431 193 1462 pro
209 1421 426 1460 circumagere.
474 1422 593 1463 Neque
612 1423 700 1453 enim
718 1431 829 1452 recur-

134 1473 273 1503 rendum
302 1471 342 1503 ad
366 1473 663 1504 manumissionum
694 1472 830 1502 modum

133 1527 169 1552 et
183 1522 370 1563 vertigines
388 1523 460 1553 illas
478 1523 597 1564 quibus
619 1522 831 1553 liberabatur

132 1581 262 1609 servus,
277 1572 366 1611 quod
381 1573 458 1603 viris
476 1572 678 1603 doctissimis
693 1572 830 1612 placuit.

134 1622 303 1653 Ambactus
323 1623 424 1653 etiam
442 1622 553 1653 dictus
569 1622 730 1653 ambaxzts.
776 1622 832 1652 In-

133 1671 184 1701 fra
200 1672 335 1703 ambaxi.
381 1673 518 1713 Nempe
534 1678 569 1703 ut
586 1682 604 1702 a
618 1674 626 1689 ‘
645 1671 711 1711 figo
724 1672 732 1684 '
749 1673 757 1689 ‘
772 1671 832 1702 fix-

135 1732 174 1753 us
189 1722 197 1734 '
212 1728 246 1753 et
263 1721 382 1753 ‘fictus
396 1725 415 1753 :'
439 1733 458 1753 a
482 1727 489 1739 ¹
506 1722 605 1762 tago‚’
628 1722 636 1738 ‘
653 1721 772 1752 taxus'
798 1726 834 1752 et

136 1774 143 1788 ‘
157 1776 289 1813 tactus‚'
311 1773 359 1804 sic
378 1773 420 1804 ab
433 1773 442 1789 ‘
455 1773 535 1813 ago'
555 1777 655 1803 ‘axus
668 1772 676 1784 '
697 1777 733 1803 et
759 1776 767 1790 ⁸
780 1781 833 1802 ac-

137 1823 214 1853 tus!
258 1823 419 1854 Ambaxus
446 1823 612 1853 ambactus.
664 1822 746 1852 Inde
769 1831 834 1852 am·

137 1872 237 1903 bactia
250 1878 284 1903 et
300 1873 456 1911 ambaxia,
473 1873 648 1903 servitium
662 1872 714 1902 vel
729 1880 835 1911 opera

137 1923 293 1954 mercede
311 1923 490 1958 conducta,
506 1932 566 1962 pro
584 1932 648 1963 quo
665 1921 831 1952 recentio-

137 1983 188 2004 res
211 1974 322 2003 Latini
347 1972 531 2003 ambasciam
548 1973 771 2013 scripserunt,
796 1975 833 2002 ut

137 2023 242 2054 ascilla
271 2032 329 2063 pro
358 2024 466 2053 axilla.
511 2022 597 2053 Inde
627 2021 832 2052 ambasciator-

138 2079 173 2105 et
188 2074 393 2111 amhaxz'ator,
411 2072 652 2106 internuntius,
667 2072 832 2102 intercur-

139 2134 206 2162 sor,
222 2123 440 2162 domesticus,
457 2123 626 2154 adsecula.
644 2122 726 2153 Dae.

180 2173 365 2213 Ambactus]
395 2173 545 2204 Glossar.
564 2173 572 2189 ⁴
587 2171 743 2203 Ambact.
768 2170 834 2201 δοῦ-

138 2230 193 2255 λος
205 2224 367 2263 μισθωτὸς,
383 2224 421 2254 ὡς
436 2222 578 2254 Ἕννιος.’
608 2223 725 2254 Caesar
743 2223 765 2252 l.
784 2230 833 2252 VI.

137 2278 146 2293 ‘
163 2276 218 2306 Ita
240 2276 400 2315 plurimos
433 2274 560 2305 circum
596 2283 630 2303 se
661 2273 834 2303 ambactos

143 2326 347 2366 clientesque
363 2324 486 2356 habet!
511 2325 581 2356 Ful.
603 2325 709 2355 Ursin.

183 2381 195 2395 Γ
211 2377 427 2416 Ambarvales]
455 2376 483 2406 A
515 2375 632 2406 duobus
656 2373 835 2412 fratribus:

142 2426 288 2457 fortasse
315 2436 376 2466 pro
394 2434 460 2456 x11.
477 2427 607 2466 legerat
630 2434 671 2456 11.
696 2430 730 2456 et
749 2424 839 2465 fugit

144 2487 218 2508 eum
237 2481 315 2507 nota
336 2476 465 2506 denarii
482 2476 621 2506 numeri.
644 2476 712 2506 Jos.
731 2475 816 2506 Scal.

187 2529 402 2569 Ambarrales]
435 2529 463 2559 A
501 2529 657 2558 duodecim
679 2528 840 2566 fratribus

145 2580 340 2617 scriberem,
356 2588 421 2608 non
437 2588 454 2607 a
470 2577 596 2616 duobus,
613 2587 654 2607 ex
674 2578 761 2608 Plin.
782 2579 839 2610 lib.

147 2639 254 2660 xvnl.
269 2639 344 2668 cap.
359 2631 390 2659 2.
435 2628 546 2659 Gellio
564 2627 621 2657 lib.
640 2636 689 2657 VI.
712 2637 786 2667 cap.
809 2631 840 2658 7.

147 2685 181 2709 et
200 2679 380 2719 Fulgentio
397 2677 438 2708 de
464 2677 638 2715 obscuris3
662 2682 699 2708 ut
716 2678 840 2708 intelli-

148 2734 245 2770 gatur
267 2729 308 2760 de
333 2729 510 2760 duodecim
534 2728 695 2760 fratribus
722 2729 840 2759 arvali-

883 715 966 746 bus:
992 714 1050 746 sed
1067 723 1140 755 quae
1166 715 1351 753 sequuntur
1377 709 1575 741 Macrobius

882 765 988 797 refert
1016 765 1072 797 lib.
1099 774 1153 795 111.
1182 763 1230 794 uti
1249 773 1267 793 a
1284 761 1449 801 Pompeio
1475 761 1576 791 Festo

881 816 1089 856 conscripta:
1130 820 1165 845 et
1195 814 1228 844 in
1254 813 1304 843 his
1329 812 1421 843 nulla
1451 812 1578 842 mentio

881 866 1043 898 fratrum:
1070 865 1147 896 ideo
1173 863 1353 895 videndum
1379 866 1443 900 est,
1471 871 1510 891 an
1528 871 1578 892 ar-

880 917 928 948 vis
954 920 985 947 et
1019 916 1166 956 frugibus
1200 914 1381 945 emendare
1411 916 1579 953 oporteat.

881 967 960 997 Ant.
976 966 1060 1005 Aug.

925 1017 1126 1047 Ambarvales
1141 1016 1265 1056 hostiae]
1283 1014 1376 1046 Infra
1390 1023 1451 1054 pro
1471 1024 1488 1043 a
1505 1014 1579 1043 ιίιιο-

884 1067 937 1097 bus
952 1067 1113 1104 fratribus
1135 1065 1359 1104 scribendum,
1390 1069 1427 1094 ut
1450 1064 1577 1104 optime

883 1117 1047 1156 Scaliger,
1063 1128 1081 1148 a
1097 1115 1431 1154 duodecimsmtribus.
1464 1114 1581 1153 Scrip-

883 1174 952 1199 tum
970 1167 1083 1198 fuerat
1099 1179 1117 1198 a
1131 1166 1370 1204 ccii.sratribus,
1383 1169 1417 1196 et
1431 1170 1508 1195 nota
1522 1164 1579 1194 de-

883 1218 967 1249 narii
997 1218 1127 1248 numeri
1152 1217 1274 1248 omissa
1296 1221 1361 1247 est.
1411 1215 1581 1254 Intelligit

884 1272 994 1299 autem
1012 1268 1136 1299 fratres
1153 1267 1298 1304 arvales,
1315 1275 1455 1307 quorum
1474 1265 1577 1295 talem

884 1328 958 1349 esse
970 1318 1083 1349 ferunt
1096 1317 1269 1357 originem.
1294 1315 1390 1346 Acca
1399 1314 1582 1345 Laurentia

885 1368 1017 1400 Romuli
1035 1368 1148 1398 nutrix
1166 1370 1389 1398 consueverat
1412 1375 1473 1405 pro
1491 1365 1582 1404 agris

885 1419 988 1450 semel
1012 1419 1045 1449 in
1071 1428 1157 1449 anno
1182 1417 1388 1456 sacrificare,
1413 1424 1480 1446 xn.
1505 1414 1582 1445 filiis

886 1468 1087 1501 sacrificium
1113 1467 1397 1508 pra-cedentibus.
1443 1465 1489 1496 At
1507 1475 1582 1496 cum

886 1529 969 1550 unus
987 1523 1136 1550 mortuus
1152 1522 1255 1556 esset,
1273 1521 1416 1557 propter
1440 1515 1583 1546 nutricis

886 1569 1026 1609 gratiam
1058 1569 1218 1599 Romulus
1244 1568 1276 1598 in
1303 1567 1408 1597 vicem
1432 1564 1584 1595 defuncti

887 1631 923 1652 se
939 1620 1119 1651 succedere
1135 1619 1328 1659 pollicetur.
1374 1616 1472 1648 Unde
1501 1618 1584 1646 ritus

888 1671 1058 1711 processit
1075 1679 1150 1700 cum
1168 1678 1237 1699 ΧΠ.
1255 1668 1326 1707 jam
1344 1665 1508 1705 deinceps
1534 1675 1585 1695 sa-

888 1720 1051 1759 crificare,
1070 1719 1126 1759 qui
1140 1718 1319 1749 duodecim
1347 1715 1472 1747 fratres
1489 1725 1585 1745 arva·

889 1772 935 1802 les
947 1771 1030 1801 dicti
1045 1775 1134 1800 suut.
1154 1768 1238 1800 Inde
1254 1768 1285 1798 in
1300 1766 1445 1804 Glossis,
1457 1766 1465 1782 ‘
1479 1765 1585 1796 Arva-

889 1821 935 1851 les
951 1821 1097 1858 sodales,
1120 1820 1148 1850 οἱ
1162 1818 1230 1859 περὶ
1247 1818 1318 1857 ὅρον
1333 1816 1586 1855 διαγινώσκοντες

886 1870 1052 1909 δικασταὶ,’
1075 1870 1142 1901 ‘de
1167 1869 1289 1900 finibus
1317 1877 1473 1908 agrorum
1503 1877 1582 1905 cog·

886 1919 1236 1960 noscentesjudices!
1264 1920 1345 1950 Dac.

941 1977 953 1992 ⁵
982 1969 1205 2010 Ambaxioqui]
1246 1969 1433 2000 Mendosus
1479 1968 1585 1997 locus.⁷

886 2022 1121 2061 Scribendum,
1139 2020 1287 2057 Ambaxi,
1308 2019 1360 2058 qui
1375 2018 1487 2048 circum
1503 2021 1587 2052 eunt,

888 2076 917 2103 et
933 2072 1126 2103 catervatim.
1172 2070 1330 2100 Ambaxes
1352 2068 1421 2098 sive
1448 2067 1585 2097 Ambaxi

889 2124 1113 2165 compositum
1143 2133 1186 2154 ex
1202 2123 1263 2153 Am
1278 2127 1313 2152 et
1329 2121 1428 2157 Ast-es,
1441 2120 1503 2149 hoc
1521 2124 1588 2155 est,

890 2174 1079 2216 glomerati.
1097 2172 1205 2213 Infra,
1217 2174 1226 2190 ‘
1239 2172 1342 2210 mes,
1355 2169 1590 2209 adglomerati,

891 2224 1061 2257 universi.5
1079 2225 1201 2255 Potest
1217 2229 1252 2255 et
1267 2223 1333 2263 legi
1350 2221 1445 2260 Amei,
1463 2220 1503 2250 ab
1517 2219 1586 2250 Ax-

892 2287 940 2315 us,
960 2276 1038 2307 Axi.
1060 2277 1130 2306 JOS.
1149 2275 1230 2305 Scal.

934 2325 1157 2365 Ambasrioquz']
1174 2323 1261 2354 Vide
1283 2330 1387 2362 supra
1418 2321 1426 2336 ‘
1441 2319 1588 2351 Ambae-2

893 2376 970 2407 tus!
995 2376 1077 2406 Dae.

934 2429 943 2447 ²
959 2425 1128 2465 Ambegui]
1143 2425 1193 2455 Ex
1210 2433 1259 2453 am
1276 2427 1310 2454 et
1324 2432 1436 2462 agnus,
1462 2423 1587 2461 ambag-

893 2488 962 2516 nus,
979 2477 1155 2514 ambegnus.
1194 2474 1378 2514 Ambegnae
1401 2483 1492 2512 oves,
1514 2483 1587 2514 quae

894 2538 936 2558 ex
953 2533 1093 2567 utraque
1112 2530 1211 2565 parte
1226 2524 1372 2554 habeant
1389 2533 1505 2563 agnos.
1545 2524 1588 2553 Et

895 2579 904 2594 ‘
920 2579 980 2608 bos
1003 2575 1188 2616 ambegna’
1214 2575 1302 2615 apud
1323 2576 1503 2605 Varronem
1532 2575 1586 2604 lib.

897 2637 992 2658 xvu.
1009 2627 1051 2657 de
1064 2627 1102 2658 L.
1116 2627 1153 2657 L.
1167 2635 1263 2666 quam
1281 2625 1405 2655 circum
1425 2625 1497 2654 aliae
1515 2625 1589 2654 1:050

896 2679 950 2709 tiae
975 2678 1236 2720 constituantur.
1285 2676 1453 2715 Fulgentii
1479 2675 1587 2705 locum

895 2728 936 2759 de
970 2728 1132 2767 ambegua
1159 2737 1220 2757 ove
1254 2731 1449 2766 corruptum
1493 2735 1589 2765 pium
