1835 2906
195 135 279 176 ‘iss

633 142 779 172 SEXTI
820 140 1016 171 ΡΟΜΡΕΙΙ
1054 138 1189 169 FES'ri

197 240 401 293 Coquum
418 236 430 260 ‘
455 242 498 278 et
515 237 718 290 pistorem
742 235 858 289 apud
880 235 1081 287 antiquos
1101 231 1278 272 eundem
1298 231 1438 271 fuisse
1462 230 1635 282 accepi-

252 318 365 346 mus.
408 304 452 345 N
456 305 609 353 aevius,
630 302 826 357 Coquus,
842 301 996 354 inquit,
1016 299 1104 340 edit
1122 299 1391 352 Neptunum,
1408 296 1636 345 Venerem,

257 372 484 413 Cererem:
513 370 727 424 significat
755 383 830 423 pei·
856 368 1054 409 Cererem
1083 379 1252 420 panem,
1281 364 1637 419 per-Neptunum

253 439 417 492 pisces,
440 451 520 491 per
539 437 750 478 Venerem
771 437 904 477 olera.

200 507 423 548 Corbitaeg
452 505 656 546 dicuntur
684 516 822 543 naves
853 502 1093 543 onerariae:
1123 500 1243 554 quod
1273 498 1314 540 in
1344 500 1462 540 malo
1493 510 1637 539 earum

257 586 426 614 summo
446 585 527 626 pro
550 572 675 623 signo
697 571 851 611 corbes
868 570 1054 611 solerent
1074 567 1299 622 suspendi.

202 640 432 682 Corculum
450 639 465 661 ¹¹
498 652 524 680 a
549 639 681 679 corde
713 638 918 679 dicebant
939 637 1107 690 antiqui
1129 637 1348 684 solertem,
1371 637 1413 675 et
1435 635 1641 674 acutum.⁵

258 708 446 748 Plautus
472 707 516 746 in
532 706 723 746 Casina:
756 705 847 757 Ego
866 718 960 745 sum
985 705 1106 754 liber,
1120 716 1260 744 meum
1281 702 1522 750 corculum,
1539 700 1641 740 mel-

258 775 453 822 liculum,
473 774 709 814 vernulum.

808 878 922 890 ἀἀἀἀἀ

246 941 263 967 5
289 936 356 967 Alii
372 939 504 966 cautum.

926 878 1041 890 eeeeee

855 1007 995 1040 NOTAE

248 1072 258 1093 f
282 1072 432 1113 Coquum]
459 1072 629 1103 Pistorem
651 1072 737 1113 apud
755 1073 901 1103 Veteres

205 1133 273 1154 non
289 1121 390 1153 fuisse
408 1128 552 1154 testatur
565 1123 674 1153 Varro
691 1123 723 1153 in
739 1124 828 1164 ταφῇ
842 1126 900 1153 Με-

206 1174 336 1204 νίππουε
371 1175 380 1192 ⁴
404 1174 477 1205 Nec
507 1174 665 1214 pistorem
694 1174 796 1204 ullum
828 1183 902 1204 nos-

207 1229 293 1259 sent,
307 1224 367 1254 nisi
383 1233 457 1254 eum
474 1224 529 1264 qui
546 1224 579 1254 in
596 1224 738 1264 pistrino
756 1224 905 1264 pinseret

207 1273 350 1304 farinam
364 1275 385 1304 ι’
414 1280 447 1304 et
477 1274 533 1304 lib.
558 1283 581 1304 1.
613 1274 655 1304 de
686 1274 756 1305 vita
788 1274 904 1314 populi

207 1325 305 1355 Rom.
326 1325 335 1341 ‘
354 1325 429 1356 Nec
446 1324 580 1364 pistoris
598 1334 718 1355 nomen
737 1330 822 1363 erat,
840 1326 904 1356 nisi

209 1375 280 1414 ejus
297 1375 353 1415 qui
370 1374 421 1405 far
439 1374 620 1415 pirrsebat.'
660 1375 749 1405 Plin.
766 1375 786 1404 Ι.
800 1383 905 1406 xv111.

210 1435 239 1456 c.
257 1428 306 1456 12.
331 1427 340 1442 ‘
360 1426 511 1456 Pistores
537 1425 652 1455 Romae
677 1433 740 1454 non
767 1424 907 1455 fuerunt

211 1475 252 1505 ad
271 1475 447 1506 Persicum
466 1485 569 1516 usque
588 1474 726 1515 bellum,
750 1475 843 1505 annis
867 1474 907 1505 ab

212 1527 296 1556 urbe
314 1527 451 1556 condita
468 1535 571 1564 super
588 1533 740 1556 ionxxx.
765 1525 826 1565 ipsi
851 1534 908 1565 pa-

212 1585 286 1606 nem
303 1575 471 1607 faciebant
485 1575 648 1613 Quirites,
664 1575 908 1616 mulierumque

212 1626 245 1656 id
263 1636 347 1666 opus
360 1631 447 1664 erat,
461 1626 547 1656 sicut
563 1626 665 1655 etiam
683 1625 819 1655 nuncin
838 1626 909 1665 plu·

214 1677 305 1706 rimis
323 1676 489 1717 gentium.
523 1675 703 1715 Artoptam
718 1675 860 1706 Plautus
878 1676 910 1706 in

213 1727 339 1766 fabula,
378 1737 477 1767 quam
515 1726 724 1757 Aululariam
763 1726 910 1766 scripsit,

215 1786 336 1817 magna
360 1778 403 1808 ob
427 1777 459 1807 id
484 1777 738 1807 concertatione
761 1776 909 1807 erudito-

214 1837 287 1857 rum
305 1837 345 1857 an
363 1828 389 1857 is
406 1836 520 1857 versus
538 1826 648 1866 poeta}
666 1827 826 1866 sitimus,
839 1835 909 1857 cer·

216 1882 354 1917 tumque
368 1877 412 1907 sit
428 1876 530 1907 Atteii
544 1876 719 1916 Capitonis
732 1877 913 1914 sententia,

215 1932 342 1958 tostum
357 1936 478 1968 panem
495 1927 694 1958 lautioribus
710 1936 853 1967 coquere
866 1936 913 1957 so-

217 1978 307 2013 litos,
326 1978 540 2017 pistoresque
558 1982 687 2008 tantum
704 1986 774 2016 eos,
791 1977 845 2017 qui
863 1976 914 2007 far

217 2027 411 2068 pinsebant,
433 2027 640 2058 nominatos?
685 2028 740 2058 Sic
763 2032 799 2058 et
827 2028 914 2067 apud

218 2078 377 2108 Plautum
394 2088 520 2118 coquum
536 2078 674 2113 centies,
696 2077 843 2118 pistorem
860 2088 915 2109 ve-

219 2137 256 2157 ro
273 2137 315 2158 ne
330 2129 433 2158 semel
451 2127 599 2168 quidem,
622 2127 683 2158 nisi
709 2137 771 2167 pro
793 2137 833 2158 eo
858 2128 914 2168 qui

218 2177 271 2208 far
294 2178 417 2218 pinsit:
443 2187 518 2208 nam
538 2178 656 2218 pistum
677 2177 809 2218 antiqui
825 2177 915 2208 dice-

221 2228 303 2259 bant
332 2238 392 2268 pro
419 2228 568 2259 molitum.
626 2228 713 2258 Vide
740 2228 750 2245 ‘
767 2228 918 2268 pistum.’

224 2279 332 2308 Locus
353 2278 476 2317 Naevii,
510 2281 518 2295 ‘
534 2278 670 2318 Coquus
695 2277 767 2309 edit
785 2278 915 2319 Neptu·

223 2337 316 2367 num,
346 2330 532 2367 Venerem,
567 2327 752 2367 Cererem,’
796 2338 837 2359 ex
878 2329 918 2359 iis

225 2378 384 2417 operibus
401 2378 598 2419 desumptus
614 2376 679 2409 fuit
697 2388 836 2420 quorum
860 2388 918 2409 110-

225 2427 316 2457 mina
338 2427 434 2457 hodie
457 2438 521 2458 non
545 2433 675 2459 extant.
721 2428 790 2459 Cui·
806 2433 918 2459 autem

226 2487 286 2517 per
298 2477 467 2507 Venerem
481 2479 572 2508 olera
588 2479 755 2519 intelligat
771 2479 921 2519 Naevius,

226 2528 291 2558 hoc
313 2527 391 2558 inde
414 2533 478 2564 est,
505 2529 591 2568 quod
614 2530 703 2560 horti
730 2530 761 2560 iu
776 2529 920 2560 Veneris

229 2583 328 2609 eraut
359 2579 476 2610 tutela.
530 2579 635 2610 Varro
664 2580 720 2612 lib.
748 2589 771 2612 1.
803 2580 845 2611 (le
872 2581 922 2611 Re

231 2629 325 2659 Rust.
349 2627 358 2643 ‘
376 2627 575 2658 Adveneror
600 2630 786 2660 Minervam
804 2636 838 2661 et
855 2631 922 2660 Ve-

229 2688 355 2720 nerem,
377 2687 515 2719 quarum
541 2678 631 2709 unius
655 2680 846 2719 procuratio
863 2680 921 2712 oli-

956 1074 1036 1109 veti,
1063 1072 1199 1104 alterius
1216 1072 1401 1109 hortorum,
1429 1079 1492 1111 quo
1516 1068 1648 1100 nomine

956 1124 1083 1154 rustica
1107 1123 1230 1153 vinalia
1246 1120 1427 1153 instituta.'
1472 1120 1566 1151 Idem
1589 1119 1649 1149 lib.

959 1184 992 1205 v.
1017 1174 1058 1204 de
1076 1175 1114 1205 L.
1130 1174 1167 1204 L.
1185 1173 1260 1203 vide
1277 1171 1364 1203 infra
1381 1175 1457 1212 post
1483 1171 1492 1187 ‘
1510 1168 1648 1209 Roscii,'

957 1226 1040 1257 etin
1060 1226 1068 1243 ‘
1090 1225 1215 1256 rustica
1232 1223 1378 1254 vinalia)
1402 1223 1500 1253 Idem.

999 1281 1015 1303 ἕ
1041 1274 1194 1314 Corbitoe]
1226 1274 1342 1304 Genus
1369 1272 1494 1311 navigii
1519 1269 1652 1301 tardum

958 1329 993 1356 et
1010 1335 1123 1366 grave.
1168 1324 1283 1355 Plaut.
1298 1323 1541 1353 Poenul.111.1.
1557 1321 1566 1337 ‘
1580 1320 1652 1351 Ho—

959 1376 1065 1405 mines
1115 1373 1428 1414 spissigradissimos
1474 1370 1651 1401 Tardiores

962 1435 1060 1467 quam
1078 1424 1217 1455 corbitae
1234 1429 1311 1454 sunt
1334 1423 1366 1453 in
1389 1421 1570 1461 tranquillo
1587 1429 1654 1450 rna-

964 1476 1013 1507 ri.’
1057 1475 1113 1506 Sic
1144 1480 1256 1506 autem
1272 1475 1374 1504 ‹lictae
1403 1473 1540 1510 cor-bitte,
1566 1472 1654 1512 quod

961 1526 1063 1557 corbes
1080 1526 1112 1556 in
1130 1526 1217 1556 malo
1233 1523 1398 1564 παράσημα
1413 1523 1656 1563 suspenderen-

963 1582 1018 1607 tur
1044 1582 1161 1606 contra
1187 1575 1322 1605 solitum
1350 1583 1496 1604 rnorem:
1522 1580 1656 1611 semper

963 1626 1051 1656 enim
1068 1624 1236 1664 παράσημα
1251 1625 1283 1655 in
1308 1633 1418 1664 prora,
1444 1628 1479 1653 et
1504 1622 1580 1652 inde
1604 1630 1659 1651 no·

964 1684 1052 1706 men.
1077 1675 1174 1706 Idem.

1007 1724 1020 1744 ¹¹
1048 1723 1226 1764 Corculum]
1264 1723 1380 1754 Plauti
1397 1722 1587 1762 exemplum
1604 1721 1657 1752 liic

966 1775 1047 1806 nihil
1071 1774 1112 1805 ad
1140 1784 1234 1812 rem;
1260 1773 1318 1804 sed
1347 1774 1471 1813 potiuS,
1500 1772 1586 1812 quod
1613 1771 1660 1802 ait

967 1826 1088 1857 Cicero
1105 1823 1146 1855 de
1162 1825 1321 1863 Scipione
1345 1823 1480 1860 Nasica,
1496 1832 1572 1853 euui
1590 1822 1660 1852 vul—
1708 1840 1709 1843 =

967 1884 1008 1916 go
1028 1875 1194 1905 Corculum
1210 1874 1348 1904 dictum.
1371 1873 1532 1903 ,los-‚Scan

1013 1923 1194 1962 Corculum]
1218 1923 1284 1954 Hic
1302 1923 1416 1954 Plauti
1438 1924 1542 1958 locus,
1562 1931 1660 1963 quem

967 1974 1082 2005 laudat
1095 1974 1228 2011 Festus,
1243 1973 1323 2003 nihil
1341 1972 1381 2002 ad
1400 1981 1481 2008 rem,
1497 1981 1570 2002 nam
1594 1980 1660 2011 quo

968 2035 1064 2057 sensu
1082 2024 1168 2055 dixit
1190 2024 1344 2061 Plautus,
1370 2031 1436 2052 non
1461 2031 1520 2062 pro
1545 2021 1663 2052 solerti

969 2080 1005 2107 et
1029 2080 1139 2110 acuto,
1163 2075 1220 2104 sed
1252 2073 1487 2112 ὑποκοριστικῶς
1518 2071 1662 2112 positum

969 2131 1045 2164 est;
1070 2128 1157 2155 ut'et
1176 2124 1306 2164 reliqua
1322 2123 1424 2153 verba
1448 2122 1489 2153 ad
1518 2121 1662 2152 eundem

969 2175 1103 2207 modum
1133 2173 1257 2205 efficta.
1312 2174 1375 2203 Sed
1401 2173 1565 2210 corculum,
1598 2181 1663 2212 quo

970 2235 1068 2256 sensu
1093 2225 1250 2255 solertem
1274 2229 1308 2255 et
1333 2229 1468 2254 acutum
1485 2221 1665 2262 significat,

971 2276 1081 2306 dictus
1104 2274 1220 2315 Scipio
1238 2275 1373 2306 Nasica.
1420 2274 1539 2305 Cicero
1555 2273 1588 2303 in
1605 2273 1664 2304 lib.

971 2326 1013 2356 de
1027 2326 1125 2356 claris
1138 2324 1274 2355 Orator.
1289 2324 1297 2340 ‘
1309 2325 1349 2355 P.
1362 2324 1461 2355 etiam
1473 2324 1665 2364 Scipionem

973 2376 1147 2411 Nasicam,
1164 2375 1221 2415 qui
1248 2379 1297 2405 est
1321 2375 1500 2406 Corculum
1518 2374 1665 2415 appella·

974 2431 1039 2465 tim,
1070 2427 1125 2467 qui
1155 2426 1235 2456 item
1266 2425 1316 2456 bis
1343 2426 1459 2456 consul
1489 2428 1667 2456 et‘censor

974 2476 1051 2519 fuit,
1088 2477 1237 2507 habitum
1277 2475 1513 2516 eloquentem.'
1579 2474 1665 2504 Item

974 2529 1074 2568 paulo
1091 2525 1250 2557 inferius:
1269 2525 1278 2542 ‘
1293 2525 1369 2557 Jam
1387 2525 1526 2555 duorum
1543 2522 1665 2553 abavo-

977 2588 1048 2608 rum
1066 2586 1163 2618 quarn
1180 2582 1231 2607 est
1249 2576 1378 2606 illustre
1396 2583 1528 2612 nomen,
1545 2574 1586 2604 P.
1598 2573 1668 2603 Sci-

978 2628 1099 2669 pionis,
1126 2627 1182 2667 qui
1209 2626 1259 2656 bis
1286 2626 1403 2656 consul
1429 2624 1505 2666 fuit,
1531 2625 1587 2665 qui
1615 2629 1668 2655 est

979 2678 1158 2711 Corculum
1176 2676 1311 2708 dictus.’
1333 2676 1413 2707 Duc.
