1835 2906
408 159 470 187 DE
505 156 775 194 VERBORUM
809 153 1217 185 SIGNIFICATIONE
1252 154 1347 182 [AB.
1381 153 1429 182 X.

1565 143 1649 183 353

206 255 483 296 ΙΑΕοτόειΑ(1
518 255 663 296 insula
696 254 812 296 dicta
845 267 872 294 a
907 252 1168 294 consobrina
1203 252 1355 293 AEneae
1388 250 1552 292 ibidem
1585 263 1652 291 se-

262 323 403 376 pulta.

207 391 398 431 Lectusr
440 391 602 441 dictus,
633 392 703 432 vel
732 404 758 431 a
786 389 979 430 collectis
1009 387 1130 428 foliis
1160 386 1217 427 ad
1250 386 1558 427 cubitandum:
1580 384 1653 426 vel

263 459 380 511 quod
401 458 611 512 fatigatos
633 459 688 500 ad
712 472 758 500 se
779 456 971 507 alliciat3
992 456 1062 496 vel
1083 468 1109 495 a
1130 454 1292 496 Graeco
1314 453 1480 509 λέκτρον.

205 527 416 580 Legimus
437 533 511 568 aut
531 527 757 581 scriptum,
780 531 856 566 aut
878 525 1055 572 oleam‚2
1077 524 1352 576 glandemve,
1375 527 1419 563 et
1431 523 1516 562 alia
1531 534 1653 574 quae-

263 595 377 645 dam,
400 599 442 636 et
463 595 611 636 addita
631 593 952 649 praepositione
984 592 1172 633 dicimus
1203 590 1466 644 colligimus,
1500 589 1654 641 deligi-

263 676 375 704 Inus.

207 731 345 783 Legio
369 731 609 771 Samnitum
625 735 637 752 ⁵
657 730 841 770 linteata
862 727 1086 781 appellata
1107 735 1191 775 est,
1209 724 1329 778 quod
1348 723 1569 765 Samnites
1589 723 1654 763 in-

265 803 429 839 trantes
452 799 607 852 singuli
630 798 685 839 ad
716 810 850 846 aram,
878 796 990 837 velis
1026 795 1171 835 linteis
1195 792 1545 841 circumdatam,³
1569 804 1653 832 non

263 879 468 908 cessuros
490 880 536 907 se
560 866 763 907 Romano
779 865 905 905 militi
920 863 1211 917 jurave1·11nt.4

809 985 844 996 ee
851 983 1006 995 ‘eculeo
1013 983 1046 994 eo

248 1066 267 1093 2
292 1063 437 1095 Quidam
465 1063 542 1094 libri
570 1065 759 1094 olerum—3
788 1062 843 1093 ΑΙ.
869 1061 1131 1093 circumdant—4
1166 1060 1235 1090 Pro
1257 1058 1443 1096 juraverunt
1475 1056 1655 1096 legendum

207 1112 321 1137 monet
344 1106 458 1137 Ursin.
473 1106 671 1144 juraverant.

857 1201 997 1233 NOTAE

207 1281 216 1297 ‘
233 1279 384 1310 Lautolae
401 1289 419 1309 a
436 1278 592 1319 lavando,
610 1278 698 1320 quod
717 1278 761 1309 ibi
786 1278 826 1309 ad
844 1278 902 1310 Ja-

205 1341 283 1360 num
309 1331 477 1371 geminum
495 1341 590 1372 aquae
608 1330 726 1361 calidae
744 1329 904 1361 fuerunt.’

208 1381 306 1411 Idem.

248 1438 263 1458 q
287 1431 445 1472 Lectosia]
470 1431 654 1472 Dionysius
671 1432 728 1463 lib.
756 1441 780 1462 1.
800 1430 905 1461 ’Ἐπει-

204 1494 245 1512 τα
260 1481 341 1519 νήσῳ
356 1481 546 1522 πρόσεσχον,
558 1479 581 1524 ᾗ
591 1483 726 1521 τοῦνομα
740 1480 909 1525 Λευκασία,

205 1532 266 1563 ἀπὸ
280 1533 426 1571 γυναικὸς
441 1532 567 1573 ἀνεψιᾶς
581 1533 702 1564 Αἰνείου
716 1533 791 1574 πρὸς
817 1533 908 1567 τόνδε

204 1583 259 1614 τὸν
272 1584 369 1614 τόπον
384 1583 607 1621 ἀποθανούσης.
631 1585 828 1624 Legendum
846 1585 907 1626 igi-

206 1641 274 1674 tur,
288 1635 447 1666 Leucosia.
473 1636 547 1666 Ful.
566 1635 680 1666 Ursin.

250 1686 407 1725 Lectosia]
426 1686 517 1726 Lege.
535 1684 697 1716 Leucosia.
726 1684 842 1715 Insula
853 1690 906 1716 est

206 1736 384 1765 Leucaniae
410 1737 443 1765 in
471 1736 543 1766 sinu
573 1736 745 1767 Paestano.
803 1735 906 1767 Ovid.

209 1795 272 1816 xv.
291 1787 430 1817 Metam.
454 1787 464 1803 ⁴
477 1786 680 1827 Evincitque
703 1786 842 1822 fretum,
858 1787 906 1817 Si-

206 1838 343 1877 culique
368 1842 510 1875 angusta
537 1837 664 1877 Pelori,
683 1837 908 1877 Hippotadae-

207 1898 272 1928 que
300 1888 417 1918 domos
446 1888 544 1927 regis,
571 1888 820 1929 Themesesque
839 1899 906 1919 me-

207 1939 297 1977 talla,
313 1939 577 1980 Leucosiamque
608 1940 705 1979 petit,
729 1939 906 1980 tepidique

208 1990 334 2020 rosaria
360 1989 492 2021 Paestff
537 1990 663 2020 Verum
693 1990 765 2020 haec
783 1999 849 2020 non
864 1990 905 2020 ab

208 2041 320 2071 AEneae
335 2040 549 2075 consobrina,
567 2039 624 2070 sed
637 2050 655 2069 a
674 2040 837 2070 Leucosia
855 2039 907 2071 Si-

207 2100 323 2121 renum
353 2100 418 2121 una
446 2100 566 2121 nomen
592 2090 708 2129 traxit,
733 2095 771 2120 ut
801 2091 907 2130 Lyco-

208 2141 330 2181 phron,
347 2141 479 2176 Strabo,
494 2141 704 2176 Eustathius,
721 2141 752 2170 in
766 2141 908 2181 Dionys.

207 2191 345 2231 Perieg.
381 2192 522 2228 Plinius,
555 2198 590 2223 et
628 2193 682 2222 alii
721 2197 907 2222 testantur.

209 2244 323 2275 Quare
335 2243 511 2282 tegendum
529 2243 666 2273 omnino
682 2242 840 2277 Leucosia,
854 2242 905 2283 (id

209 2291 298 2332 quod
316 2298 348 2322 et
365 2292 558 2323 doctissimo
583 2293 735 2324 cantero
759 2292 791 2322 in
816 2302 907 2322 men-

210 2346 279 2373 tem
297 2342 414 2382 venit‚)
427 2352 468 2372 ex
490 2343 655 2382 Dionysio
671 2354 678 2374 ς
698 2342 806 2373 ἔπειτα
821 2342 904 2382 νήσῳ

209 2394 390 2434 πρόσεσχον
418 2391 441 2435 ᾗ
462 2395 595 2432 τοῦνομα
608 2394 711 2425 ἔθεντο
726 2395 907 2434 Λευκασίαν,

209 2445 269 2475 ἀπὸ
283 2444 426 2483 ’γυναικὸς
441 2445 565 2484 ἀνεψιᾶς
580 2443 699 2474 Αἶνείου
726 2444 793 2484 περὶ
818 2444 907 2475 τόνδε

209 2496 264 2526 τὸν
288 2495 384 2526 τόπον
399 2494 621 2531 ἀποθανούσης.
647 2495 677 2526 Ι.
702 2494 711 2510 ‘
730 2496 856 2526 Postea
873 2495 906 2525 in

210 2547 351 2576 insulam
366 2547 582 2587 appulerunt,
593 2545 775 2576 cuinomen
790 2544 905 2576 fecere

211 2597 424 2635 Leucasiam‚
434 2597 599 2627 amuliere
612 2597 723 2627 AEneae
737 2595 906 2626 consobri-

210 2658 266 2688 na,
284 2658 358 2689 quae
383 2649 473 2679 circa
491 2648 583 2678 illum
602 2648 710 2678 locum
730 2645 882 2677 obierat:
898 2646 906 2658 ’

212 2704 246 2729 et
262 2699 365 2730 Solin.
389 2698 397 2714 ‘
416 2700 464 2730 Ex
491 2698 690 2730 consobrina
709 2697 905 2728 Leucasiam

298 2752 413 2793 Delpli.
428 2756 455 2783 et
472 2753 546 2785 Var.
566 2753 649 2783 Clas.

958 1276 1126 1307 insulam!
1158 1275 1243 1307 Haec
1262 1274 1370 1305 insula
1387 1274 1419 1304 in
1438 1272 1520 1303 mari
1538 1272 1633 1303 Ionio
1652 1282 1660 1310 3

959 1332 994 1357 et
1019 1327 1106 1357 male
1132 1326 1194 1357 viri
1213 1326 1303 1356 docti
1323 1335 1396 1356 eam
1414 1334 1490 1356 cum
1508 1322 1660 1355 Leucosia

959 1377 1183 1409 confundunt.
1209 1378 1289 1408 Duc.

1002 1434 1012 1450 ¹
1036 1429 1165 1470 Lectus]
1193 1427 1218 1458 Α
1234 1425 1389 1467 legendis
1413 1423 1512 1462 foliis,
1529 1432 1570 1454 ex
1588 1423 1660 1464 qui-

962 1480 1023 1511 bus
1055 1480 1119 1511 sibi
1149 1481 1256 1510 lectos
1286 1477 1429 1508 Veteres
1452 1474 1661 1506 sternebant.

963 1532 1119 1571 Euripid.
1149 1531 1180 1560 in
1210 1529 1323 1560 Rheso
1341 1538 1348 1558 :
1385 1527 1476 1556 λεῖπε
1502 1523 1661 1564 χαμεύνας

962 1581 1234 1623 φυλλοστρώτους,
1255 1581 1264 1597 ‘
1283 1579 1432 1619 relinque
1448 1578 1555 1607 lectos
1571 1575 1662 1607 foliis

961 1633 1107 1664 stratos.¹
1142 1632 1208 1662 Sed
1226 1630 1342 1661 melius
1358 1630 1465 1668 lectus,
1483 1637 1502 1658 a
1516 1625 1660 1667 λέκτρον,

963 1685 1084 1715 amisso
1108 1697 1137 1725 p.
1191 1683 1301 1713 Varro
1331 1680 1390 1711 lib.
1417 1689 1466 1711 ιν.
1499 1679 1662 1709 ‘Lectica

962 1736 1050 1776 quod
1080 1735 1250 1774 legebant,
1273 1732 1361 1763 unde
1391 1740 1464 1762 eam
1492 1729 1662 1767 facerent,

963 1790 1152 1816 stramenta
1183 1792 1286 1826 atque
1321 1783 1453 1820 herbas,
1489 1785 1526 1812 ut
1558 1781 1660 1810 etiam

962 1846 1050 1867 nunc
1063 1835 1101 1867 fit
1115 1837 1147 1866 in
1164 1835 1294 1866 castris.
1339 1834 1475 1867 Lectos,
1492 1841 1534 1862 ne
1547 1834 1661 1860 essent

963 1887 996 1917 in
1015 1894 1116 1926 terra,
1133 1886 1295 1916 sublimes
1324 1885 1356 1914 in
1383 1884 1433 1914 liis
1462 1882 1633 1923 ponebant
1652 1891 1659 1910 :

961 1937 1024 1968 nisi
1048 1936 1090 1968 ab
1113 1946 1152 1967 eo
1175 1936 1263 1976 quod
1287 1935 1402 1966 Graeci
1421 1932 1552 1974 antiqui
1569 1931 1662 1962 dice-

962 1988 1044 2018 bant
1058 1986 1190 2027 λέκτρον
1211 1987 1335 2016 lectnm
1356 1982 1493 2023 potius!
1518 1983 1615 2013 Idem.

1004 2043 1014 2058 ⁵
1038 2039 1136 2077 Legio
1168 2036 1359 2076 Samnitum]
1392 2035 1568 2066 videndus
1608 2032 1660 2063 Li-

964 2090 1034 2120 vius
1052 2090 1111 2120 lib.
1124 2098 1159 2119 x.
1192 2088 1233 2119 In
1248 2087 1313 2118 fine
1331 2083 1659 2123 sc1·ibendum,jura-

960 2144 1079 2171 verant.
1109 2139 1179 2170 Ful.
1198 2138 1312 2169 Ursin.

1006 2190 1102 2229 Legio
1120 2190 1298 2220 Samnitum
1325 2186 1470 2226 linteata]
1494 2185 1569 2216 Hoc
1587 2183 1660 2215 fuse

963 2240 1128 2271 describit
1147 2241 1261 2271 Livius
1285 2239 1340 2269 lib.
1360 2248 1396 2269 x.
1413 2248 1490 2278 cap.
1508 2239 1559 2266 38.
1584 2236 1592 2251 ‘
1609 2237 1659 2266 Ea

960 2292 1070 2331 legio'
1094 2290 1281 2332 (sexdecim
1307 2290 1442 2320 millium
1471 2287 1551 2328 fnit)
1577 2288 1585 2304 ‘
1601 2288 1661 2318 lin-

961 2349 1052 2374 teuta
1080 2343 1122 2373 ab
1145 2343 1380 2380 integumento
1408 2339 1575 2379 consepti,
1594 2348 1661 2379 quo

961 2397 1093 2424 sacrata
1121 2392 1278 2422 nobilitas
1295 2396 1380 2425 erat,
1397 2390 1569 2430 appellata
1587 2388 1662 2419 est.’

965 2444 1050 2474 Nam
1066 2443 1166 2483 paulo
1181 2441 1334 2481 superius
1351 2441 1436 2470 idem
1455 2440 1658 2479 scripserat:

962 2499 969 2511 ‘
985 2493 1036 2524 lbi
1053 2493 1171 2523 mediis
1185 2490 1257 2522 fere
1274 2491 1393 2521 castris
1406 2491 1497 2522 locus
1515 2496 1566 2521 est
1579 2501 1660 2522 con-

962 2549 1077 2584 septus
1093 2542 1240 2573 cratibus
1267 2541 1458 2582 pluteisque
1486 2546 1520 2572 et
1546 2542 1659 2572 linteis

962 2599 1153 2631 contectus,
1179 2597 1299 2632 pateus
1322 2591 1486 2622 ducentos
1511 2592 1656 2622 maxime

963 2645 1066 2685 pedes
1081 2645 1111 2674 in
1123 2653 1236 2675 omnes
1255 2643 1383 2682 pariter
1397 2641 1538 2683 partes.’
1564 2642 1658 2672 Male

962 2697 1064 2735 igitur
1074 2705 1132 2736 pro
1145 2695 1364 2726 circumdatam
1380 2693 1515 2734 quidam
1533 2692 1659 2723 habent

833 2752 942 2791 Pomp.
961 2751 1043 2781 Fesl.
1546 2747 1571 2776 Z
