1835 2906
403 105 463 134 DE
497 100 767 133 VERBORUM
803 98 1174 130 SlGNlFlGA'i'loN
1188 99 1210 127 1⁴,

1248 97 1339 127 [AB.
1373 96 1477 126 Χιν.
1582 88 1666 128 567

274 207 393 245 6016,
425 194 530 248 quia
549 193 604 234 ab
626 205 678 233 eo
711 191 880 233 initium
914 188 1009 242 ejus
1030 188 1195 229 fraudis
1217 201 1311 228 6556
1334 187 1496 240 coepit:
1529 187 1667 240 siqui-

274 263 372 303 dem
405 265 504 303 ante
537 274 601 302 aes
642 264 715 301 aut
745 261 968 312 argentum
1002 256 1218 309 signatum
1251 256 1308 295 ob
1339 254 1502 295 delicta
1530 244 1666 307 poena

272 330 534 383 gravissima
563 333 658 369 erat
693 326 879 368 duarum
911 324 1077 374 ovium,
1107 327 1150 364 et
1180 323 1360 375 triginta
1380 324 1537 363 boum:
1567 333 1665 362 eam

272 398 414 450 legem
431 396 464 422 ¹⁶
495 400 737 438 sanxerunt
768 394 822 434 T.
846 393 1079 433 Menenius
1102 391 1298 433 Lanatus
1328 394 1371 432 et
1392 390 1558 431 Sestius
1580 389 1666 430 Ca-

271 466 484 520 pitolinus
506 465 749 507 Consules:
770 475 871 516 quae
896 460 1107 515 pecudes,
1123 463 1359 514 postquam
1383 471 1469 500 aere
1492 458 1665 511 signato

270 533 337 574 uti
369 534 506 587 coepit
543 532 736 586 populus
758 531 846 571 Ro.
867 529 1056 583 Tarpeia
1084 529 1179 582 lege
1209 531 1387 569 cautum
1417 530 1497 575 est,
1518 530 1566 566 ut
1585 525 1666 566 bos

270 601 566 650 centussibus‚
587 600 685 641 ovis
708 598 973 640 decussibus
994 598 1298 638 aestimaretur.

214 669 447 710 Peculium
461 673 477 689 ¹¹
499 681 726 709 servorum
747 680 774 708 a
795 679 953 720 pecore
975 666 1082 707 item
1103 665 1267 706 dictum
1289 667 1374 711 est,
1401 665 1449 702 ut
1477 659 1667 714 pecunia

270 742 444 789 patrum
464 736 662 778 familiae.

212 804 441 845 Peculium
462 816 682 845 servorum
699 816 725 845 a
742 815 903 857 pecore
921 802 1104 851 dictum,
1129 801 1243 842 sicut
1260 802 1303 841 et
1318 810 1450 853 pecu-
1486 797 1664 851 [PAUL.

269 872 343 912 nia.
362 872 587 913 nobilium.

214 939 411 981 Pecunia
425 945 456 971 ¹7
472 945 487 960 x
518 939 778 982 sacrificium
800 938 896 980 fieri
917 939 1162 986 dicebatur,
1182 949 1280 977 cum
1310 935 1455 988 fruges
1477 934 1666 974 fructus·

269 1021 355 1061 que
378 1007 685 1058 offerebantur,
708 1008 812 1062 quia
838 1021 895 1049 ex
926 1007 993 1048 his
1023 1007 1154 1047 rebus
1185 1008 1375 1053 constat,
1398 1014 1529 1056 quam
1551 1012 1665 1041 nunc

268 1076 502 1128 pecuniam
523 1076 723 1117 dicimus.

818 1195 952 1206 eeeeeee

956 1194 1054 1206 ooooo

255 1276 294 1304 16
318 1273 381 1305 Ed.
397 1274 487 1306 Scal.
512 1284 548 1305 ea
564 1274 726 1313 lega—17
752 1273 830 1303 Vet.
849 1272 910 1303 lib.
928 1271 1087 1302 Pecunioe.

868 1410 897 1441 N
906 1408 1012 1439 OTAE

210 1499 315 1530 latum
333 1508 467 1540 gessere
484 1509 574 1531 anno
597 1502 671 1531 302.
687 1499 737 1530 1115
762 1498 831 1529 lata
856 1499 910 1528 lex

210 1550 376 1581 Menenia
402 1560 468 1591 qua
488 1561 568 1582 oves
595 1551 737 1590 singnlae
765 1549 910 1583 decussi,

210 1601 312 1632 boves
328 1602 479 1632 centussi
504 1601 674 1632 aestimati.
720 1601 851 1632 Tamen
869 1611 909 1631 ex

211 1651 380 1691 Dionysio
409 1656 444 1682 et
479 1652 594 1683 Gellio
627 1651 707 1682 illud
744 1651 846 1681 etiam
877 1651 909 1681 in

209 1701 286 1741 lege
309 1701 455 1741 Tarpeia
473 1701 610 1732 videtur
637 1711 835 1742 expressum
860 1700 910 1732 fu-

209 1752 287 1790 isse,
304 1756 398 1782 utne
415 1753 521 1783 multa
538 1752 621 1783 duas
638 1762 719 1783 oves
736 1756 771 1783 et
788 1752 909 1792 trigin-

209 1808 245 1833 ta
263 1801 365 1833 boves
383 1803 582 1842 excederet,
598 1808 632 1834 et
657 1812 732 1834 cum
750 1812 790 1834 ea
805 1803 911 1833 multa

208 1852 396 1894 diceretur,
423 1854 481 1884 bos
506 1855 668 1893 centussi,
692 1854 764 1885 ovis
789 1854 910 1884 decus—

211 1905 238 1935 si
263 1906 506 1944 aestimaretur,
533 1915 633 1946 quam
659 1905 768 1945 legem
793 1909 914 1945 postea

210 1961 395 1987 sanxerunt
412 1956 544 1986 Sestius
563 1961 598 1986 et
615 1955 808 1987 Menenius.
855 1955 912 1986 Ita

209 2015 284 2036 cum
311 2006 505 2037 Hotomano
530 2007 623 2038 Festi
650 2006 754 2037 verba
783 2006 831 2037 516
861 2007 910 2036 111-

207 2057 393 2089 vertenda:
420 2058 519 2089 Poenu
537 2057 725 2097 grat-issima
746 2061 815 2089 erat
834 2058 910 2088 dua-

206 2117 276 2138 rum
291 2109 404 2146 ovium,
418 2111 449 2139 et
472 2108 609 2148 triginta
625 2108 724 2143 boum,
740 2118 807 2148 quoe
821 2117 911 2148 pecu-

208 2159 273 2198 des,
283 2162 444 2199 postquam
459 2169 521 2190 cere
536 2160 662 2199 signato
683 2159 732 2190 uti
746 2160 837 2199 coepit
859 2169 913 2199 po·

205 2210 299 2249 putus
316 2210 357 2240 R.
373 2211 503 2250 Tarpeia
516 2212 583 2250 lege
596 2215 720 2242 cantum
736 2214 794 2251 est,
810 2215 845 2242 ut
861 2210 914 2241 bos

207 2262 409 2301 centussibus,
424 2263 490 2293 ovis
511 2263 687 2295 dec-assibus
707 2264 913 2294 adimeretur.

210 2313 292 2342 Eam
306 2313 403 2351 legem
423 2317 595 2344 sanxerunt
616 2314 651 2345 T.
669 2314 834 2345 Menenius
851 2315 912 2345 La-

208 2366 301 2394 natus
325 2366 356 2394 et
381 2363 507 2394 Sestius
530 2364 726 2404 Capitolinus
750 2365 911 2396 Consules.

210 2413 319 2444 Idem.

252 2469 265 2484 ¹¹
292 2465 469 2506 Peculium]
492 2466 569 2497 Non
580 2476 756 2498 servorum
769 2471 915 2507 tantum,

209 2515 270 2547 sed
298 2516 400 2547 etiam
429 2515 574 2547 filiorum
602 2517 683 2548 fam.
729 2517 844 2549 Plant.
877 2517 913 2548 in

208 2566 302 2598 Prol.
318 2567 466 2598 Mercat.
491 2567 500 2583 ‘
517 2568 662 2598 Lucrum
677 2568 796 2608 ingens
810 2567 914 2607 facio,

211 2621 442 2658 praeterquam
464 2617 541 2649 mihi
572 2628 666 2650 meus
691 2623 790 2660 pater
809 2620 915 2651 Dedit

211 2668 395 2699 aestimatas
412 2678 556 2705 merces,
572 2668 621 2702 ita
636 2671 806 2711 peculium
825 2670 914 2701 Con-

961 1496 1038 1527 ficio
1055 1494 1208 1536 grande.¹
1254 1493 1340 1524 Inde
1356 1492 1495 1532 optimae
1520 1490 1664 1530 glossae:

961 1552 969 1564 ⁴
990 1547 1181 1586 Peculium,
1219 1545 1328 1581 κτῆσις
1356 1543 1412 1573 τοῦ
1442 1542 1476 1572 ἐν
1512 1539 1666 1580 ἀλλοτρίᾳ

961 1596 1083 1638 ἐξουσίᾳ
1099 1596 1204 1636 ὄντος,
1213 1595 1297 1625 τοῦτ’
1314 1592 1399 1624 ἔστιν
1413 1592 1478 1623 υἱοῦ
1492 1591 1512 1629 ἢ
1529 1589 1667 1621 δούλου.’

962 1651 982 1681 i.
1008 1652 1017 1667 ‘
1038 1649 1235 1681 Peculium:
1263 1646 1430 1688 possessio
1452 1645 1539 1684 ejus,
1555 1643 1612 1684 qui
1632 1643 1666 1673 111

961 1702 1071 1732 aliena
1087 1705 1139 1730 est
1164 1702 1349 1739 potestate,
1371 1696 1431 1727 filii
1456 1695 1594 1726 familiae
1613 1694 1666 1723 vel

962 1751 1075 1783 servi.'
1100 1751 1197 1782 Idem.

1005 1808 1020 1823 ³⁵
1050 1801 1206 1841 Pecunia]
1232 1799 1385 1832 Pecunia
1408 1795 1611 1828 sacrificium
1630 1793 1668 1824 fi-

962 1854 1012 1886 eri
1028 1853 1219 1892 dicebatur,
1232 1862 1307 1883 cum
1322 1849 1469 1890 frugum,
1480 1847 1667 1878 fructuum-

962 1915 1027 1947 que
1055 1914 1158 1936 causa
1180 1903 1269 1934 mola
1293 1911 1378 1943 pura
1402 1898 1613 1932 offerebatur
1632 1898 1666 1926 in

961 1956 1141 1994 sacrificio,
1166 1954 1243 1995 quia
1267 1953 1374 1984 omnis
1400 1961 1454 1982 res
1478 1948 1667 1986 familiaris,

961 2017 1060 2048 quani
1076 2005 1253 2046 pecunIam
1268 2004 1424 2041 dicimus,
1437 2011 1480 2032 ex
1497 2000 1548 2031 his
1565 1999 1666 2030 rebus

962 2062 1149 2088 constaret.
1196 2054 1343 2095 Reliqua.
1367 2053 1430 2083 11116
1463 2060 1529 2081 11011
1562 2049 1667 2090 perti-

963 2113 1058 2143 nent,
1074 2106 1133 2138 sed
1150 2105 1192 2136 de
1209 2105 1275 2136 alia
1295 2114 1331 2135 re
1348 2104 1448 2143 longe
1466 2102 1602 2132 diversa
1617 2099 1667 2130 in-

965 2157 1153 2198 telligenda
1181 2161 1272 2197 sunt,
1299 2164 1422 2194 nempe
1450 2152 1565 2183 nescio
1590 2161 1665 2191 quse

964 2211 1006 2242 ad
1031 2207 1237 2250 depellenda
1253 2207 1342 2238 mala
1357 2204 1553 2245 fulgurante
1569 2202 1669 2240 coelo,

965 2267 1001 2293 et
1033 2261 1198 2292 bonorum
1229 2267 1331 2289 causa
1361 2258 1491 2296 parata.
1534 2252 1564 2283 A
1592 2262 1670 2292 pecu

965 2311 1172 2353 adjectivum
1191 2308 1349 2350 pec-uinus,
1376 2310 1410 2336 et
1434 2304 1592 2345 pecunius.
1639 2301 1666 2333 A

965 2373 1045 2404 quo,
1062 2371 1138 2393 cum
1155 2360 1299 2391 dicimus
1314 2356 1486 2398 pecuniam,
1504 2353 1669 2385 subintel-

964 2413 1138 2456 ligendum
1174 2421 1252 2443 rem.
1306 2407 1459 2440 Pecunia
1495 2416 1548 2437 res
1587 2413 1669 2444 ergo

966 2476 1029 2507 pro
1046 2461 1306 2505 patrisfamilias
1330 2459 1439 2499 bonis,
1453 2457 1533 2499 quia
1549 2455 1673 2497 praeci-

966 2526 1034 2557 pua
1051 2516 1084 2547 in
1102 2514 1185 2545 foetu
1204 2512 1336 2553 pecoris
1357 2509 1597 2542 consisterent,
1614 2515 1670 2536 ac-

966 2570 1070 2607 cepta
1095 2564 1170 2596 fuit.
1208 2561 1444 2595 Glossarium:
1478 2560 1487 2576 ί
1505 2556 1674 2591 Pecunia,

966 2616 1125 2658 χρήματα,
1137 2614 1199 2646 ἀπὸ
1212 2613 1303 2651 τιμῆς
1318 2609 1461 2649 κτηνῶν]
1484 2609 1553 2640 Jos.
1569 2607 1652 2638 Scae.
