1835 2906
364 137 427 167 DE
460 136 731 167 VERBORUM
766 135 1179 166 SIGNIFICA'I'IONE
1219 138 1310 168 [ΑΒ.
1346 140 1395 168 11.

1524 129 1606 169 117

158 234 341 275 Blitumt
360 246 497 288 genus
519 233 650 274 oleris
678 246 704 274 a
736 232 910 286 saporis
932 235 1113 285 stupore
1136 232 1407 286 appellatum
1431 246 1529 273 esse
1549 247 1604 274 ex

213 301 375 343 Graeco
396 307 590 355 putatur,
613 301 730 355 quod
749 302 804 341 ab
826 301 893 341 his
916 301 1021 351 βλὰξ
1043 300 1215 340 dicatur
1237 300 1457 353 stupidus.

156 371 262 411 BOA
281 374 342 399 ¹⁵¹²
364 383 544 423 serpens
561 373 629 411 est
649 368 856 423 aquatilis
874 382 885 420 ;
918 382 1046 423 quem
1069 368 1217 409 Graeci
1239 366 1338 422 ὕδρου
1360 373 1519 409 vocant
1537 381 1546 410 :
1580 381 1606 409 a

212 451 301 492 qua
322 437 400 478 icti
422 439 732 491 obturgescunt
750 450 759 478 :
794 449 967 477 crurum
987 449 1164 491 quoque
1183 439 1327 476 tumor
1347 436 1433 477 viae
1451 436 1605 477 labore

211 505 426 546 collectus
448 507 535 547 boa
557 504 820 559 appellatur.

155 572 334 624 Boare,²'
355 573 400 614 id
422 578 503 625 est,
522 574 722 622 clamare,
741 585 767 613 a
789 571 952 613 Graeco
976 570 1201 612 descendit
1223 570 1341 621 βοάω.

754 692 873 705 ““““

198 751 235 778 15
262 747 330 779 Alii
344 748 424 779 libb.
442 749 541 780 Bova.

877 692 994 703 tttttt

806 824 944 856 NOTAE

151 887 257 919 cimus
272 897 430 920 morveux.
456 889 544 921 Nam
560 888 677 924 βλέννα
696 894 744 920 est
760 888 850 929 μύξα,

151 948 264 969 morte.
309 939 417 970 Locus
432 939 549 971 Plauti
566 946 620 971 est
635 940 668 970 in
686 940 848 971 Bacchid.

151 996 184 1019 ν.
202 990 232 1018 1.
256 988 353 1019 Idem.
385 1008 388 1011 ‹

192 1039 201 1059 ῑ
218 1038 355 1079 Butam]
374 1039 487 1071 Plaut.
504 1039 630 1071 Pseud.
646 1048 702 1070 ιιι.
717 1042 747 1070 2.
765 1039 847 1080 ‘Ap-

151 1093 281 1129 ponunt
298 1090 473 1129 rumicem,
496 1090 692 1130 brassicam,
720 1090 848 1129 betam,

150 1138 292 1170 blitum!
316 1138 400 1170 Inde
413 1139 498 1170 fatui
510 1139 608 1171 blitez'.
633 1140 745 1171 Plaut.
759 1140 844 1171 'rru-

147 1190 215 1221 cul.
233 1199 284 1220 ιν.
299 1192 329 1221 4.
355 1191 364 1207 ‘
378 1190 491 1221 Blitea
507 1196 543 1222 et
559 1191 650 1222 lutea
666 1195 718 1222 est
737 1200 844 1222 mere-

150 1241 230 1279 trix,
253 1241 315 1272 nisi
339 1251 414 1282 quae
438 1242 528 1282 sapit
551 1242 583 1272 in
608 1242 685 1273 vino
715 1242 756 1273 ad
775 1251 844 1273 rem

149 1292 268 1323 suam.’
312 1293 437 1324 Blitum
452 1297 564 1324 autem
582 1303 646 1324 non
660 1303 678 1324 a
689 1292 769 1332 βλὰξ
784 1293 843 1324 sed

150 1352 169 1373 a
196 1343 321 1378 βλίτον.
362 1343 511 1384 Hesych.
545 1342 669 1385 βλίτον,
704 1342 846 1383 λαχάνου

152 1392 240 1426 εἶδος.
255 1395 263 1411 ‘
276 1395 391 1426 Genus
402 1394 525 1426 oleris!
541 1395 652 1426 Scliol.
667 1394 843 1435 Aristoph.

147 1445 258 1480 βλίτου
279 1445 378 1485 μωρὸν
393 1444 467 1477 εἶναι
483 1447 569 1477 δοκεῖ
581 1444 735 1487 λάχανον,
761 1448 769 1464 ‘
783 1447 844 1477 bli-

149 1503 220 1529 tum
236 1497 372 1530 videtur
389 1507 463 1529 esse
477 1498 549 1528 olus
566 1497 775 1538 insipidum!
800 1498 845 1529 Et

147 1547 237 1580 forte
262 1548 375 1585 βλίτου
404 1559 423 1580 a
449 1548 571 1586 βλητὸν
601 1548 843 1590 abjiciendum.

150 1598 247 1631 Idem.

190 1655 204 1670 ¹¹
220 1650 305 1691 Bou]
335 1650 478 1682 Crurum
503 1655 624 1683 tumor.
673 1651 841 1682 Lucilius:

147 1700 302 1742 ‘Inguen
333 1711 376 1733 ne
407 1702 547 1742 existat,
571 1702 719 1742 papulae,
743 1707 844 1737 tama,

147 1760 189 1781 ne
207 1751 271 1782 boa
287 1752 405 1783 noxit.’
442 1751 674 1783 Glossarium:
700 1754 708 1768 ‘
722 1753 802 1788 Bor,
828 1752 844 1782 ὃ

146 1800 219 1832 τοὺς
248 1800 342 1832 πόδας
372 1801 594 1842 φλεγμαίνων.’
646 1803 736 1833 Puto
764 1803 843 1834 Bou.

148 1852 236 1883 Nam
255 1858 290 1884 et
309 1863 327 1883 a
344 1853 461 1883 morbo
484 1858 654 1894 aegrotans
680 1853 752 1893 ipse
776 1853 844 1884 dici

147 1903 272 1943 potuit,
288 1908 326 1934 ut
343 1903 482 1944 Carcer,
499 1903 556 1944 qui
573 1903 606 1934 in
620 1913 761 1934 carcere
779 1909 843 1943 est,

146 1960 182 1985 et
202 1954 416 1995 Ergastulus,
431 1954 537 1996 quiin
554 1954 739 1994 ergastulo.
777 1954 842 1984 Lu-

146 2005 243 2036 cilius
259 2016 267 2036 :
308 2010 317 2023 ‘
336 2006 413 2036 Non
446 2006 635 2046 ergastulus
672 2014 768 2045 unus,
810 2010 844 2036 et

145 2055 392 2096 aliusjudicem
410 2055 608 2096 Opposuit.’
642 2055 757 2086 Idem:
783 2055 792 2072 ‘
808 2061 845 2087 ut

144 2117 243 2138 nemo
258 2107 463 2138 sententiam
482 2106 598 2144 libere,
614 2107 711 2148 quasi
727 2116 842 2146 ergas-

145 2159 248 2193 tulus,
262 2158 370 2198 possit
381 2157 519 2190 dicere?
549 2158 604 2189 Sic
620 2168 737 2189 servus
749 2159 843 2189 Noaea

143 2208 337 2248 dicebatur,
350 2209 406 2250 qui
424 2218 544 2239 noxam
558 2208 698 2240 fecerat.
743 2209 842 2240 Unde

144 2258 291 2289 ‘dedere
323 2257 465 2290 uoxam‘
489 2259 652 2290 dicebant
684 2260 842 2291 Veteres.

144 2309 209 2340 Est
225 2310 326 2341 etiam
343 2310 425 2350 Βοα,
442 2309 579 2341 morbus
596 2310 695 2342 boum
714 2311 840 2342 Aucto-

143 2360 236 2391 ribus
255 2359 303 2390 rei
320 2361 467 2391 rusticae.
513 2361 687 2393 Glossario
705 2371 840 2403 quoque

141 2413 151 2429 ‘
164 2412 271 2446 Bova,
289 2410 378 2441 νόσος
393 2410 498 2446 βοῶν.’
541 2412 619 2442 Sive
637 2412 751 2451 Boam,
768 2413 840 2443 sive

142 2463 263 2494 Bovam
292 2461 433 2503 scribas,
468 2461 548 2492 nihil
578 2462 733 2494 interest.
770 2465 838 2495 Jos.

142 2513 228 2544 Scal.

184 2563 270 2604 Boa]
286 2563 350 2595 Vel
367 2564 467 2602 Bova,
482 2563 563 2594 nihil
577 2562 666 2594 enim
680 2563 838 2605 interest,

142 2613 191 2644 sic
206 2613 298 2645 dicta
309 2614 399 2655 quod
417 2613 543 2644 bubulo
556 2613 646 2644 lacte
659 2613 839 2654 nutriatur,

141 2664 190 2695 ait
203 2664 293 2695 Plin.
309 2664 366 2696 lib.
384 2673 469 2696 vru.
485 2673 560 2704 cap.
578 2666 631 2695 14.
671 2664 681 2681 ‘
693 2665 840 2696 Faciunt

141 2715 191 2745 liis
207 2713 308 2747 fidem
325 2715 358 2747 in
382 2715 485 2751 Italia
500 2715 685 2756 appellatae
711 2715 783 2747 boae
804 2716 838 2747 in

903 892 1032 919 tantam
1050 886 1308 928 amplitudinem
1320 890 1497 923 exeuntes,
1510 891 1548 919 ut
1559 887 1602 918 D.

902 938 1043 972 Claudio
1068 938 1223 980 principe
1247 940 1366 970 occisae
1382 939 1415 969 in
1436 939 1603 970 Vaticano

902 990 1029 1022 solidus
1053 989 1087 1021 in
1111 991 1186 1021 alvo
1209 994 1386 1030 spectatus
1410 989 1454 1021 sit
1478 989 1603 1021 infans.

901 1041 1050 1072 Aluntur
1080 1041 1188 1082 primo
1220 1040 1339 1072 bubuli
1371 1040 1469 1071 lactis
1501 1049 1602 1071 succo

901 1091 990 1123 unde
1021 1101 1143 1123 nomen
1174 1090 1334 1123 traxere.'
1378 1090 1466 1121 Mihi
1495 1090 1603 1130 magis

901 1143 1017 1183 placet
1040 1153 1060 1174 a
1082 1141 1314 1183 magnitudine
1337 1141 1409 1172 boas
1431 1140 1484 1171 vel
1510 1139 1603 1170 bovas

900 1194 1022 1225 dictas.
1054 1193 1140 1224 Inde
1156 1202 1291 1224 crurum
1309 1196 1420 1224 tumor
1436 1191 1502 1222 boa.
1537 1191 1604 1222 Lu-

900 1244 955 1276 cil.
1000 1243 1009 1260 ⁴
1023 1243 1155 1284 Inguen
1170 1252 1213 1274 ne
1229 1243 1366 1283 existat,
1383 1242 1533 1283 papulae,
1552 1246 1601 1272 ta·

899 1303 965 1334 ma,
982 1303 1023 1324 ne
1047 1293 1110 1325 boa
1134 1293 1253 1325 noxit?
1301 1293 1386 1324 Inde
1413 1293 1516 1324 etiam
1545 1292 1601 1323 boa

899 1345 1010 1376 dictus
1034 1344 1092 1386 qui
1118 1344 1182 1375 hoc
1200 1344 1283 1375 vitio
1306 1343 1454 1375 laborat.
1502 1343 1601 1374 Glos-

900 1397 1023 1429 sarium
1035 1408 1042 1429 :
1057 1398 1066 1415 ‘
1077 1398 1158 1436 Bor,
1166 1398 1182 1428 ὁ
1192 1396 1263 1429 τοὺς
1269 1396 1365 1428 πόδας
1377 1396 1606 1438 φλεγμαίνων.’

899 1450 1005 1489 Lege,
1026 1453 1065 1480 ut
1088 1449 1217 1490 optime
1242 1449 1411 1490 Scaliger,
1441 1449 1507 1480 boa.
1555 1449 1601 1481 Et

899 1502 1002 1533 etiam
1027 1500 1092 1536 boa,
1115 1500 1251 1531 morbus
1274 1500 1375 1532 boum
1404 1499 1601 1532 auctoribus

900 1553 947 1582 rei
966 1551 1118 1590 rusticae,
1144 1551 1321 1583 Glossario
1343 1560 1479 1592 quoque
1501 1552 1509 1568 ‘
1524 1550 1599 1590 boa,

899 1601 990 1633 νόσος
1001 1600 1105 1637 βοῶν.’
1129 1600 1310 1632 Salmasius
1324 1610 1401 1631 vero
1418 1601 1516 1631 boam
1530 1609 1600 1631 ser-

900 1657 1036 1693 pentem
1062 1652 1188 1683 dictum
1213 1656 1311 1691 putat
1336 1661 1354 1682 a
1371 1651 1497 1683 Graeco
1514 1650 1598 1691 δύης,

899 1702 990 1744 quod
1008 1702 1097 1734 idem
1115 1707 1167 1733 est
1183 1712 1221 1733 ac
1238 1701 1342 1740 δύτης.
1389 1701 1502 1732 AEoles
1519 1701 1599 1732 13oe-

899 1753 958 1785 otii
973 1753 1133 1785 dicebant
1145 1755 1255 1792 βύτης,
1267 1753 1346 1784 inde
1357 1753 1423 1793 boa,
1435 1756 1474 1783 ut
1485 1751 1600 1792 φύπης,

895 1815 994 1845 popa:
1019 1804 1091 1841 δύης
1105 1809 1140 1835 et
1155 1804 1247 1841 δύτης
1262 1804 1351 1835 idem
1366 1809 1419 1835 est
1440 1804 1529 1846 quod
1547 1816 1598 1834 κο-

897 1855 1072 1894 λυμβητής.
1118 1855 1321 1895 Hesychius,
1337 1853 1468 1893 δύππης,
1483 1860 1598 1893 κολυμ-

897 1906 1009 1944 βητὴς,
1031 1904 1133 1943 δύτης.
1179 1905 1373 1937 Dicebatur
1391 1910 1426 1936 et
1442 1904 1513 1942 δύης
1536 1914 1599 1946 pro

899 1957 1030 1992 eodem,
1072 1957 1120 1988 sic
1156 1954 1312 1995 ἂμμοδύης
1342 1961 1377 1987 et
1406 1954 1597 1994 ἆμμοδύτης,

898 2007 1000 2046 idem,
1027 2007 1170 2038 alterum
1199 2016 1305 2047 genus
1329 2006 1515 2048 serpentis:
1541 2006 1598 2047 qui

900 2058 1024 2090 Graece
1038 2059 1148 2089 sciunt
1160 2062 1284 2089 norunt
1299 2066 1351 2088 me
1364 2067 1480 2088 verum
1495 2056 1598 2098 loqui.

900 2109 1078 2141 Natricem
1109 2109 1250 2140 eandem
1278 2118 1352 2140 cum
1381 2107 1436 2138 boa
1464 2107 1598 2139 faciunt

899 2161 1052 2192 Glossae:
1089 2161 1248 2197 ‘Natrix,
1279 2160 1353 2196 boa,
1384 2158 1469 2198 ἔχιος
1498 2157 1597 2190 ε’ῖδος.’

898 2212 953 2243 Ita
981 2211 1209 2243 scribendum.
1254 2212 1326 2241 Boa
1353 2220 1431 2240 vero
1457 2219 1518 2251 pro
1545 2215 1596 2241 tu-

897 2271 1003 2300 more,
1022 2262 1079 2302 qui
1103 2271 1144 2291 ex
1170 2261 1285 2291 labore
1303 2259 1365 2290 viae
1383 2259 1416 2289 in
1440 2260 1596 2290 cruribus

898 2312 1080 2352 colligitur,
1096 2311 1195 2341 aliam
1220 2310 1325 2340 habet
1341 2309 1520 2349 originem,
1536 2310 1595 2340 sed

897 2373 992 2404 aeque
1007 2363 1177 2399 Graecam,
1192 2360 1248 2397 δύη
1265 2365 1315 2391 est
1329 2359 1527 2400 κακοπάθεια,
1540 2358 1596 2390 πό-

895 2424 957 2451 νος,
981 2410 1187 2451 ταλαιπωρία,
1218 2410 1347 2441 AEolice
1370 2411 1444 2449 βύη,
1474 2411 1596 2442 Latine

895 2463 960 2494 boa.
984 2462 1039 2493 Sic
1051 2461 1170 2502 δερτὺρ,
1179 2459 1305 2501 βερπύρ,
1317 2461 1457 2492 verber:
1470 2462 1596 2501 δελφὺς,

894 2513 1028 2552 βέλφυς,
1058 2513 1167 2542 vulva.
1202 2510 1313 2550 κλάδοι,
1339 2509 1456 2551 κλάβα,
1486 2512 1596 2543 clava.

899 2564 995 2595 Idem
1023 2568 1058 2594 et
1084 2561 1207 2600 βύπτην
1239 2562 1402 2594 dicebant
1437 2563 1493 2604 qui
1521 2563 1594 2593 aliis

894 2613 1021 2652 δύπτης.
1046 2614 1130 2645 Dae.

935 2669 951 2685 x
965 2663 1085 2705 Boure]
1099 2664 1285 2704 Resonare,
1295 2664 1452 2696 clamare.
1477 2664 1593 2695 Plaut„

893 2718 902 2735 ‘
920 2717 1009 2749 Boat
1026 2716 1146 2748 coelum
1162 2715 1298 2748 fremitu
1317 2715 1423 2747 virum
1435 2714 1458 2746 :'
1475 2720 1508 2746 et
1527 2715 1591 2745 ΕΠι
