1835 2906
237 88 321 129 416

665 97 815 128 SEXTI
850 97 1053 128 POMPElI
1071 105 1074 108 ’
1090 97 1226 128 FESTI

292 193 446 246 templi
480 193 624 246 posita
660 192 957 246 inauspicatum
989 189 1101 245 apud
1137 191 1323 246 antiquos
1358 190 1545 243 habetur,
1581 206 1679 234 cum

292 262 491 314 sequitur
522 273 604 301 sua
636 261 876 316 migrantem
891 274 1028 314 paena.

1090 258 1256 299 ,Μειιδαε
1278 258 1394 300 aiunt
1415 260 1592 314 quidam
1611 261 1679 301 su—

290 327 379 368 isse
396 329 439 368 in
461 329 591 369 triviis
606 330 705 382 poni
724 328 877 377 solitas,
900 341 986 382 quae
1006 326 1085 367 sint
1107 327 1295 368 triviales
1316 327 1567 381 appellatae.

234 394 456 449 Mihipte,¹²
506 409 587 450 pro
638 397 742 436 mihi
792 395 882 449 ipsi,
936 394 1038 435 Cato
1085 394 1219 449 posuit
1268 408 1355 434 cum
1395 393 1499 435 discit
1530 395 1679 436 decuit

289 463 448 504 talenta
456 494 465 502 .

794 598 953 647 versia,
977 603 1108 651 atque

288 699 298 708 .
417 696 426 706 .
547 697 555 705 .
676 696 684 703 .
803 666 924 705 entia
944 667 1046 706 item
1068 679 1107 707 a.

231 733 421 788 Mihipte
440 732 550 773 Cato
573 745 653 786 pro
676 732 779 773 mihi
795 732 884 785 ipsi
906 733 1072 785 posuit.

230 801 278 841 M
285 802 453 843 ilitem⁰
475 800 624 841 AElius
646 813 673 840 a
693 799 878 840 mollitia
899 800 985 839 uxr'
1005 799 1221 854 ἀντίφραο-ιν
1239 803 1271 832 ¹9
1301 799 1467 841 dictum
1495 800 1673 853 [PAUtn

282 872 439 921 putat:
483 881 537 909 eo
573 869 696 922 quod
727 868 835 908 nihil
866 867 1015 917 molle,
1048 868 1126 908 sed
1156 868 1303 922 potius
1334 880 1535 920 asperum
1567 866 1673 921 quid

281 944 426 989 gerat:
459 938 522 978 sic
544 936 694 977 ludum
718 936 920 984 dicimus,
941 936 985 975 in
1006 948 1093 988 quo
1115 936 1290 976 minime
1306 935 1485 976 luditur.

830 1069 947 1080 oooooo

268 1144 307 1171 19
331 1140 385 1171 Al.
399 1150 454 1181 per
470 1141 688 1181 antiphrasim.

950 1068 1069 1079 eeeeee

877 1237 1016 1270 NOTAE

221 1311 279 1333 cra
296 1302 351 1341 sit,
365 1302 510 1343 Diisque
535 1303 651 1344 templi
670 1303 789 1344 posita,
808 1299 917 1333 inaus'-

220 1354 371 1393 picatum
388 1354 591 1394 habebatur,
607 1365 682 1386 cum
697 1356 830 1397 sequior
844 1365 918 1386 sua-

220 1404 318 1435 deret
334 1414 454 1436 causa:
481 1406 568 1436 unde
586 1406 721 1446 quidam
739 1406 853 1437 fuisse.
868 1429 875 1437 .
888 1429 894 1437 .
909 1429 916 1437 .

220 1455 364 1495 Reliqua
380 1456 512 1496 assequi
530 1465 596 1486 non
616 1466 760 1496 possum.
808 1456 917 1487 Recte

217 1504 266 1535 ait
292 1505 541 1546 inauspicatum
573 1505 686 1547 fuisse,
714 1516 827 1537 mensa
858 1507 916 1537 mi-

218 1565 328 1595 grare,
346 1557 423 1597 quia
449 1566 545 1587 sacra
562 1563 664 1596 essct,
681 1563 717 1588 ut
729 1557 799 1597 jam
818 1566 917 1597 supra

217 1605 376 1642 diximus
392 1611 425 1637 et
442 1607 521 1647 quia
539 1607 592 1637 vel
616 1617 655 1637 eo
673 1608 806 1637 nomine
827 1617 916 1637 men-

217 1666 263 1688 sae
281 1666 396 1687 omnes
414 1667 520 1687 sacrae
539 1666 610 1687 esse
626 1657 765 1696 debent,
778 1657 866 1698 quod
885 1658 916 1688 in

217 1715 282 1746 quo
300 1708 426 1746 templo
443 1717 556 1737 mensa
574 1714 638 1746 est,
665 1708 737 1748 ejus
763 1708 842 1743 Dei,
858 1718 914 1739 cu-

210 1755 268 1793 jus
291 1757 453 1797 templum
475 1761 538 1796 est,
565 1767 603 1788 ea
626 1768 722 1789 sacra
745 1759 798 1789 sit.
844 1759 915 1789 Hu-

209 1807 266 1844 jus
301 1807 552 1847 superstitionis
591 1808 720 1838 Plinius
766 1809 917 1839 meminit

214 1855 302 1887 libro
319 1865 460 1887 xxviii.
477 1866 552 1897 cap.
570 1860 602 1887 2.
618 1858 627 1874 ⁴
642 1858 775 1896 Servii‚‘
792 1859 916 1898 inquit,

213 1905 223 1922 ⁴
234 1906 396 1946 principis
409 1907 469 1937 viri
483 1908 722 1938 commentatio
731 1913 793 1946 est,
803 1918 915 1949 quam-

214 1956 330 1987 obrem
345 1966 458 1987 mensa
471 1957 653 1998 linquenda
665 1967 729 1987 non
747 1958 790 1988 sit
806 1957 824 1986 :'
839 1958 914 1988 vide

214 2006 347 2037 locum:
373 2017 435 2047 ego
452 2017 544 2047 sane,
562 2018 636 2048 qum
655 2008 708 2039 liic
724 2009 844 2040 Festus
863 2019 913 2039 re-

213 2056 292 2092 fert,
314 2067 355 2088 ex
382 2067 421 2088 ea
438 2058 733 2088 Commentatione
751 2058 915 2089 Serviana

213 2106 393 2147 desumpta
423 2113 515 2148 puto.
570 2109 727 2139 Fortasse
759 2118 834 2149 quae
862 2119 912 2139 se-

214 2163 375 2197 quuntur,
404 2158 452 2188 ita
485 2157 661 2188 sarcienda
692 2163 794 2189 sunt:
833 2159 912 2188 unde

213 2208 337 2246 quidam
354 2208 457 2245 fnisse
481 2208 514 2237 in
538 2207 682 2238 tristibus
696 2209 801 2238 dicunt
820 2218 858 2238 ecc
873 2209 908 2238 li-

213 2257 289 2298 bris,
306 2259 357 2298 qui
372 2262 442 2289 sunt
458 2259 603 2289 Rituales
617 2259 774 2298 appellati.
822 2259 909 2289 Nam

214 2307 246 2337 in
264 2317 303 2338 eo
321 2308 407 2348 loco,
423 2309 456 2338 in
475 2318 539 2349 quo
558 2309 710 2339 Ritnales
727 2309 803 2339 libri
819 2318 909 2339 men-

214 2366 322 2388 sarum
339 2358 645 2389 consecrandarum
662 2359 694 2388 in
716 2359 850 2397 templis·
868 2359 909 2388 ri-

214 2411 283 2437 tum
309 2409 510 2444 edocebant,
537 2408 719 2439 verisimile
739 2414 793 2439 est
809 2412 843 2438 et
867 2408 908 2439 de

213 2456 278 2485 illis
295 2459 438 2497 auguriis
463 2459 681 2499 mensalibus,
697 2468 770 2499 quae
788 2458 908 2488 Verni-

214 2515 288 2535 sera
305 2508 537 2548 appellabant,
554 2513 588 2539 et
607 2508 646 2538 de
663 2508 758 2547 diris,
775 2518 814 2539 ac
833 2509 907 2538 tris-

215 2554 317 2593 tibus,
341 2566 416 2596 quae
441 2563 558 2588 contra
580 2558 793 2597 accidebant,
821 2563 907 2588 trac-

215 2608 314 2634 tasse.
359 2606 424 2635 Sed
439 2606 512 2636 liaec
535 2608 664 2638 incerta
681 2612 770 2646 sunt,
787 2617 824 2638 ae
841 2606 907 2638 for-

215 2659 304 2685 tasse
320 2655 436 2686 melius
453 2662 524 2686 erat
543 2660 667 2687 tacere.
690 2658 757 2687 Jos.
776 2656 856 2688 Scal.

1016 1302 1161 1339 Migrare
1190 1299 1308 1340 mensa]
1332 1299 1441 1330 Recte
1466 1297 1601 1339 quidem
1622 1298 1669 1329 ait

973 1351 1219 1392 inauspicatum
1248 1349 1350 1380 fuisse
1374 1358 1489 1380 mensa
1513 1349 1670 1389 migrare,

973 1403 1051 1443 quia
1068 1412 1165 1433 sacra
1180 1405 1282 1440 esset,
1296 1406 1331 1431 ut
1341 1401 1412 1440 jam
1429 1399 1668 1441 supradictum

974 1457 1038 1490 est,
1053 1457 1087 1483 et
1104 1453 1182 1493 quia
1195 1453 1247 1483 vel
1264 1461 1303 1482 eo
1316 1451 1450 1482 nomine
1464 1460 1587 1482 mensae
1600 1461 1669 1482 om-

974 1512 1032 1533 nes
1049 1511 1153 1533 sacrae
1177 1512 1251 1533 esse
1274 1501 1411 1541 debent,
1433 1501 1521 1543 quod
1549 1501 1581 1532 in
1603 1511 1668 1542 quo

974 1553 1100 1593 templo
1129 1561 1245 1583 mensa
1275 1557 1341 1592 est,
1369 1553 1439 1593 ejus
1468 1552 1544 1591 Dei,
1573 1552 1667 1592 cnjus

973 1606 1135 1644 templum
1160 1609 1223 1642 est,
1253 1614 1292 1635 ea
1329 1613 1423 1635 sacra
1453 1603 1508 1634 sit.
1554 1603 1667 1643 Hujus

973 1656 1222 1695 superstitionis
1259 1655 1388 1686 Plinius
1425 1653 1579 1685 meminit
1612 1654 1671 1685 lib.

972 1715 1075 1738 xxvi.
1092 1716 1168 1746 cap.
1188 1709 1220 1737 2.
1243 1708 1252 1723 ‘
1267 1705 1400 1744 Servii‚'
1417 1705 1539 1746 inquit,
1556 1705 1565 1721 ‘
1578 1705 1667 1745 prin-

970 1757 1054 1796 cipis
1093 1757 1155 1787 viri
1188 1756 1428 1787 commentatio
1465 1759 1518 1786 est
1554 1765 1668 1795 quam-

970 1807 1085 1837 obrem
1102 1816 1220 1837 mensa
1234 1805 1418 1847 linquenda
1434 1814 1499 1835 non
1512 1803 1577 1836 sit.’
1623 1805 1667 1836 Et

970 1866 1012 1887 ex
1026 1857 1088 1887 liae
1104 1855 1388 1887 commentatione
1403 1855 1579 1894 Serviana,
1595 1864 1667 1895 quae

970 1907 1024 1938 hic
1043 1908 1213 1947 leguntur,
1234 1905 1413 1945 desumpta
1437 1909 1536 1946 putat
1559 1905 1666 1935 Scali-

971 1967 1050 1997 ger:
1079 1957 1168 1998 qnod
1193 1955 1290 1987 addit
1321 1955 1442 1986 Festus
1471 1963 1602 1985 mensas
1633 1954 1666 1984 in

970 2008 1076 2038 triviis
1093 2007 1173 2047 poni
1199 2007 1328 2045 solitas,
1344 2005 1386 2036 de
1403 2005 1526 2036 mensis
1545 2003 1664 2035 Dianae

968 2058 1038 2088 sive
1054 2058 1186 2088 Hecate
1202 2055 1459 2096 intelligendum
1475 2058 1537 2085 est.
1560 2054 1643 2085 Dac.

1011 2112 1025 2127 ¹¹
1049 2106 1202 2146 Mihipte]
1228 2104 1345 2136 Verba
1376 2103 1481 2143 Festi,
1506 2103 1664 2143 exceptis

966 2159 1029 2194 liis,
1046 2168 1119 2198 quae
1147 2158 1273 2188 Paulus
1298 2160 1409 2195 notat,
1425 2165 1490 2187 non
1507 2155 1663 2194 intelligi—

966 2219 1050 2240 mus.
1096 2208 1163 2239 Sed
1188 2207 1334 2247 exempli
1361 2206 1487 2247 sumpti
1511 2214 1553 2236 ex
1571 2205 1663 2236 libris

966 2258 1102 2289 Catonis
1141 2267 1180 2288 ea
1218 2266 1292 2288 esse
1330 2256 1543 2287 arbitramur.
1582 2255 1661 2287 Ant.

964 2308 1049 2346 Aug.

1008 2358 1158 2398 Mihipte]
1191 2358 1276 2390 Quae
1307 2360 1494 2398 sequnntur
1525 2355 1662 2387 Catonis

964 2408 1070 2438 verba
1085 2412 1175 2445 sunt,
1197 2407 1255 2438 sed
1280 2417 1354 2447 quae
1376 2405 1502 2437 frustra
1518 2414 1659 2446 quaeras.

966 2458 1011 2488 Et
1036 2457 1088 2488 liic
1119 2457 1221 2488 etiam
1247 2456 1373 2487 mutilae
1405 2461 1484 2487 sunt
1512 2454 1659 2486 schedae.

964 2507 1046 2538 Dac.

1006 2562 1020 2577 0
1044 2557 1197 2597 Militem]
1224 2556 1254 2587 A
1276 2555 1418 2587 mollitie
1441 2554 1568 2585 dictum
1586 2555 1659 2586 vult

964 2606 1068 2636 AElius
1083 2607 1179 2645 Stilo,
1195 2606 1253 2636 sed
1275 2614 1475 2646 perperam:
1501 2605 1557 2635 alii
1572 2606 1658 2635 miles

963 2667 981 2686 a
998 2657 1088 2691 mille,
1106 2657 1199 2697 quasi
1216 2656 1404 2687 millesimus.
1440 2655 1582 2694 Eutrop.
1601 2655 1656 2685 lib.
