1835 2906
366 132 428 161 DE
462 127 730 160 VERBORUM
764 124 1172 156 SlGNlFICATlONE
1208 123 1298 153 [AB.
1336 123 1441 152 xlv.
1555 111 1639 154 589

250 225 432 267 coloniis
464 229 539 265 aut
560 221 814 275 municipiis
834 220 1088 261 imitabatur
1109 231 1238 260 anum
1267 219 1445 267 ebriam,
1470 218 1524 258 ab
1543 219 1637 271 agri

250 294 372 343 vitio,
395 292 568 334 scilicet
585 290 731 345 petris,
755 288 995 343 appellata.

194 360 369 403 Petreia
390 359 627 408 vocabatur,
647 371 734 413 quce
749 369 938 410 pompam
962 353 1201 409 praecedens,
1224 358 1298 394 aut
1318 354 1361 393 in
1379 367 1440 393 co·
1476 352 1641 404 [FEST.

250 427 384 479 Ioniis,
418 434 491 468 aut
530 424 770 479 municipiis,
810 422 1051 464 imitabatur
1092 435 1214 462 ammz
1251 420 1416 471 ebriam,
1458 419 1509 460 ab
1550 420 1640 473 agri

248 495 375 545 vitio,
397 493 546 535 scilicet
559 492 704 547 petris,
726 490 946 545 appellata.
1237 495 1242 501 ⁴

195 554 372 603 Procilla·
390 561 479 604 sive
501 560 723 615 praeeillim
754 557 861 599 Cato
890 557 996 598 dixit
1026 557 1083 599 in.
1167 590 1176 598 .
1295 587 1304 595 .
1423 587 1431 594 .
1548 567 1638 594 con-

248 632 390 671 vertar
412 630 467 670 ad
485 629 620 670 illam.

744 692 1049 747 impudentior.

743 767 842 801 ntur
862 760 1118 813 legationes.

617 835 719 871 test.

194 901 399 942 Petronia
419 899 558 940 amnis
571 904 587 919 ¹¹
606 902 675 939 est
694 899 738 938 in
758 895 951 937 Tiberim
970 893 1198 948 profluens
1214 896 1245 924 ¹7
1264 905 1396 947 quam
1417 891 1644 944 magistra-

249 976 323 1010 tus
354 968 586 1021 auspicato
621 967 853 1012 transeunt,
875 975 976 1003 cum
1007 962 1053 1002 in
1086 973 1244 1014 campo
1275 959 1381 1014 quid
1411 971 1537 1012 agere
1568 970 1643 999 vo-

248 1037 357 1085 lunt,
379 1034 497 1089 quod
516 1046 651 1087 genus
674 1030 864 1085 auspicii
891 1041 1092 1083 peremne
1128 1031 1338 1070 vocatur:
1368 1039 1536 1068 amnem
1568 1038 1644 1066 au-

249 1107 335 1145 tem
351 1101 572 1145 foeminine
597 1098 765 1152 antiqui
785 1096 1084 1138 enuntiabant.

194 1171 419 1219 Petronia,
439 1181 595 1210 nomen
612 1166 754 1208 amnis
776 1166 818 1205 in
837 1163 1032 1204 Tiberim
1051 1160 1295 1202 defluentis.
1461 1161 1643 1214 [PAUL.

193 1236 459 1286 PetroneS,¹8
480 1249 507 1277 a
521 1239 738 1289 petrarum
759 1231 996 1284 asperitate
1017 1233 1059 1269 et
1076 1228 1231 1269 duritia
1253 1227 1373 1269 dicti.

193 1305 474 1345 Petrones¹9⁰
504 1302 658 1344 rustici
688 1301 776 1341 fere
806 1299 1007 1340 dicuntur
1039 1300 1219 1350 propter
1249 1299 1445 1337 vetusta·
1476 1295 1640 1349 [ΡΕΞΤο

249 1376 349 1421 tem,
368 1375 412 1412 et
431 1370 548 1424 quod
570 1368 801 1410 deterrima
823 1377 1012 1419 quaeque
1043 1377 1096 1404 ac
1128 1366 1381 1417 praeruptus.

243 1439 334 1492 jam
355 1439 445 1491 agri
461 1442 598 1492 petrae
620 1439 848 1482 vocantur,
870 1437 917 1473 ut
938 1431 1112 1485 rupices
1135 1431 1268 1471 iidem
1287 1444 1312 1469 a
1330 1429 1490 1483 rupicis,

194 1506 484 1555 Petulantes,p
515 1509 558 1546 et
593 1503 757 1558 petulci
794 1501 925 1541 etiam
967 1498 1263 1552 appellantur,
1311 1498 1386 1552 qui
1437 1501 1643 1550 protervo

815 1629 1033 1645 eeeeeeeeeee

240 1709 279 1737 17
306 1707 386 1737 Vet.
405 1705 481 1736 cod.
496 1705 753 1747 perfluens—18
777 1703 857 1734 Yet.
875 1702 932 1733 lib.
952 1701 1125 1732 Petronesi.
1169 1699 1233 1730 Ed.
1252 1699 1339 1730 scal.
1360 1699 1508 1729 Petrones
1523 1696 1646 1726 rustici.

196 1752 284 1779 —19
311 1750 477 1789 Petrones,
493 1750 548 1788 δῖε.
572 1748 658 1780 Haec
677 1746 813 1789 quidem
836 1755 911 1777 esse
939 1745 1034 1776 Festi
1061 1743 1169 1784 inquit
1183 1743 1271 1774 Scal.
1287 1742 1347 1773 sed
1363 1751 1428 1772 non
1446 1750 1487 1772 ex
1504 1745 1571 1772 vet.
1589 1739 1645 1769 lib,

195 1797 316 1823 sumta.
361 1791 449 1823 Vide
467 1792 590 1822 Notas.

853 1893 993 1927 NOTAE

237 1990 259 2004 ¹¹¹
283 1984 413 2015 Procilla·
430 1985 493 2015 sive
515 1983 662 2024 praecilli]
685 1983 772 2015 Haec
797 1993 891 2023 saga·
946 1986 982 2013 et
996 1989 1142 2012 varrones
1159 1989 1177 2010 a
1195 1979 1313 2016 vatris,
1329 1977 1385 2018 qui
1404 1976 1539 2015 stipites
1555 1979 1644 2010 sunt,

194 2034 301 2065 viores
326 2035 547 2065 excitabunt:
571 2035 694 2075 procilli
717 2035 787 2065 sive
812 2043 893 2073 proe-
946 2041 1011 2062 non
1029 2031 1147 2068 dolati,
1163 2029 1311 2070 praeduri
1333 2037 1371 2058 ac
1389 2027 1525 2057 enodes.
1548 2026 1644 2056 Idem.

193 2085 257 2115 cillz'
283 2083 397 2115 forsan
427 2084 588 2115 utebatur
613 2085 698 2115 Cato
723 2093 783 2124 pro
805 2093 893 2124 prae-
990 2086 1005 2106 Ι)
1030 2079 1226 2119 Petulantes]
1251 2079 1314 2109 Illa
1338 2076 1455 2115 verba,
1477 2079 1508 2106 et
1533 2075 1645 2105 Corni-

194 2134 332 2172 moveri‚
353 2134 424 2164 sive
442 2134 645 2173 promoven-i.
669 2133 765 2164 Idem.
944 2142 1039 2173 geras
1053 2135 1165 2163 norunt
1179 2134 1295 2161 matres
1309 2129 1443 2168 agnique
1456 2125 1581 2167 petulci,
1597 2126 1646 2155 ita

237 2189 251 2204 ¹²
275 2184 425 2215 Petronia
448 2183 562 2223 amnis]
583 2183 670 2214 Vide
687 2185 695 2199 ‘
713 2182 893 2219 Catifons,'
947 2183 1126 2214 scribenda
1142 2187 1232 2222 sunt,
1250 2186 1287 2211 ut
1305 2184 1382 2220 post
1406 2179 1459 2216 Et,
1478 2177 1646 2217 relinqua-

196 2236 204 2251 ‘
219 2234 363 2265 Manalis
381 2234 477 2269 fons,'
493 2239 529 2265 et
545 2236 553 2250 ‘
570 2233 754 2274 peremne!
772 2234 870 2264 Idem.
947 2240 1002 2266 tur
1018 2233 1164 2273 spatium
1190 2237 1305 2272 aptum
1330 2229 1407 2260 huic
1432 2227 1557 2258 nomini
1581 2226 1645 2256 Lu-

238 2288 252 2303 ⁰
274 2283 438 2323 Petrones]
462 2284 592 2324 Supple
609 2282 719 2314 infra:
745 2284 893 2314 Deterri-
946 2284 1081 2315 cretius.-
1127 2282 1248 2313 deinde
1287 2288 1422 2311 carmen
1462 2276 1646 2315 scribatur,

196 2344 244 2364 mu
260 2343 383 2373 quotque
397 2344 432 2363 ac
451 2337 611 2373 prcz’rupta
635 2334 728 2364 etiam
753 2333 826 2372 agri
842 2343 892 2373 pe·
948 2334 1036 2375 quod
1060 2333 1163 2364 etiam
1190 2329 1336 2362 refertur
1363 2339 1381 2360 a
1408 2327 1565 2358 Macrob.
1585 2326 1646 2357 lib.

197 2388 254 2413 ενα)
281 2387 440 2418 vocantur,
463 2387 498 2414 ut
522 2384 644 2424 rupices
665 2383 760 2414 iidem
774 2394 792 2413 α
808 2384 894 2423 rupis
948 2393 998 2415 v1.
1030 2384 1166 2414 Satin-n.
1183 2391 1224 2412 ex
1243 2382 1379 2412 Lucret.
1396 2379 1454 2410 lib.
1470 2387 1511 2410 11.
1544 2376 1644 2408 Afra-

196 2434 311 2464 dw·itie
326 2433 403 2464 dicti
426 2437 507 2464 sunt.
556 2434 694 2471 Rustici,
710 2433 833 2474 inquit,
858 2438 893 2464 et
947 2436 993 2465 nii
1017 2443 1150 2475 quoque
1176 2433 1309 2463 videtur
1327 2440 1401 2462 esse
1418 2431 1451 2461 in
1468 2429 1535 2460 fine
1551 2437 1644 2459 men-

196 2488 337 2524 petrones
365 2484 406 2514 ab
435 2484 620 2524 asperitate
648 2489 833 2525 petrarum,
859 2489 894 2515 et
948 2485 1076 2516 desum.
1101 2485 1179 2515 Ant.
1195 2483 1281 2521 Aug.

198 2535 316 2574 rupices
342 2544 360 2564 a
385 2544 478 2574 rupe.
523 2535 664 2565 Tertull.
688 2535 698 2551 ‘
715 2533 815 2574 Apud
842 2544 895 2564 rn-
992 2532 1188 2573 Petulantes]
1220 2533 1312 2572 Lego
1343 2531 1376 2561 in
1408 2529 1488 2570 fine,
1516 2528 1647 2570 pedibus

200 2586 323 2625 picem·
342 2590 376 2616 et
405 2585 601 2621 silvicolam,
618 2590 653 2616 et
671 2589 895 2616 monstrorum
948 2584 1150 2615 convibrat-it.
1198 2583 1284 2614 Nam
1306 2581 1426 2612 vibrare
1442 2585 1563 2611 neutra
1580 2580 1645 2619 sig-

198 2636 405 2667 eruditorem
423 2645 566 2676 scrupea
585 2636 698 2667 schola
720 2635 896 2666 eruditus)
949 2633 1155 2671 nificatione‚
1169 2642 1291 2663 novum
1307 2641 1372 2662 non
1389 2636 1452 2667 est,
1469 2630 1528 2661 sed
1542 2630 1646 2661 Vete-

204 2688 248 2719 Et
266 2697 329 2719 non
346 2688 450 2718 solum
470 2691 613 2727 petrones
634 2690 670 2718 et
688 2686 820 2725 rupices,
837 2685 898 2716 sed
953 2684 1044 2715 ribus
1061 2681 1324 2714 usitatissimum.
1348 2682 1416 2713 Jos.
1435 2680 1516 2712 Scal.
