1835 2906
188 125 273 167 354

634 135 782 167 SEXTI
818 136 1019 166 POMPEII
1056 135 1192 165 FESTI

190 236 438 286 Lemnisci‚2
459 235 503 277 id
527 239 610 287 est,
632 237 846 288 fasciolae,
869 237 1074 279 colorisae
1089 242 1103 266 ⁵
1125 237 1415 291 dependentes
1435 250 1492 278 ex
1513 250 1640 280 coro-

244 304 329 354 nis,
352 308 589 358 propterea
610 306 828 356 dicuntur,
850 307 969 360 quod
1001 305 1352 359 antiquissimum
1383 304 1640 359 fuit‘genus

247 384 509 413 coronarum
532 373 772 415 lanearum.

190 438 403 480 Lemonia
423 439 561 481 tribus
577 446 594 462 ¹¹
629 454 656 482 a
689 453 807 493 pago
830 440 1043 482 Lemonio
1075 440 1302 494 appellata
1328 444 1409 492 est,
1429 441 1502 496 qui
1523 445 1592 482 est
1614 454 1642 482 a

246 511 376 559 porta
397 506 577 561 Capena
597 508 671 550 via
693 507 869 549 Latina.

190 572 393 615 Lenones
409 581 425 597 Χ
447 576 504 616 ab
527 575 764 617 alliciendo
787 576 1144 618 adolescentulos
1158 576 1391 630 appellati.

191 640 465 695 Leparenses
479 657 490 694 ;
504 649 520 672 y
541 643 786 697 Liparitani
805 643 943 694 cives,
963 645 1009 685 id
1031 651 1115 696 est,
1139 645 1413 699 Liparenses.

797 763 1034 777 “m'OOOOOO

236 865 253 891 5
278 861 365 893 Scal.
380 862 463 901 legit
475 862 583 899 tirscioe
600 863 732 894 colorioe.
776 863 864 895 Vide
881 864 943 895 inf.

849 981 987 1015 NOTAE

193 1067 376 1098 circumdati
389 1077 399 1103 ;
414 1076 524 1108 neque
542 1068 631 1099 enim
647 1069 711 1109 ipsi
729 1069 896 1101 Samnites

194 1119 308 1150 linteis
333 1118 427 1157 tecti,
455 1118 515 1150 sed
540 1126 738 1160 conseptum
767 1122 824 1153 ubi
841 1132 896 1153 ara

194 1168 272 1208 fuit,
289 1169 329 1199 ad
344 1178 441 1210 quam
459 1175 593 1201 sacrata
608 1171 778 1203 nobilitas.
801 1172 883 1203 Dae.

239 1222 248 1240 ²
279 1220 450 1260 Lemnisci]
492 1221 594 1261 Lege,
623 1222 739 1259 fascia:
765 1223 896 1255 coloriae.

196 1271 284 1303 Scal.
302 1270 333 1301 A
351 1271 474 1302 Gracco
487 1272 581 1307 λῆνος
593 1272 658 1303 (1ἰεί
674 1278 807 1313 putant.
829 1274 897 1304 Sed

197 1321 356 1353 Lemnisci
383 1322 594 1362 Syracusana
625 1332 687 1353 vox
718 1329 782 1354 est.
828 1324 898 1355 He-

197 1373 290 1413 sycli.
314 1371 514 1410 Λεμνίσκους,
536 1371 591 1403 τὰς
615 1374 726 1405 στενὰς
749 1373 900 1415 Συρακού-

198 1434 259 1453 σιοι
281 1423 411 1455 ταινίας.
458 1423 499 1453 Id
525 1428 588 1461 est,
611 1426 619 1440 ‘
637 1425 829 1456 Lemniscos
847 1435 902 1456 vo-

200 1480 280 1505 cant
317 1474 520 1514 Syracusani
558 1480 718 1513 angustas
759 1476 903 1507 taenias!

198 1525 294 1557 Male
323 1526 458 1567 quidam
481 1526 569 1557 hunc
587 1526 681 1557 Festi
698 1527 807 1558 locum
826 1527 902 1558 soli-

199 1576 298 1615 citat,
321 1576 376 1617 qui
402 1585 467 1606 non
485 1576 638 1615 lemnisci,
653 1576 712 1608 sed
730 1577 840 1608 lanisci
856 1578 902 1608 le-

201 1628 351 1668 gendum
370 1636 446 1659 esse
461 1628 651 1660 contendit.
675 1628 773 1660 Idem.

245 1684 257 1698 ²¹
284 1678 431 1709 Lemonia
453 1678 568 1718 tribus]
596 1680 756 1710 Meminit
781 1680 901 1712 Cicero

203 1729 357 1770 Philipp.
375 1738 427 1761 rx.
454 1734 489 1761 et
506 1729 650 1761 inrat.
676 1739 735 1771 pro
763 1731 903 1762 Planco.

204 1780 303 1810 Idem.

246 1834 262 1849 x
296 1829 451 1870 Lenones]
489 1830 613 1861 Melius
645 1830 840 1862 Priscianus
872 1835 906 1862 et

202 1880 356 1912 Isidorus
381 1891 400 1911 a
421 1882 575 1920 leniendo,
599 1881 687 1922 quod
712 1881 905 1913 deliniendo

206 1931 440 1963 adolescentes
455 1931 632 1962 seducant.
657 1932 753 1962 Idem.

248 1989 261 2009 5
284 1982 488 2023 Leparenses]
514 1982 613 2014 Cives
638 1983 769 2022 Liparae
788 1982 905 2013 insula:

205 2033 276 2065 sive
306 2034 526 2074 Lipararum:
553 2033 601 2064 sic
626 2033 713 2064 enim
733 2034 907 2073 pluraliter

207 2084 342 2115 dicitur.
389 2084 522 2124 Liparae
551 2083 658 2114 insula
682 2093 747 2114 uua
772 2093 813 2114 ex
831 2083 906 2113 AEo·

206 2135 272 2173 liis,
289 2144 364 2175 quae
382 2134 507 2165 Sicano
524 2134 628 2165 littori
645 2133 804 2174 objectae.
838 2133 907 2164 Do-

209 2185 281 2216 cuit
292 2189 404 2216 autem
419 2184 632 2215 doctissimus
648 2183 837 2214 Bochartus
856 2183 908 2213 Li-

210 2245 310 2275 paras
334 2235 463 2266 mollito
480 2244 562 2265 sono
579 2243 653 2265 esse
671 2244 690 2264 a
713 2233 845 2264 Punico
860 2234 908 2264 ni·

212 2284 282 2316 bras
300 2286 352 2316 vel
372 2284 509 2322 nibaras,
526 2284 673 2323 lucerna,
691 2284 831 2324 lampas,
849 2288 908 2314 tae-

212 2335 266 2374 da,
284 2335 354 2374 fax,
380 2340 415 2366 et
435 2335 511 2366 inde
528 2343 648 2365 nomen
671 2334 816 2374 Liparis,
832 2333 910 2374 quia

213 2385 297 2417 facis
325 2387 431 2418 instar
456 2391 557 2418 noctu
579 2385 753 2421 lucebant,
769 2389 911 2426 propter

213 2442 396 2467 nocturnas
415 2432 500 2477 ignis
526 2436 735 2477 eruptiones.
780 2435 910 2466 Aristo-

216 2488 302 2519 teles
318 2488 351 2518 in
367 2488 548 2519 mirandis:
573 2487 674 2518 καὶτὸ
691 2488 723 2517 ἐν
737 2488 781 2528 τῇ
794 2486 912 2528 Λιπάρᾳ

217 2536 249 2568 δὲ
275 2537 333 2577 πῦρ
362 2538 493 2578 φανερὸν
519 2538 569 2569 καὶ
596 2539 769 2577 φλογῶδες,
797 2538 831 2568 οὐ
857 2538 914 2576 μὲν

217 2587 344 2628 ἡμέρας,
359 2589 444 2619 ἀλλὰ
469 2590 576 2622 νυκτὸς
591 2591 683 2629 μόνον
707 2590 844 2622 καίεσθαι
860 2589 912 2621 λε’·

218 2651 318 2679 γεται.
340 2640 349 2656 ⁴
365 2640 409 2670 Et
435 2639 466 2670 in
494 2640 614 2680 Lipara
631 2641 767 2682 quidem
783 2640 915 2682 conspi-

220 2699 318 2722 cuum
344 2690 454 2730 ignem
484 2691 576 2721 aiunt
606 2697 706 2732 atque
733 2693 914 2732 lucentem,

951 1080 1018 1101 non
1043 1070 1191 1102 interdiu
1217 1070 1277 1101 sed
1306 1074 1410 1101 noctu
1436 1072 1566 1100 tantum
1594 1079 1646 1100 ar-

952 1119 1059 1151 dere.’
1105 1121 1149 1151 Et
1181 1121 1304 1151 Paulus
1334 1119 1546 1150 Silentiarius
1578 1128 1648 1149 car—

952 1173 1041 1204 mine
1058 1173 1098 1204 de
1116 1174 1212 1213 aquis
1230 1173 1382 1213 Pytliiis:
1408 1171 1465 1202 Καὶ
1480 1169 1597 1212 Λιπάρᾳ
1612 1182 1647 1201 τε

952 1223 1034 1262 νήσῳ
1042 1223 1198 1263 Ἀφεγγές
1214 1225 1299 1254 ἐστιν
1317 1221 1469 1261 ἆσθμαΔΟ
1491 1222 1577 1253 νυκτί
1590 1233 1649 1262 περ

952 1277 1125 1314 παμφαῖνον
1156 1274 1273 1313 Πέμπει
1301 1272 1402 1304 λίθους
1431 1271 1560 1303 θειώδεις
1592 1276 1651 1302 Πο-

950 1325 1120 1366 λυψόφους,
1142 1325 1334 1366 βροντώδεις.
1377 1324 1441 1355 ‘Et
1466 1324 1498 1354 in
1524 1323 1650 1364 Lipara

951 1377 1059 1407 insula
1090 1378 1152 1407 Est
1182 1377 1306 1407 halitus
1339 1374 1556 1415 caliginosus,
1584 1374 1651 1405 Qui

952 1432 1057 1457 noctu
1086 1426 1307 1466 resplendens
1334 1424 1471 1456 Emittit
1487 1434 1569 1454 saxa
1585 1424 1652 1453 sul-

953 1478 1092 1518 phurea,
1124 1477 1210 1510 Quae
1242 1477 1384 1508 tonitrus
1414 1475 1520 1505 instar
1553 1473 1651 1504 valde

953 1527 1126 1559 fremunt.'
1185 1527 1266 1565 Sed,
1302 1525 1391 1568 quod
1423 1524 1651 1556 doctissimum

956 1578 1165 1609 Bocliartum
1193 1577 1304 1616 latuit,
1335 1576 1423 1607 idem
1453 1576 1652 1617 Lipararum

956 1633 1093 1669 etymon
1111 1627 1225 1659 allusit
1242 1626 1446 1658 scholiastes
1459 1625 1653 1657 Callimachi

954 1678 1069 1718 hymn.
1095 1678 1128 1709 in
1154 1677 1323 1709 Dianam:
1349 1677 1442 1712 νῆσος
1466 1674 1502 1706 δέ
1524 1675 1609 1706 ἐστιν
1635 1675 1655 1712 ἡ

955 1728 1072 1771 Λιπάρα
1102 1729 1256 1763 Σικελίας,
1283 1727 1355 1758 ἔνθα
1388 1726 1427 1765 ἣν
1450 1727 1491 1758 τὰ
1520 1728 1655 1765 χαλκεῖα

953 1780 1137 1820 Ἡφαίστου.
1173 1779 1240 1811 ἔστι
1269 1779 1301 1810 δὲ
1327 1778 1382 1818 μία
1406 1780 1469 1809 τῶν
1495 1777 1654 1809 Αἰολίδων.

959 1830 1091 1869 Λέγεται
1113 1830 1143 1861 δὲ
1167 1830 1214 1861 ὅτι
1237 1829 1345 1871 σίδηρα
1360 1828 1489 1869 διάφορα
1505 1828 1608 1860 θέντες
1624 1828 1656 1858 ἐν

960 1882 1042 1923 αὐτῇ
1068 1883 1186 1918 ναῦται,
1213 1880 1303 1912 ἕωθεν
1328 1879 1489 1920 εὑρήκασιν
1515 1878 1594 1910 αὐτὰ
1621 1879 1656 1910 ἐκ

958 1935 1016 1970 τῆς
1025 1933 1198 1965 ἀναδόσεως
1207 1933 1263 1964 τοῦ
1275 1932 1367 1972 πυρὸς
1380 1929 1588 1969 πεπανθέντα,
1605 1929 1656 1960 καὶ

959 1984 1007 2015 διὰ
1022 1985 1114 2015 τοῦτο
1132 1983 1246 2021 ἐκλήθη
1262 1983 1281 2021 ἦ
1297 1985 1388 2020 νῆσος
1403 1980 1534 2021 Λιπάρα,
1557 1981 1604 2012 διὰ
1618 1980 1656 2010 τὸ

962 2036 1042 2067 αὐτὰ
1065 2035 1194 2075 διάφορα
1220 2034 1295 2066 ὄντα
1318 2033 1351 2065 ἓν
1389 2033 1539 2072 γενέσθαι.
1576 2032 1585 2048 ‘
1603 2031 1656 2062 Li-

963 2095 1044 2126 para
1071 2087 1178 2116 insula
1204 2085 1339 2119 Siciliae,
1363 2084 1396 2114 in
1421 2092 1487 2123 qua
1512 2081 1656 2112 Vulcani

962 2134 1117 2167 officinae.
1140 2128 1246 2165 Etest
1258 2144 1323 2164 una
1335 2133 1528 2164 AEoliarum.
1552 2130 1658 2162 Aiunt

963 2190 1074 2216 autem
1101 2194 1176 2215 cum
1203 2184 1363 2225 plurimas
1388 2191 1514 2213 massas
1530 2179 1658 2211 ferreas

962 2236 995 2266 in
1012 2245 1086 2267 eam
1101 2239 1210 2266 nautae
1224 2233 1484 2277 congessissent,
1494 2240 1550 2262 eas
1561 2239 1658 2261 mane

963 2286 1128 2326 reperisse
1140 2290 1301 2316 excoctas
1314 2293 1354 2315 ex
1371 2283 1455 2323 ignis
1469 2281 1659 2322 eruptione.

964 2336 1078 2368 Quare
1092 2335 1198 2365 insula
1214 2334 1308 2365 dicta
1324 2333 1459 2373 Lipara,
1480 2332 1557 2373 quia
1572 2341 1658 2362 mas-

964 2399 1007 2419 sae
1027 2388 1106 2423 illae,
1127 2396 1201 2418 cum
1218 2387 1331 2417 multae
1352 2390 1478 2423 essent,
1502 2385 1534 2415 in
1559 2393 1658 2414 unam

965 2437 1184 2469 coaluerunt?
1220 2438 1327 2470 Quem
1346 2437 1454 2466 locum
1468 2435 1531 2465 nisi
1548 2434 1596 2464 ita
1613 2433 1659 2464 in-

968 2489 1113 2530 telligas,
1136 2491 1266 2519 certum
1292 2492 1343 2517 est
1367 2495 1431 2517 non
1450 2494 1545 2526 posse
1562 2484 1660 2514 intel-

967 2540 1036 2581 ligi.
1067 2539 1140 2571 Nisi
1159 2538 1271 2579 potius
1287 2537 1379 2568 dicas
1397 2536 1505 2566 locum
1521 2542 1659 2573 corrup·

968 2595 1038 2622 turn
1061 2599 1149 2627 esse,
1175 2592 1208 2619 et
1235 2597 1295 2628 pro
1321 2583 1515 2617 πεπανθέντα
1541 2583 1659 2613 rescri-

968 2640 1115 2671 bendum
1143 2635 1341 2674 λιπανθέντα,
1365 2644 1431 2675 qua
1455 2643 1536 2664 voce
1562 2633 1658 2663 Grae-

967 2700 1042 2722 cum
1059 2694 1195 2729 etymon
1210 2686 1370 2725 alluserit,
1393 2693 1513 2725 nempe
1531 2682 1590 2713 ἀπὸ
1604 2683 1661 2712 τοῦ
