1835 2906
359 141 421 170 DE
455 141 723 172 VERBORUM
757 141 1157 173 SIGNlFlCA'PIONE
1191 146 1285 177 [ΑΒ.
1319 147 1411 178 ΧΗ.

233 242 432 276 cantatur
452 235 508 275 ad
527 235 681 277 tibiam.

1528 140 1610 180 451

745 235 866 279 Quod
897 235 1137 277 vocabulum
1160 238 1374 294 Afranius
1394 243 1436 283 in
1455 250 1610 285 mater-

232 301 327 341 teris
354 303 514 355 posuit:
563 302 747 344 Naem'am
787 310 920 344 antem
956 303 1063 345 inter
1102 307 1290 359 exsequia
1331 309 1609 351 cantitabam.

224 367 344 419 Sunt,
367 369 437 423 qui
456 384 499 409 eo
521 370 639 410 verbo
653 370 785 424 finem
804 371 1032 426 significari
1046 377 1059 395 θ
1098 373 1374 415 crediderunt.
1434 375 1611 418 Plautus

231 447 276 474 vn

555 601 564 611 .
605 572 679 612 abi
710 584 814 625 ergo

485 637 598 679 idem
619 638 721 679 huic
737 636 900 678 homini
918 637 1076 679 amanti
1094 636 1106 660 f
1122 652 1207 679 mea
1229 639 1325 680 hera
1347 639 1459 682 dixit
1479 642 1610 698 domi,

821 785 959 817 NOTAE

174 879 342 910 sententia
363 881 494 912 noem'am
522 882 713 921 significare
740 881 863 913 finem:

172 927 250 958 ideo
267 929 298 959 in
322 930 531 962 Truculento
551 933 711 964 Plautina
734 933 866 963 menium

175 977 274 1016 dixit,
306 978 395 1009 idem
431 990 519 1021 esse,
548 982 643 1022 quasi
675 991 866 1022 supremam

174 1027 271 1067 dixit,
295 1030 367 1060 vale
388 1030 497 1063 dixit:
523 1033 555 1063 iu
574 1034 747 1074 superlore
777 1034 865 1064 enim

174 1078 365 1110 testimonio
384 1081 512 1121 mutilo,
527 1083 583 1113 illa
600 1084 700 1114 verba
715 1092 778 1114 ΑΒῙ
806 1092 865 1114 ER-

171 1137 220 1159 Go
245 1129 342 1161 facile
368 1131 554 1169 declarant,
577 1135 711 1165 naeuz‘am
740 1134 866 1169 dicere,

173 1178 261 1209 idem
287 1189 374 1219 esse,
402 1191 440 1212 ac
469 1182 558 1213 abire
578 1184 712 1223 jubere.
757 1184 867 1214 Mani-

172 1227 295 1260 festum
312 1235 424 1261 autem
439 1233 541 1263 verba
553 1233 712 1264 Plautina
727 1244 769 1264 ex
784 1235 866 1264 Tru-

172 1277 308 1309 culento
336 1281 501 1319 producta
532 1292 621 1313 esse:
649 1293 722 1323 quae
755 1289 866 1314 tamen

171 1327 270 1358 hodie
286 1330 418 1370 sequius
435 1331 560 1362 habent
575 1333 643 1362 ita:
667 1333 739 1363 hnic
753 1333 869 1363 homini

170 1379 289 1409 amanti
302 1389 368 1410 mea
384 1380 454 1410 hera
471 1382 552 1421 apud
567 1392 622 1412 nos
635 1383 770 1414 naeniam
784 1383 869 1413 dixit

171 1429 209 1457 (Ie
234 1428 329 1459 bonis.
374 1430 463 1461 Nam
490 1432 688 1470 glossemata
710 1438 787 1463 sunt
811 1432 870 1462 illa

171 1486 266 1508 noim
291 1485 324 1509 et
350 1488 468 1512 MEsTo
483 1481 524 1511 ad
541 1482 774 1521 explicandam
795 1492 868 1512 sen-

173 1530 326 1560 tentiam.
373 1531 482 1562 Nemo
529 1537 640 1562 tamen
690 1533 868 1572 negaverit

175 1578 274 1617 plane
292 1580 338 1610 ita
355 1580 432 1610 olim
450 1581 586 1611 Festum
607 1582 772 1621 scriptum
790 1583 867 1612 reli-

172 1629 302 1669 quisse:
329 1630 427 1660 sicuti
445 1635 480 1661 et
497 1631 554 1660 illa
570 1641 610 1661 ex
628 1632 868 1673 Bacchidibus,

172 1687 249 1718 qua».
263 1680 412 1718 proxime
424 1686 628 1719 sequnntur:
653 1692 728 1722 quae
745 1686 780 1712 et
796 1683 871 1722 ipsa

172 1729 274 1759 aliter
287 1729 317 1759 in
329 1730 452 1760 nostris
465 1732 714 1771 exemplaribus
729 1741 871 1772 concep-

174 1783 211 1808 ta
225 1784 300 1808 sunt
323 1780 379 1809 illo
394 1789 508 1810 versu:
534 1782 543 1797 ‘
562 1782 638 1813 Qua
655 1781 789 1822 quidem
807 1792 869 1822 ego

176 1834 210 1859 te
227 1827 361 1866 faciam,
377 1830 403 1859 si
422 1839 473 1860 me
491 1830 678 1861 irritaveris
691 1831 712 1861 :’
737 1831 792 1862 ubi
812 1842 868 1862 no-

175 1879 316 1910 tandum
334 1879 365 1909 in
383 1880 542 1920 Epitome
559 1891 601 1911 ex
623 1880 755 1912 officina
772 1882 869 1913 muti-

175 1929 293 1959 latoris
322 1929 380 1959 illa
410 1930 514 1960 verba
538 1930 740 1972 deprompta
770 1942 868 1963 esse:

173 1982 183 1994 ⁴
202 1977 315 2008 Graeci
327 1979 415 2009 enim
431 1978 520 2009 νέτον
531 1984 717 2011 extremum
731 1980 870 2012 dicunt.'

176 2027 254 2058 Non
271 2027 360 2058 enim
385 2035 560 2059 assecutus
577 2035 628 2060 est
653 2031 743 2062 Festi
768 2032 870 2062 inter—

174 2077 416 2116 pretationem,
430 2079 486 2118 qui
508 2085 624 2111 censet
646 2082 778 2112 noem'am
800 2091 872 2112 esse

174 2127 431 2157 minutissimum
450 2128 659 2169 intestinum,
673 2130 762 2171 quod
775 2131 873 2162 aliter

173 2177 286 2208 hillam
303 2177 439 2209 dicunt:
467 2179 509 2209 ab
533 2189 572 2210 eo
589 2180 750 2211 Plautum
774 2181 874 2212 dixis-

177 2235 213 2256 se
242 2227 250 2244 ‘
269 2226 509 2258 confossiorem
548 2229 690 2260 soricina
728 2231 838 2261 naenia
853 2230 873 2261 :'

177 2276 241 2307 hoc
267 2282 331 2315 est,
357 2281 424 2308 tam
450 2277 640 2310 confectum
668 2281 872 2318 vulneribus,

178 2331 216 2356 ut
247 2335 288 2356 ex
316 2336 356 2356 eo
386 2327 466 2357 nihil
496 2330 755 2369 relinqueretur,
784 2330 871 2371 quod

177 2375 259 2405 hina
275 2376 418 2405 soricina
429 2386 493 2406 non
510 2378 668 2408 minutius
679 2385 780 2410 esset.
805 2379 871 2410 Sed

179 2424 333 2465 profecto
356 2425 389 2455 in
412 2435 451 2456 eo
476 2427 572 2466 longe
594 2437 709 2458 errare
735 2430 872 2459 Festum

179 2475 259 2506 alibi
277 2475 483 2507 docebimus.
519 2477 616 2509 Quod
637 2477 721 2508 iufra
735 2479 872 2518 legitur,

180 2525 256 2555 Sive
277 2527 436 2565 quodcum
457 2536 559 2557 vocem
574 2527 681 2567 flendo
703 2527 872 2568 efferimus,

180 2575 269 2607 idem
288 2586 393 2616 prope
410 2582 461 2607 est
485 2587 559 2607 cum
582 2578 648 2613 illo.
665 2578 753 2619 quod
775 2589 874 2619 supe·

181 2625 251 2654 rius
268 2625 402 2657 dixerat
415 2637 423 2657 z
448 2628 526 2666 quod
539 2628 566 2658 εἰ
577 2629 642 2658 voci
653 2628 875 2670 similiorflen·

180 2674 260 2706 lium
271 2677 458 2715 querimonia
469 2678 509 2708 sit
524 2689 534 2708 :
558 2679 627 2710 vult
640 2679 727 2710 enim
742 2681 876 2711 noeniam

919 881 1250 920 ὠνοματοπεποιῆσθαι.
1266 883 1355 924 quod
1377 884 1509 915 scilicet
1533 883 1613 915 flen-

920 936 972 963 tes
989 932 1148 963 videntur
1174 943 1247 964 eam
1270 943 1386 965 vocem
1411 932 1552 966 efferre:
1578 940 1614 967 et

920 991 1000 1012 sane
1016 982 1092 1012 olim
1112 983 1343 1014 adolescentes
1356 983 1527 1015 docuimus
1541 994 1614 1015 eam

921 1041 1034 1062 vocem
1045 1032 1085 1062 ab
1096 1032 1243 1063 Hebraea
1254 1033 1367 1072 lingua
1380 1043 1531 1064 manasse
1543 1034 1616 1064 sine

921 1081 987 1111 ullo
1014 1090 1153 1121 prorsus
1179 1081 1297 1122 dubio,
1324 1083 1358 1112 in
1379 1092 1444 1123 qua
1459 1083 1538 1113 Nini
1563 1088 1616 1114 est

922 1130 1042 1169 Plange
1062 1132 1185 1170 plange.
1210 1139 1256 1162 *ru
1280 1140 1327 1163 *ru
1350 1131 1438 1171 apud
1463 1132 1613 1172 Prophe-

922 1186 1010 1212 tam:
1037 1181 1126 1212 unde
1149 1186 1184 1211 et
1208 1181 1424 1222 Pliryges,et
1450 1182 1615 1222 postillos

922 1230 1036 1261 Graeci
1055 1236 1185 1262 veteres
1201 1230 1342 1268 νηνίατον
1356 1237 1528 1264 vocarunt.
1560 1231 1616 1263 Ab

922 1278 989 1310 illis
1012 1286 1123 1311 autem
1151 1282 1343 1313 nationibus
1360 1283 1466 1324 Syriae
1490 1293 1616 1315 morem

921 1330 1013 1360 illum
1032 1331 1242 1371 praeficarum
1263 1332 1445 1364 deductum
1470 1343 1544 1365 esse
1560 1343 1617 1365 ne·

925 1389 977 1410 mo
994 1380 1138 1420 ignorat,
1154 1382 1216 1412 nisi
1243 1384 1298 1424 qui
1316 1384 1348 1414 in
1365 1384 1529 1415 Veterum
1554 1385 1618 1415 his-

925 1430 1017 1460 toriis
1033 1429 1228 1471 infrequens
1243 1437 1306 1463 est.
1352 1433 1459 1464 Immo
1479 1434 1616 1464 Hebraei

924 1480 997 1510 miri
1009 1481 1149 1520 θρηνῳδοὶ
1161 1481 1321 1514 fuerunt:
1346 1483 1434 1524 quod
1451 1484 1570 1514 crebro
1585 1485 1618 1515 in

924 1528 1171 1570 Prophetarum
1202 1533 1296 1562 libris
1324 1534 1486 1564 occurrit.
1530 1534 1617 1564 Vide

923 1590 997 1620 quae
1016 1581 1144 1612 utiliter
1155 1582 1234 1612 olirn
1250 1583 1417 1622 superbis
1433 1583 1618 1614 notavimus

923 1630 955 1660 in
974 1631 1212 1671 Conjectaneis
1236 1633 1369 1664 nostris.
1413 1633 1519 1663 Porro
1544 1643 1618 1673 per-

926 1691 1041 1720 peram
1063 1680 1174 1713 νεάτας
1197 1692 1256 1722 pro
1279 1681 1384 1722 νήτας,
1401 1688 1467 1713 tam
1491 1684 1523 1713 in
1542 1683 1619 1723 Epi·

927 1736 1029 1771 tome,
1044 1742 1142 1773 quam
1166 1733 1199 1762 in
1225 1733 1331 1773 ipsius
1354 1733 1446 1764 Festi
1472 1734 1618 1774 reliquiis

923 1791 1084 1813 excusum
1101 1782 1176 1814 fuit.
1200 1784 1268 1815 JoS.
1283 1783 1365 1814 Scal.

964 1838 977 1852 θ
1001 1832 1112 1863 Finem
1133 1833 1324 1875 significari]
1352 1833 1479 1865 Nescio
1503 1843 1544 1864 an
1568 1834 1620 1864 hic

923 1881 1033 1912 Plauti
1047 1882 1150 1913 verba
1164 1884 1312 1914 laudarit
1327 1884 1447 1915 Festus
1459 1893 1499 1914 ex
1513 1883 1620 1914 Pseu-

924 1931 989 1963 dol.
1008 1941 1040 1962 v.
1060 1935 1089 1963 l.
1113 1934 1122 1949 ‘
1141 1933 1174 1963 id
1199 1933 1262 1964 fuit
1287 1934 1397 1965 naenia
1420 1933 1522 1965 ludo.’
1569 1933 1620 1964 Ibi

926 1982 1011 2012 enim
1030 1983 1151 2022 naenia,
1168 1982 1255 2015 finis.
1302 1984 1386 2014 Inde
1404 1989 1516 2015 autem
1534 1989 1621 2014 trac-

926 2036 960 2062 ta
983 2037 1035 2063 est
1062 2033 1134 2064 haec
1160 2034 1317 2074 loquendi
1342 2034 1442 2072 ratio,
1457 2033 1544 2074 quod
1570 2034 1622 2067 iis,

925 2081 980 2121 qui
1000 2082 1101 2112 vitam
1130 2082 1301 2123 finierant,
1328 2083 1438 2113 naenia
1463 2082 1622 2113 cantaba-

927 2135 993 2169 tur,
1011 2133 1075 2162 &c.
1125 2132 1212 2162 Haec
1236 2132 1339 2163 verba
1365 2132 1416 2163 abi
1440 2142 1526 2172 ergo,
1554 2141 1620 2172 quo

927 2180 1120 2220 pertineant
1156 2182 1282 2213 nescio.
1327 2182 1434 2213 Immo
1471 2182 1622 2221 ejusdem

927 2230 1042 2261 Plauti
1073 2237 1163 2270 sunt,
1194 2232 1253 2262 sed
1293 2233 1412 2263 leviter
1449 2236 1622 2271 corrupta.

929 2282 1031 2320 Lego,
1060 2282 1113 2311 uhi
1139 2291 1194 2320 ego
1223 2282 1453 2317 circumvertor,
1477 2283 1565 2320 cado,
1590 2282 1622 2311 iu

918 2331 988 2369 fuit
998 2332 1100 2362 noem'a
1111 2333 1192 2363 ludo.
1240 2333 1284 2362 Et
1295 2332 1341 2362 ita
1354 2332 1485 2362 Festum
1501 2331 1621 2371 legisse

928 2391 1024 2411 nemo
1042 2381 1220 2421 dubitabit,
1236 2391 1333 2422 quem
1353 2391 1441 2412 nunc
1458 2382 1504 2412 ita
1521 2380 1622 2412 facile

927 2432 1112 2471 supplebis.
1156 2432 1291 2462 Plautus
1320 2432 1353 2462 in
1386 2431 1547 2472 Pseudolo,
1570 2430 1623 2461 ubi

926 2492 982 2520 ego
1005 2482 1236 2516 circumvertor,
1265 2482 1350 2516 εαιΙο,
1376 2481 1409 2512 id
1424 2481 1494 2519 fuit
1519 2480 1622 2511 menia

926 2532 1006 2562 ludo.
1052 2531 1213 2571 Idem‚89·c.
1259 2531 1372 2562 Hodie
1397 2532 1430 2562 in
1451 2532 1622 2572 impressis

929 2582 1041 2612 Plauti
1057 2582 1139 2612 libb.
1156 2582 1253 2612 abest
1269 2592 1335 2613 vox
1349 2592 1416 2621 ego.
1434 2582 1517 2614 Dae.

971 2630 1090 2662 ‘Huic
1114 2632 1230 2663 homini
1263 2632 1397 2670 amanti]
1433 2633 1481 2664 Ex
1511 2633 1623 2664 Plauti

927 2682 1160 2714 Truculento:
1201 2682 1313 2714 ‘Huic
1342 2683 1465 2715 homiui
1499 2684 1626 2715 amanti
