1835 2906
356 137 418 166 DE
453 132 724 164 VERBORUM
760 127 1173 161 SIGNIFICATIONF.
1210 128 1304 157 LIB.
1339 127 1410 157 XI.

1527 115 1611 155 415

166 231 445 285 Metonymia
460 228 476 251 ¹<
506 233 574 270 est
592 233 761 281 tropos,
780 238 878 266 cum
900 223 955 264 ab
978 235 1048 272 e0,
1072 221 1190 275 quod
1211 222 1424 270 continet,
1448 219 1609 273 [Fizs‘r.

221 298 492 353 significatur
520 297 580 346 id,
612 295 729 350 quod
761 292 1035 342 continetur3
1067 294 1144 329 aut
1177 290 1374 342 superior
1403 287 1612 334 inferiore,

221 371 264 408 et
284 365 459 407 inferior
479 365 718 419 superiore.
763 361 877 411 Quae
904 359 1112 406 continet,
1135 357 1251 410 quod
1275 357 1541 397 continetur:
1564 356 1613 393 ut

222 435 401 484 Ennius,
422 447 524 474 cum
556 433 641 474 ait:
672 431 827 472 Africa
859 426 1040 469 terribili
1070 423 1259 466 tremit¹8
1292 423 1466 464 horrida
1497 427 1613 462 terra

222 503 422 542 tumultu.
467 500 540 541 Ab
571 514 640 550 eo,
660 498 781 553 quod
804 496 1063 545 continetur,
1090 492 1151 542 id,
1174 492 1292 546 quod
1315 492 1536 532 continet:
1567 494 1616 529 ut

224 583 323 610 cum
359 570 517 610 dicitur
545 573 679 622 epota
707 563 916 618 amphora
943 562 1044 602 vini.

1112 559 1156 601 A
1172 560 1398 613 superiore
1418 558 1615 598 inferior:

222 642 273 677 ut
303 637 469 678 Ennius
489 651 497 676 ε
530 649 630 676 cum
651 645 806 685 magno
830 630 1014 683 strepitu
1038 628 1286 670 Volcanum
1308 630 1468 667 ventus
1488 638 1617 677 vege-

222 708 302 745 rat.
361 703 435 745 Ab
464 702 665 744 inferiore
692 699 917 754 superior:
945 700 1007 747 ut,
1038 695 1259 751 persuasit
1293 694 1440 735 animo
1472 692 1617 734 vinum

226 773 366 821 Deus,
389 771 466 825 qui
487 770 626 811 multo
646 772 712 809 est
733 767 967 808 maximus.

169 837 343 882 Metus¹
374 837 605 879 foeminino
633 848 790 889 genere
814 833 1035 875 dicebant.

1096 830 1264 872 Ennius
1288 843 1297 868 :
1327 827 1409 870 Vi·
1439 827 1618 880 [PAUL.

223 920 339 956 vam,
362 920 417 948 an
438 906 612 953 moriar,
634 904 753 944 nulla
775 903 819 943 in
840 915 908 943 me
929 904 997 941 est
1015 902 1170 940 metus.

170 974 414 1016 MiGRARE
429 978 610 1014 mensam
630 970 738 1027 quod
751 968 904 1026 legibus
917 968 1000 1023 ejus
1017 981 1132 1008 sacra
1148 973 1242 1008 esset
1256 964 1436 1020 Deisque
1454 963 1618 1017 [FEST.

776 1098 1012 1112 ‘mmo

215 1184 256 1212 18
278 1180 374 1212 Vett.
388 1179 470 1211 libb.
485 1179 604 1210 tremis.

827 1282 858 1314 N
865 1280 968 1313 OTAE

172 1383 341 1416 Caeciliam
359 1382 519 1414 familiam
536 1390 597 1423 pro
614 1380 749 1412 Caecilia
765 1383 868 1420 gente

170 1436 260 1467 dixit
282 1435 418 1470 Festus,
441 1443 515 1475 quae
541 1432 760 1464 Metellorum
790 1440 869 1471 cog—

170 1491 330 1517 nomento
347 1485 555 1525 potissimum
572 1484 676 1514 clara.
700 1483 782 1513 Dae.

213 1535 229 1557 Κ
251 1536 460 1577 Aletonymia]
484 1535 576 1574 Lege
592 1534 638 1564 ita
656 1543 787 1564 versum
804 1533 869 1563 En-

172 1586 229 1625 nii,
265 1587 343 1617 Cum
379 1595 492 1624 magno
529 1585 661 1624 strepitu
702 1583 870 1614 Volcanum

171 1636 275 1668 ventu‘
286 1637 424 1676 regebat.
440 1637 483 1667 Et
493 1635 584 1666 illum
599 1645 606 1664 :
621 1634 783 1664 Persuasit
796 1643 870 1671 nox,

170 1687 289 1726 vinum,
318 1687 415 1722 Deus,
442 1686 494 1727 qui
518 1686 613 1716 multo
636 1687 684 1715 est
706 1683 870 1715 maximus.

172 1738 234 1769 Cui
252 1738 361 1768 simile
370 1736 609 1768 Terentianum
624 1745 667 1766 ex
679 1734 844 1774 Adelphis
860 1744 868 1765 :

170 1788 180 1805 ‘
197 1787 372 1819 Persuasit
388 1797 468 1827 nox,
483 1796 588 1825 amor,
602 1786 728 1824 vinum,
740 1785 870 1816 adoles-

174 1838 305 1869 centia:
320 1838 512 1869 Humanum
526 1835 604 1868 est.’
618 1837 662 1866 Et
674 1836 870 1875 Propertii:

172 1889 181 1906 ‘
196 1888 272 1920 Hac
299 1887 414 1928 Amor,
434 1887 496 1918 hac
522 1886 637 1925 Liber,
661 1886 764 1916 durus
780 1890 872 1916 uter-

175 1948 240 1980 que
268 1938 383 1970 Deus!
427 1939 576 1978 Vegere,
607 1946 669 1978 pro
698 1941 870 1978 vegetare.

173 1989 263 2020 Vide
282 1990 441 2021 Nonium.
462 1989 532 2019 JOS.
550 1988 633 2019 Scal.

217 2039 427 2080 Metonymz‘a]
467 2036 648 2076 Μετωνυμία
679 2047 698 2068 a
727 2036 807 2075 μετὰ
836 2041 871 2068 et

174 2089 279 2128 ὄνομα.
326 2089 382 2120 Ad
408 2089 548 2120 verbum
575 2092 674 2119 sonat
699 2089 870 2118 ‘transno-

173 2139 273 2180 men‚’
296 2138 623 2171 ‘transnominatio'
661 2138 872 2179 Figura,qua

174 2191 350 2221 continens
379 2190 516 2231 ponitur
546 2199 605 2229 pro
629 2192 805 2227 contento,
834 2192 870 2218 et

175 2245 372 2272 contentum
407 2250 468 2281 pro
501 2240 711 2271 continente.
756 2238 869 2269 Conti-

177 2299 259 2320 nens
282 2300 343 2330 pro
367 2295 527 2321 contento
549 2290 698 2321 Ennius:
730 2289 739 2306 ⁴
755 2289 872 2320 Africa

176 2339 321 2370 terribili
342 2340 456 2371 tremit
478 2340 615 2371 horrida
637 2346 729 2370 terra
749 2340 869 2370 tumul-

178 2388 237 2419 tu.²
266 2389 379 2426 Africa
394 2398 456 2429 pro
471 2389 570 2427 Afris.
604 2390 724 2420 Cicero
738 2390 771 2420 in
789 2390 873 2420 Ora-

177 2444 271 2471 tore:
311 2441 319 2455 ‘
337 2439 519 2469 Horridam
546 2438 700 2470 Africam
730 2439 875 2469 terribili

178 2494 326 2520 tremere
343 2489 489 2519 tumultu
507 2498 582 2519 cum
598 2487 702 2520 dicit’
715 2488 877 2528 (Ennius)

177 2544 262 2579 ‘pro
293 2537 384 2569 Afris
415 2538 572 2569 immutat
602 2537 781 2569 Africam?
833 2538 875 2569 In

177 2590 314 2632 reliquis
330 2590 394 2621 nisi
410 2590 504 2621 locus
520 2590 726 2630 depravatus
739 2590 794 2628 sit,
808 2598 876 2619 me-

177 2641 244 2672 rito
259 2640 524 2681 Festijudicium
541 2640 760 2672 desiderabis.
806 2639 876 2670 Ne-

180 2700 245 2732 que
262 2691 350 2722 enim
374 2701 449 2723 cum
478 2691 604 2723 dicitur
627 2694 715 2731 epota
730 2690 796 2721 vini
811 2700 875 2721 am-

920 1378 1030 1418 phora,
1046 1375 1088 1407 ab
1105 1385 1145 1406 eo
1162 1373 1251 1416 quod
1277 1374 1483 1412 continetur,
1499 1372 1625 1403 intelli-

924 1429 1014 1468 gitur
1044 1426 1091 1463 id,
1119 1425 1208 1467 quod
1247 1425 1412 1460 continet,
1451 1429 1488 1455 ut
1520 1423 1626 1454 tradit

925 1479 1070 1510 Festus:
1096 1477 1154 1508 sed
1172 1481 1293 1507 contra
1309 1476 1350 1506 ab
1371 1485 1412 1506 eo
1438 1473 1528 1515 quod
1546 1483 1625 1505 con-

924 1532 1025 1567 tinet,
1042 1528 1075 1559 id
1099 1527 1189 1569 quod
1206 1527 1411 1558 continetur.
1458 1526 1547 1556 Nam
1565 1533 1627 1565 per

925 1580 1134 1620 amphoram,
1150 1579 1276 1616 vinum,
1299 1578 1385 1618 quod
1404 1577 1435 1606 in
1454 1576 1627 1616 amphora,

924 1635 962 1661 ut
974 1640 1036 1671 per
1050 1629 1202 1661 Africam
1219 1629 1456 1668 intelliguntur
1468 1627 1629 1664 homines,

925 1682 980 1723 qui
1003 1682 1035 1712 in
1053 1680 1182 1711 Africa.
1229 1679 1318 1711 Audi
1347 1677 1548 1711 Quintilian.
1569 1675 1626 1707 lib.

925 1740 1008 1762 vni.
1026 1740 1101 1771 cap.
1117 1733 1148 1760 6.
1171 1730 1180 1746 ‘
1197 1729 1293 1760 Sicut
1312 1739 1351 1759 ex
1374 1737 1413 1758 eo
1438 1726 1528 1768 qnod
1547 1735 1627 1756 con-

927 1782 1025 1822 tinet,
1050 1781 1083 1811 id
1113 1780 1201 1821 quod
1226 1779 1421 1810 continetur
1440 1787 1518 1808 usus
1543 1776 1628 1807 reci-

927 1833 1000 1872 pit:
1027 1836 1064 1862 ut
1081 1831 1167 1861 bene
1181 1834 1329 1861 moratas
1346 1828 1457 1866 urbes,
1472 1831 1506 1858 et
1525 1835 1628 1866 pocu-

925 1883 993 1913 lum
1008 1885 1160 1921 epotum,
1174 1884 1210 1911 et
1222 1879 1381 1910 saeculum
1395 1876 1513 1908 soelix.'
1540 1876 1629 1907 Con-

925 1937 1058 1964 tentum
1090 1935 1202 1962 antem
1242 1939 1304 1971 pro
1343 1928 1553 1965 continente,
1591 1930 1629 1956 ut

925 1983 1015 2024 apud
1042 1983 1136 2022 Virg.
1161 1981 1276 2011 ‘Vina
1305 1977 1492 2010 coronant)
1537 1976 1629 2006 Vina

926 2044 988 2075 pro
1009 2035 1148 2075 pateris.
1192 2034 1201 2049 ‘
1216 2032 1247 2062 A
1269 2030 1444 2071 superiore
1462 2026 1628 2065 iuferior,'

927 2095 1002 2117 cum
1032 2093 1135 2115 causa
1165 2082 1303 2123 ponitur
1334 2089 1395 2120 pro
1426 2077 1564 2113 effectu,
1592 2080 1629 2107 ut

926 2136 1101 2167 Vulcanus
1115 2143 1174 2174 pro
1189 2134 1277 2172 igne.
1311 2132 1400 2161 Enn.
1417 2129 1426 2145 ‘
1440 2129 1524 2160 Cum
1537 2136 1628 2166 mag-

926 2196 968 2217 no
999 2186 1146 2226 strepitu
1163 2184 1353 2214 Volcanum
1385 2186 1505 2211 ventus
1529 2187 1629 2218 vege-

925 2237 1002 2268 rat.'
1048 2238 1141 2276 Lego
1163 2234 1301 2272 vehebat,
1325 2232 1389 2272 vel,
1412 2235 1449 2261 ut
1465 2230 1628 2268 Scaliger,

923 2287 1065 2327 vegebat,
1083 2287 1104 2317 i.
1122 2285 1298 2325 erigebat:
1325 2288 1359 2313 et
1387 2287 1394 2299 ‘
1411 2279 1629 2312 abinferiore

927 2335 1104 2377 superior‚'
1130 2345 1206 2366 cum
1224 2333 1365 2364 effectus
1385 2342 1444 2372 pro
1462 2340 1576 2368 causa,
1592 2333 1630 2361 ut

929 2397 1022 2418 amor
1039 2391 1073 2417 et
1090 2387 1201 2417 vinum
1224 2394 1285 2425 pro
1302 2382 1470 2423 Cupidine
1490 2386 1526 2412 et
1542 2381 1629 2411 Bac-

928 2438 1005 2469 cho.
1030 2439 1110 2468 Dae.

969 2487 976 2507 ¹
1002 2488 1126 2528 IUetus]
1151 2486 1303 2517 Ennius:
1332 2484 1398 2516 ‘Ni
1421 2487 1532 2514 metus
1559 2482 1629 2513 ulla

930 2545 1026 2571 tenet
1043 2540 1108 2570 rite
1126 2539 1252 2569 virtute
1269 2535 1471 2577 quiescunt.’
1494 2536 1593 2565 Idem.

972 2595 995 2610 ¹¹²
1019 2591 1163 2628 Migrare
1180 2588 1300 2628 mensa]
1326 2588 1437 2618 Locus
1463 2587 1627 2616 obscurus

929 2641 1150 2680 interpretem
1169 2638 1351 2669 desiderat.
1375 2636 1454 2667 Ant.
1472 2637 1555 2674 Aug.

971 2690 1132 2731 Migrare]
1155 2689 1300 2728 Migrare
1324 2697 1439 2722 mensa,
1463 2685 1550 2728 quod
1575 2694 1627 2715 sa-
