1835 2906
351 157 411 186 DE
447 155 717 187 VERBORUM
752 152 1155 186 SlGNlFIGATIONE
1190 154 1284 185 Lm.
1319 155 1421 185 XIV.

1541 145 1621 186 611

235 252 360 294 mitiis
381 251 561 294 convenit
575 251 692 307 quod
715 252 868 306 plebes
881 250 1026 300 scivit,
1049 250 1187 304 plebis
1203 249 1344 291 scitum
1373 249 1418 291 id
1444 263 1491 291 ea
1503 264 1622 292 causa

235 322 490 375 appellatur.

177 388 334 431 Porcae
357 386 656 443 appellanturi
683 387 768 430 rari
796 386 926 437 sulci,
959 385 1036 440 qui
1072 385 1317 426 ducuntur⁹
1351 399 1478 439 aquae
1511 385 1625 426 deri-

235 456 391 497 vandae
427 456 591 510 gratia:
643 455 750 496 dicti
785 453 902 508 quod
935 457 1170 508 porcant,¹0
1201 452 1246 492 id
1276 457 1356 502 est,
1389 453 1624 506 prohibent

234 536 398 577 aquam
417 523 646 565 frumentis
665 535 851 564 nocere:
888 535 984 562 nam
1015 521 1258 562 crebriores
1281 520 1407 569 sulci,
1428 520 1519 561 l-imi
1552 533 1624 562 vo-

235 594 401 632 cantur.

176 658 333 701 Porcae
356 659 400 699 in
421 659 535 713 agris
557 662 656 699 sunt
689 657 838 707 dictae,
861 657 979 711 quod
1003 660 1235 711 porcant‚¹¹
1261 656 1306 697 id
1330 659 1413 704 est,
1444 654 1624 707 [PAUL.

229 727 492 780 prohibeant
534 738 694 780 aquam
738 725 966 767 frumentis
1006 737 1195 778 nooere3
1245 737 1345 766 nam
1387 722 1624 764 crebriores

234 795 347 837 sulci
365 795 474 837 lumi
491 795 635 836 solent
655 794 819 842 vocari.

175 862 368 904 Porcam
409 875 586 904 auream
627 865 668 902 et
705 864 951 914 argenteam
965 859 980 882 k
1017 860 1106 902 dici
1153 861 1213 902 ait
1248 859 1411 914 Capito
1459 858 1624 912 [FEST.

233 931 412 977 Ateius,
433 944 532 984 quae
565 930 651 971 etsi
683 942 863 971 numero
891 928 1133 970 hostiarum
1156 942 1240 970 non
1264 929 1364 977 sint,
1386 939 1543 967 nomen
1561 931 1627 967 ta-

232 1011 331 1040 men
361 1011 508 1039 earum
538 997 712 1047 habere,
733 998 919 1039 alteram
951 1009 1009 1038 ex
1029 1010 1152 1047 auro,
1175 997 1353 1038 alteram
1373 1006 1430 1037 ex
1451 997 1626 1047 argento

232 1067 395 1108 factam
413 1065 610 1107 adhiberi
624 1065 850 1111 ¹sacrificio
873 1064 1048 1106 Ceriali.

176 1133 374 1185 Porcas,¹
408 1147 510 1188 quae
542 1135 652 1175 inter
674 1133 788 1175 duos
807 1138 841 1157 ¹2
873 1133 1024 1174 sulcos
1045 1132 1167 1184 fiunt,
1188 1133 1251 1174 ait
1268 1131 1410 1174 Varro
1449 1130 1625 1185 [PAUL.

784 1241 1020 1255 neeemeeee

216 1324 238 1352 9
262 1320 345 1352 Ead.
371 1319 425 1351 ed.
451 1320 699 1352 dicuntum—10
722 1319 802 1351 Vet.
832 1319 889 1351 lib.
918 1322 1145 1359 porsena—11
1174 1318 1234 1351 Vir
1262 1318 1354 1351 doct.
1381 1317 1414 1349 iu
1440 1326 1545 1357 marg.
1573 1315 1626 1347 ed„

172 1365 265 1397 scal.
282 1363 424 1405 conjicit
438 1366 683 1404 parmena—12
707 1363 788 1395 Vet.
806 1363 880 1394 cod.
896 1363 980 1394 duci.

836 1480 979 1514 NOTAE

222 1559 358 1591 iPorcae
386 1558 596 1599 appellantur]
625 1556 682 1589 Sic
706 1566 813 1598 porcas
841 1561 879 1588 et

174 1612 272 1643 sulcos
288 1620 348 1652 pro
373 1609 491 1640 eodem
515 1609 616 1640 sumit
639 1609 730 1639 Fest.
757 1611 877 1640 contra

174 1661 264 1704 quod
281 1661 314 1692 in
337 1669 420 1691 voce
443 1658 685 1700 ‘imporcitor,’
711 1658 768 1689 ubi
794 1658 875 1698 legi-

174 1717 244 1752 tur,
281 1712 290 1729 ‘
309 1720 414 1751 porca
440 1715 495 1741 est
525 1709 614 1740 inter
644 1708 728 1740 duos
763 1708 875 1739 sulcos

175 1766 267 1793 terra
303 1759 476 1792 eminens?
532 1759 588 1791 Ibi
622 1759 710 1791 enim
750 1769 875 1799 porcam

176 1815 295 1852 aperte
311 1820 330 1841 a
342 1810 424 1841 sulco
437 1808 627 1850 distinguit,
645 1812 680 1840 et
692 1818 812 1840 revera
825 1808 874 1839 di-

176 1871 273 1893 versa
290 1871 343 1892 res
361 1865 434 1891 est:
457 1870 559 1901 porca>
576 1860 641 1891 aiio
657 1859 790 1892 nomine
806 1859 874 1891 liroe

175 1912 387 1944 dicebantur.
433 1912 609 1942 Columell.
628 1910 686 1942 lib.
702 1920 728 1942 1.
751 1920 827 1951 cap.
843 1913 875 1942 4.

175 1964 184 1982 ‘
198 1964 289 1995 Liras
306 1962 424 1994 rustici
442 1967 564 1994 vocant
586 1962 720 1993 easdem
740 1971 873 2002 porcas,

176 2024 253 2046 cum
268 2013 315 2045 sic
333 2018 464 2044 aratum
481 2018 549 2053 est,
570 2018 607 2045 ut
622 2013 711 2045 inter
726 2013 810 2044 duos
827 2013 874 2044 la-

174 2067 241 2097 tius
266 2065 432 2097 distantes
457 2065 566 2096 sulcos
582 2065 707 2097 medius
723 2065 875 2097 cumulus

175 2115 299 2148 siccam
337 2115 451 2146 sedem
485 2113 664 2146 frumentis
698 2114 876 2155 praebeat.’

174 2165 262 2196 Inde
278 2165 430 2196 Glossar.
453 2167 586 2205 ‘porca,
612 2164 649 2194 τὸ
678 2163 792 2204 μεταξὺ
815 2165 877 2195 τῶν

176 2214 318 2247 αὐλάκων
334 2215 431 2255 ὕψος,’
452 2215 461 2232 ‘
481 2215 570 2246 inter
583 2214 666 2246 duos
677 2216 792 2246 ⁴sulcos
809 2215 877 2245 ela—

177 2270 212 2296 ta
229 2268 341 2296 terra)
383 2265 526 2305 Tamen,
541 2275 617 2296 cum
630 2266 709 2296 liras
726 2264 876 2296 dixerint

177 2316 287 2347 sulcos
315 2316 402 2350 iilos,
431 2315 488 2357 qui
511 2316 546 2346 in
565 2315 653 2357 agris
677 2315 815 2351 fiebant,
838 2319 876 2347 ut

175 2365 254 2396 inde
266 2365 299 2396 in
311 2366 453 2405 majores
469 2365 579 2396 sulcos
592 2365 661 2396 sive
672 2365 778 2396 fossas
788 2375 877 2407 aqua

175 2415 383 2455 decurreret,
394 2414 468 2445 fieri
480 2415 581 2446 etiam
596 2416 721 2455 potuit,
737 2420 773 2447 ut
789 2415 874 2447 sulci

176 2466 226 2497 illi
259 2476 358 2507 porcae
394 2465 497 2496 etiam
535 2464 745 2505 dicerentur,
785 2466 873 2506 quod

177 2526 296 2558 aquam
312 2516 490 2547 frumentis
509 2525 629 2548 nocere
641 2516 872 2556 prohiberent,

177 2567 237 2599 sed
254 2568 348 2608 hujus
367 2568 413 2598 rei
427 2567 582 2607 exempla
593 2565 760 2597 desidero.
773 2566 873 2598 Idem.

219 2617 234 2639 Β
258 2619 391 2650 Porcam
408 2627 543 2656 auream,
557 2620 587 2648 et
602 2617 796 2657 argenteam]
809 2617 874 2649 Ne-

177 2679 245 2709 mo,
261 2669 350 2712 quod
366 2669 481 2708 sciam,
496 2668 637 2708 hujusce
661 2668 762 2699 moris
789 2677 874 2708 prae-

179 2726 233 2753 ter
246 2721 382 2753 Festum
400 2719 564 2752 meminit„
587 2718 795 2750 Sacrificium
813 2718 876 2749 Ce-

930 1556 1028 1598 reris,
1041 1556 1083 1588 de
1101 1566 1167 1598 quo
1182 1555 1237 1587 hie
1250 1562 1360 1587 sermo
1374 1557 1439 1594 est,
1453 1551 1558 1584 fiebat
1573 1551 1630 1583 die

930 1607 1058 1649 Aprilis
1076 1610 1126 1638 19.
1148 1607 1245 1638 Idem.

973 1656 980 1677 ¹
1005 1657 1136 1697 Porcus]
1158 1657 1268 1688 Varro
1292 1654 1349 1687 lib.
1375 1663 1400 1687 1.
1423 1663 1499 1695 cap.
1516 1656 1568 1685 29.
1586 1653 1628 1684 de

930 1707 981 1740 Re
1000 1708 1100 1739 Rust.
1125 1709 1201 1739 Ant.
1219 1706 1304 1745 Aug.

974 1758 1108 1800 Porcus]
1133 1758 1310 1799 Graeculus
1328 1762 1449 1787 auctor
1466 1754 1630 1786 Glossarii

928 1809 1065 1850 optimis
1086 1808 1222 1850 quidem
1245 1806 1439 1838 auctoribus
1455 1806 1487 1836 iu
1505 1806 1631 1845 compi·

928 1859 1035 1891 landis
1053 1859 1173 1900 glossis
1188 1858 1255 1889 suis
1271 1866 1350 1888 usus
1376 1860 1442 1894 est3
1464 1865 1556 1896 saepe
1579 1860 1630 1886 ta-

928 1919 1004 1941 men
1021 1908 1172 1941 failitur:
1198 1912 1237 1940 ut
1253 1917 1327 1938 cum
1342 1910 1433 1946 porta
1457 1915 1517 1946 pro
1537 1915 1632 1945 porca

929 1961 1036 2001 ponit.
1083 1961 1092 1978 ‘
1110 1958 1275 1999 Portas&
1290 1956 1403 1996 μεταξὺ
1412 1958 1473 1987 τῶν
1487 1956 1631 1987 αὐλάκων

931 2010 1025 2050 gipes?
1056 2010 1065 2028 ‘
1079 2010 1199 2049 Porta,
1211 2008 1249 2038 τὸ
1263 2006 1375 2046 μεταξὺ
1390 2008 1453 2037 τῶν
1467 2005 1630 2045 κυμάτων.’

928 2062 997 2093 Jos.
1016 2061 1100 2094 Scal.

974 2112 1091 2143 Porcus
1105 2121 1173 2152 quoe
1191 2110 1274 2141 inter
1288 2110 1362 2140 duos
1382 2108 1496 2149 sulcos]
1522 2107 1630 2138 Locus

928 2161 1093 2193 Varronis
1114 2165 1167 2192 est
1181 2160 1240 2191 lib.
1256 2169 1280 2190 ¹.
1298 2159 1340 2190 de
1358 2160 1398 2190 R.
1418 2160 1458 2190 R.
1485 2167 1561 2198 cap.
1576 2160 1630 2188 29.

932 2213 942 2230 ‘
955 2211 1194 2245 Qua'aratrum
1211 2219 1346 2241 vomere
1374 2210 1532 2240 lacunam
1556 2207 1631 2237 stri-

930 2273 983 2295 am
1010 2261 1106 2302 fecit,
1130 2262 1242 2292 sulcus
1272 2264 1438 2291 vocatur:
1465 2257 1553 2298 quod
1578 2260 1631 2287 est

929 2314 1020 2345 inter
1038 2313 1120 2343 duos
1136 2311 1248 2342 sulcos
1272 2310 1362 2340 elata
1385 2313 1490 2347 terra,
1506 2306 1632 2338 dicitur

931 2373 1049 2405 porca,
1065 2362 1154 2403 quod
1171 2370 1212 2391 ea
1225 2369 1320 2400 seges
1335 2357 1539 2389 frumentum
1555 2365 1631 2397 por·

929 2415 1008 2446 ricit
1024 2425 1032 2446 :
1062 2415 1109 2445 sic
1128 2422 1260 2454 quoque
1278 2416 1358 2442 exta
1376 2411 1457 2441 Deis
1478 2419 1552 2441 cum
1573 2408 1631 2439 da-

928 2465 1025 2503 bant,
1061 2464 1233 2505 porricere
1266 2461 1451 2493 dicebant)
1497 2460 1629 2491 Nonius

929 2520 1029 2547 vocat
1051 2525 1178 2555 porcas.-
1203 2513 1322 2553 ‘signa
1347 2512 1528 2550 sulcorum,
1554 2520 1627 2551 quoe

930 2567 1018 2598 ultra
1035 2576 1070 2597 se
1083 2565 1155 2606 jaci
1171 2565 1298 2596 semina
1312 2562 1534 2603 prohibeaut3
1552 2571 1630 2601 por·

928 2626 1006 2649 cere
1022 2615 1110 2647 enim
1129 2619 1181 2646 est
1199 2611 1408 2655 prohibere?
1432 2611 1490 2643 sed
1510 2612 1627 2642 melius

929 2667 1062 2706 Festus,
1080 2664 1170 2706 quod
1188 2673 1306 2706 aquam
1327 2666 1501 2703 porceant.
1521 2661 1599 2692 Dae,³
