1835 2906
343 170 404 199 DE
438 168 711 200 VERBORUM
744 165 1149 198 SIGNIFICATIONE
1186 167 1277 198 [ΑΒ.
1311 169 1374 200 VI.

1501 159 1584 201 275

198 275 245 307 to
267 266 349 306 fori
366 266 607 317 significant
628 264 852 306 Circensia
870 263 1172 317 spectacula,m
1195 276 1251 304 ex
1271 266 1429 318 quihus
1451 266 1584 307 etiam

197 333 383 373 minores
404 332 575 373 forulos
595 332 797 373 dicimus.

856 330 962 371 Inde
983 335 1028 371 et
1047 330 1207 380 forare,
1230 341 1274 372 et
1300 334 1417 374 foras
1431 338 1447 355 ¹¹
1468 333 1583 384 dare,

196 405 240 441 et
260 401 393 449 fores,
415 404 458 440 et
472 399 603 450 foras,
623 405 666 442 et
686 399 936 448 forecula,20
958 398 1002 438 id
1024 402 1106 447 est,
1128 399 1291 440 ostiola
1310 400 1525 441 dicuntur.

142 466 303 517 Fovii,⁰
333 468 409 521 qui
430 481 542 509 nunc
566 468 694 508 Fabii
721 467 936 516 dicuntur,
961 466 1084 516 dicti,
1107 466 1223 519 quod
1253 467 1452 520 princeps
1481 481 1583 520 gen-

196 536 252 576 tis
274 535 373 588 ejus
396 548 453 576 ex
473 548 526 576 ea
545 539 671 576 natus
692 534 782 584 sit,p
813 547 910 574 cum
933 547 1021 587 qua
1041 533 1256 574 Hercules
1273 534 1315 574 in
1331 534 1462 575 fovea
1480 548 1585 575 con-

198 603 364 643 cubuit.

423 602 515 643 Alii
535 606 694 655 putant
709 614 808 642 eum
828 601 1018 654 primum
1039 601 1284 642 ostendisse
1302 602 1584 654 quemadmo-

198 670 301 710 dum
323 670 411 710 ursi
430 674 475 710 et
495 670 586 722 lupi
604 669 742 709 foveis
763 673 1031 721 caperentur.

141 737 462 785 FRACEBUNT,
487 736 817 789 displicebunt.q

147 803 298 845 Frater
314 809 326 824 f
356 816 383 844 a
403 803 566 845 Graeco
583 803 727 844 dictus
747 806 816 844 est
839 802 1020 858 <pff-rme)
1042 803 1114 844 vel
1133 804 1250 857 quod
1272 805 1330 845 sit
1350 804 1441 846 sere
1459 804 1585 846 alter.

745 913 863 925 eeeeee

866 911 982 925 ‘‘‘‘‘

181 982 222 1009 20
246 979 254 996 ‘
274 979 343 1011 Pro
352 978 504 1018 forecula,
520 989 564 1011 m.
578 980 599 1011 l.
613 980 848 1019 habetforula.'
864 980 962 1012 Fulv.
980 979 1093 1011 Ursin.
1139 979 1207 1011 Alii
1224 980 1505 1018 lib1·is0rcula.-—1
1533 979 1585 1012 Al.

139 1020 261 1061 φράτωρ
266 1044 273 1053 .

790 1127 930 1159 NOTAE

139 1199 228 1235 navi,
245 1200 305 1232 sed
322 1201 422 1232 etiam
439 1212 500 1243 pro
524 1201 764 1243 negotiationis
783 1203 832 1234 lo-

140 1259 180 1280 co
193 1252 377 1282 masculine
400 1252 570 1284 dixerunt.
604 1252 654 1283 Ut
672 1253 832 1284 Lucilius.

139 1299 228 1331 Vide
244 1300 404 1333 Nouium.
438 1302 607 1333 Charisius
624 1302 681 1334 lib.
697 1312 721 1334 1.
745 1303 753 1319 ‘
770 1303 833 1333 Fo-

138 1359 212 1381 rum
238 1356 360 1382 neutro
391 1362 514 1391 genere
542 1352 696 1388 dicimus,
725 1354 833 1384 locum

137 1400 236 1431 rebus
259 1401 398 1441 agendis
421 1402 641 1443 destinatum,
673 1408 731 1434 aut
759 1413 834 1433 cum

137 1453 374 1484 commercium
387 1452 624 1494 significamus.
645 1453 834 1484 Masculine

137 1505 251 1531 autem
282 1502 431 1534 tabulata
462 1504 609 1543 navium,
639 1508 673 1534 et
702 1513 835 1543 semper

138 1551 325 1592 pluraliter,
338 1554 489 1594 quamvis
504 1554 636 1585 Gellius
653 1554 726 1585 fora
745 1555 833 1584 navi-

138 1610 193 1630 um
211 1603 411 1633 neutraliter
434 1602 573 1634 dixerit.
612 1604 657 1634 Et
685 1604 833 1634 Lucilius

137 1652 345 1690 negotiorum
368 1651 475 1682 forum
499 1653 683 1683 masculine
703 1653 834 1683 extule-

139 1701 192 1736 rit,
210 1700 268 1731 lib.
282 1711 337 1733 111.
362 1703 468 1733 Forus
481 1703 557 1733 olim
572 1709 711 1733 ornatus
726 1703 834 1733 lucer-

137 1750 211 1781 nis.’
235 1752 342 1782 Immo
359 1751 435 1783 falsi
452 1757 530 1783 sunt
544 1753 645 1783 etiam
663 1757 697 1784 et
714 1754 835 1784 Festus

138 1804 174 1831 et
205 1800 387 1840 Charisius,
417 1811 492 1832 cum
520 1801 688 1834 affirmant
699 1802 770 1840 forz'
793 1803 836 1834 de

138 1849 299 1881 tabulatis
311 1850 444 1881 navium
458 1851 721 1891 pluraliterdici.
748 1853 835 1883 Nam

138 1904 173 1930 et
188 1900 403 1940 singulariter
421 1901 547 1932 Ennius
560 1902 704 1933 extulit:
724 1903 733 1920 ‘
746 1903 837 1933 Mul-

139 1954 172 1979 ta
189 1948 262 1980 foro
280 1959 420 1990 ponens,
445 1961 594 1992 ageaque
610 1952 710 1992 ionga
730 1953 838 1993 reple-

139 1999 214 2030 tur?
257 2001 300 2031 Et
316 2001 456 2032 Sallust.

139 2050 233 2082 rum.'
268 2050 441 2082 Videlicet
453 2052 546 2090 forus
563 2056 615 2083 est
633 2052 751 2091 tabula,
775 2062 836 2084 un·

139 2101 182 2131 de
197 2101 206 2117 ‘
220 2100 327 2132 forum
344 2102 543 2133 aleatorium
556 2102 563 2115 '
579 2107 679 2133 vocat
694 2104 835 2134 Sueton.

139 2150 288 2182 tabulam
317 2151 387 2182 sive
415 2152 545 2183 alveum
573 2153 744 2184 lusorium.
789 2154 836 2185 Et

141 2201 271 2232 Gellius
295 2201 338 2232 de
354 2202 482 2233 Arione
504 2203 562 2234 lib.
578 2212 672 2234 xvir.
690 2213 764 2243 cap.
781 2206 833 2235 19.

139 2251 148 2267 ‘
166 2251 332 2291 Stansque
356 2252 388 2282 iu
420 2262 557 2284 summae
587 2254 711 2294 puppis
736 2253 834 2286 foro!

142 2301 236 2335 Fora,
253 2301 286 2332 id
303 2307 365 2341 est,
383 2303 509 2335 tabula.
538 2305 636 2335 Idem.

183 2356 205 2371 ¹¹¹
231 2351 307 2382 Fori
329 2351 507 2394 significant
533 2355 693 2385 Circensia
715 2357 833 2393 specta-

138 2400 222 2440 cula]
259 2401 335 2431 Hoc
358 2406 422 2440 est,
447 2403 522 2433 loca
541 2408 657 2435 erecta
672 2404 704 2434 in
723 2404 834 2443 Circo,

141 2451 229 2482 unde
245 2451 342 2481 ludos
358 2455 567 2490 spectarunt.
601 2453 713 2483 Livius
734 2454 792 2485 lib.
809 2462 834 2484 1.

139 2506 223 2532 sect.
248 2503 300 2531 36.
337 2503 345 2518 ‘
363 2501 447 2532 Tum
475 2502 616 2542 primum
644 2503 756 2541 Circo,
781 2503 837 2544 qui

141 2560 229 2582 nunc
243 2551 406 2582 maximus
422 2551 560 2591 dicitur,
574 2551 772 2591 designatus
794 2553 838 2582 lo-

493 2004 501 2018 ‘
521 2002 620 2033 Illum
650 2002 758 2034 nautis
785 2002 836 2033 fo-

143 2610 201 2632 cus
213 2605 278 2632 est.
311 2601 402 2633 Loca
417 2601 526 2634 divisa
548 2601 698 2642 patribus
714 2601 836 2642 equiti-

142 2651 281 2692 busque,
296 2652 354 2682 ubi
378 2653 574 2693 spectacula
601 2653 662 2684 sibi
692 2654 836 2693 quisque

142 2701 309 2742 facerent,
333 2701 397 2734 fori
420 2702 595 2744 appellati.
632 2703 836 2743 Spectavere

887 1201 991 1233 furcis
1009 1200 1182 1232 duodenos
1210 1200 1253 1232 ab
1280 1204 1371 1231 terra
1388 1200 1587 1240 spectacula

889 1253 957 1283 alta
981 1250 1230 1283 sustinentibus
1258 1250 1386 1291 pedes.’
1420 1250 1505 1281 Inde
1526 1261 1587 1292 per

889 1302 1146 1332 diminutionem
1164 1301 1246 1332 dicti
1269 1300 1383 1337 foruli,
1400 1300 1433 1330 id
1457 1306 1518 1336 est,
1536 1310 1587 1331 ar-

891 1351 1031 1382 mariola
1047 1352 1116 1382 sive
1132 1351 1281 1390 eapsulae
1298 1350 1355 1381 ubi
1378 1356 1589 1390 reponuntur

889 1401 978 1432 libri.
1002 1401 1139 1432 Sueton.
1155 1400 1302 1440 August.
1322 1410 1398 1440 cap.
1413 1404 1465 1432 31.
1489 1401 1588 1432 Idem.

933 1457 947 1471 ¹¹
970 1452 1047 1483 Imle
1060 1456 1091 1482 et
1104 1451 1226 1489 forare,
1244 1451 1390 1491 etsoras]
1405 1451 1511 1482 Immo
1530 1461 1587 1491 po-

891 1502 958 1534 tius
984 1513 1003 1533 a
1018 1502 1110 1540 foras
1122 1506 1173 1533 est
1191 1502 1309 1541 forum,
1322 1502 1426 1540 sorus,
1442 1505 1477 1532 et
1487 1502 1588 1541 foris,

890 1553 980 1584 unde
997 1553 1118 1590 forare.
1156 1552 1257 1582 Foras
1287 1557 1399 1582 autem
1424 1562 1442 1582 a
1469 1550 1587 1590 θύραζε.

890 1603 1019 1633 Forsan
1051 1603 1151 1633 etiam
1174 1601 1259 1639 foris
1295 1601 1410 1631 melius
1449 1612 1467 1632 a
1505 1601 1588 1641 θύρα.

890 1652 989 1684 Quod
1014 1651 1188 1691 Scaligero
1212 1656 1246 1681 et
1273 1651 1415 1682 Caninio
1447 1651 1587 1691 placuit.

891 1703 988 1733 Idem.

932 1758 946 1773 0
970 1751 1076 1792 For-ii]
1102 1751 1247 1782 Veteres
1272 1760 1332 1790 pro
1355 1751 1446 1788 fodio
1470 1751 1588 1782 dixere

882 1803 977 1841 faveo
1004 1807 1039 1833 et
1060 1803 1166 1841 foveo,
1187 1801 1281 1838 soz-ea
1310 1806 1345 1832 et
1365 1802 1484 1839 facea:
1509 1802 1587 1833 inde

891 1853 1030 1884 Foviz'et
1053 1853 1160 1891 Favii,
1177 1852 1234 1892 qui
1260 1857 1388 1892 postea,
1412 1863 1432 1882 u
1455 1856 1588 1884 mutato

892 1904 924 1934 in
940 1905 968 1940 b,
986 1903 1089 1934 Fabii.
1112 1903 1177 1933 Sed
1193 1902 1268 1933 vide
1281 1903 1453 1933 Plutarch.
1471 1903 1503 1933 in
1520 1904 1589 1934 vita

891 1954 988 1985 Fabii
1020 1953 1174 1985 Maximi.
1205 1953 1351 1983 Plinium
1386 1952 1446 1983 lib.
1478 1962 1587 1984 xvnt.

890 2014 966 2044 cap.
982 2007 1013 2035 3.
1037 2004 1137 2034 Idem.

931 2058 948 2079 P
973 2054 1027 2086 Ex,
1041 2063 1076 2084 ea
1092 2056 1184 2084 nutus
1195 2053 1252 2093 sit]
1275 2052 1374 2083 Hanc
1391 2052 1586 2083 Vindunam

891 2103 1040 2138 Evandri
1053 2103 1156 2134 filiam
1173 2108 1306 2133 vocant.
1333 2104 1429 2134 Idem.

931 2159 947 2180 ‘l
973 2154 1159 2188 Fracebuut,
1186 2153 1405 2193 displicebunt]
1458 2153 1588 2184 Fracem

888 2205 1034 2235 Veteres
1048 2204 1209 2235 dicebant
1240 2202 1361 2234 faecem
1388 2212 1586 2242 expressam

890 2265 931 2286 ex
959 2255 1054 2285 oleis.
1090 2253 1176 2284 Inde
1197 2253 1323 2291 fracere
1349 2258 1382 2283 et
1399 2252 1587 2293 fracescere,

890 2305 1099 2339 mollescere,
1133 2302 1318 2344 putrefieri,
1342 2307 1377 2333 et
1402 2303 1588 2343 corrumpi.

891 2355 1006 2386 Gloss.
1039 2355 1280 2386 ‘Fracescere,
1318 2352 1503 2390 ἐξίστασθαι,
1532 2352 1589 2383 de·

891 2403 1028 2439 mutari,
1043 2401 1239 2442 corrumpi!
1267 2401 1367 2441 Item,
1383 2402 1392 2419 ‘
1411 2402 1586 2443 Fracidus,

892 2454 1052 2492 ὑπέρωρος,
1070 2452 1223 2483 exoletus
1239 2451 1259 2481 τ’
1283 2455 1317 2481 et
1333 2452 1411 2492 quia
1427 2462 1501 2492 quae
1520 2452 1589 2484 fra-

891 2504 968 2535 cida
984 2508 1020 2533 et
1035 2506 1204 2541 corrupta,
1217 2510 1258 2532 ea
1273 2501 1380 2531 minus
1391 2505 1486 2539 grata
1498 2507 1588 2534 sunt.

892 2552 976 2583 Inde
993 2551 1119 2582 factum
1140 2554 1176 2580 ut
1190 2550 1315 2587 sincere
1341 2559 1401 2589 pro
1428 2551 1588 2590 displicere

890 2604 1036 2634 Veteres
1051 2599 1257 2640 usurparint.
1281 2600 1378 2630 Idem.

933 2659 943 2674 ¹
971 2652 1101 2691 Frater]
1126 2650 1282 2690 Nigidius
1304 2651 1366 2681 hoc
1389 2650 1479 2690 apud
1497 2651 1587 2683 Geli.

891 2704 949 2735 lib.
968 2712 1047 2735 xm.
1063 2711 1138 2741 cap.
1155 2703 1185 2732 3.
1210 2700 1287 2732 Ant.
1306 2701 1390 2750 sing.
