1835 2906
254 118 339 161 612
383 170 388 172 .

703 127 853 161 SEXTI
887 127 1091 160 POMPEII
1126 126 1264 159 FESTI

313 225 416 276 dici,
437 224 555 279 quod
575 224 799 279 porrigant
818 224 1095 266 frumentum.

254 294 439 344 Porcas,
462 306 564 347 quae
583 293 630 335 in
650 293 764 348 agris
794 293 917 344 fiunt,
948 291 1011 334 ait
1031 291 1195 342 Varr0,
1218 291 1335 347 quod
1360 292 1498 347 porri·
1540 292 1703 348 [FEs'r.

309 367 413 416 gant
430 361 706 404 frumentum.

254 430 387 472 Porci
417 428 583 483 effigies
612 431 721 472 inter
740 428 942 470 militaria
965 428 1091 481 signa
1112 429 1314 483 quintum
1332 428 1482 471 locum
1519 430 1702 484 [PAUL.

309 498 562 540 obtinebat:
605 499 710 552 quia
744 496 945 539 confecto
982 497 1118 548 bello,
1154 497 1264 538 inter
1296 509 1412 552 quos
1444 510 1536 552 pax
1564 498 1704 545 fieret,

307 579 429 608 caesa
449 579 588 620 porca
606 565 752 607 soedus
773 564 937 606 firmari
958 566 1147 608 solebat.

253 633 381 676 Porci
410 633 555 690 effigies
586 633 691 673 iuter
719 630 925 673 militaria
956 633 1084 686 signa
1115 633 1314 688 quintum
1338 632 1487 674 locum
1543 633 1705 685 [FEST.

308 702 530 753 obtinebat,
545 701 641 757 quia
654 698 831 756 confecto
850 699 977 751 bello,
993 700 1106 742 inter
1121 714 1237 755 quos
1254 701 1445 756 populos
1455 699 1703 756 paxfiebat,

307 784 354 810 ea
375 784 470 810 coesa
489 783 610 824 porca
619 767 782 825 foedere
801 768 962 810 firmari
984 769 1112 810 solet.

251 836 499 891 Porigamm
536 836 704 878 dixisse
736 837 906 891 antiqui
940 836 1159 887 videntur,
1187 849 1270 890 pro
1299 837 1534 891 porrigam,
1568 849 1704 891 prop-

307 911 378 947 ter
399 918 566 947 morem
588 918 674 947 non
708 905 1064 959 geminandarum
1090 905 1334 954 literarum,
1356 905 1493 947 ducto
1514 905 1650 947 verbo
1678 917 1706 946 a

305 987 440 1029 porro
470 987 636 1028 regam,
659 979 749 1025 aut,
770 974 808 1015 si
839 974 885 1015 id
914 973 1125 1015 frivolum
1157 973 1345 1024 videtur,
1375 986 1476 1015 cum
1507 977 1654 1027 aperte
1680 985 1704 1013 e

305 1043 401 1083 rivo
419 1054 566 1096 regam
586 1046 773 1084 tractum
797 1042 877 1083 sit:
895 1046 925 1071 ¹³
959 1041 1038 1083 sed
1059 1041 1230 1097 antiqui
1250 1041 1383 1083 etiam
1403 1053 1580 1096 porgam
1603 1040 1704 1082 dix-

306 1114 432 1151 erunt
451 1123 532 1164 pro
554 1110 788 1164 porrigam.

250 1176 494 1219 Porriciam
512 1183 528 1199 ¹¹
549 1190 629 1231 pro
651 1190 782 1230 porro
799 1177 982 1231 jaciam.

1523 1175 1701 1231 [PAUL.

251 1243 488 1286 Portenta⁰
506 1244 817 1286 existimarunt
836 1244 1015 1297 quidam
1038 1244 1189 1297 gravia
1208 1257 1317 1295 esse,
1334 1247 1508 1286 ostenta
1537 1243 1703 1296 [FEST.

305 1312 448 1354 bona:
480 1311 555 1352 alii
576 1316 781 1364 portenta
802 1312 1009 1366 quaedam
1030 1313 1162 1363 bona,
1187 1316 1360 1354 ostenta
1377 1311 1584 1366 quaedam
1603 1312 1702 1352 tris·

304 1379 369 1421 tia
390 1379 630 1434 appellari:
675 1383 877 1432 portenta
908 1393 1009 1433 quae
1040 1380 1147 1434 quid
1177 1393 1308 1434 porro
1340 1379 1559 1429 tendatur,
1586 1379 1702 1420 indi-

858 1498 975 1510 ιιιιιι

979 1498 1098 1512 eeeee

292 1567 331 1596 13
356 1564 550 1606 Legendum
567 1569 710 1597 monent
725 1565 819 1597 Scal.
832 1566 921 1597 Dae.
936 1576 1004 1597 cum
1019 1568 1124 1606 aperte
1148 1575 1164 1597 e
1186 1575 1244 1606 pro
1259 1574 1366 1605 regam
1379 1567 1514 1597 tractum
1527 1564 1580 1596 sit.
1624 1564 1704 1597 Vet.

249 1608 328 1641 cod.
347 1617 408 1649 pro
422 1608 489 1640 rivo
505 1618 614 1648 regam
631 1609 734 1641 habet
750 1609 818 1640 civo
834 1609 930 1649 regit.

902 1743 1042 1776 NOTAE

290 1834 312 1849 *η
328 1828 494 1870 Porigam]
510 1830 579 1862 Pro
588 1831 747 1871 porrigam
758 1831 904 1872 simplici
920 1841 947 1860 r.

247 1880 310 1912 Est
334 1885 447 1911 autem
472 1881 632 1921 porrigere
656 1891 722 1913 non
746 1891 765 1912 a
782 1891 876 1922 porro
898 1891 947 1913 re-

244 1939 334 1970 gere,
348 1935 387 1961 ut
403 1930 455 1961 Ιιίε
472 1935 573 1971 putat
589 1931 681 1963 Fest.
708 1931 768 1963 sed
793 1941 812 1962 a
837 1942 893 1973 per
912 1937 949 1963 et

244 1991 320 2020 rego
334 1992 345 2013 .·
369 1991 445 2013 nam
462 1991 477 2013 e
494 1983 585 2014 vocis
608 1993 664 2023 per
689 1988 839 2014 mutatur
859 1984 891 2014 in
909 1994 948 2014 ο.-

246 2032 348 2063 immo
365 2038 401 2064 et
417 2033 489 2073 ipse
509 2033 629 2065 Festus
654 2034 690 2066 id
717 2034 805 2065 infra
824 2034 945 2066 innuit.

248 2082 338 2113 Nam
356 2091 416 2123 pro
433 2083 497 2124 his,
512 2088 616 2124 aperte
631 2094 647 2116 e
670 2085 738 2115 rivo
760 2095 879 2125 regam,
899 2086 946 2116 le-

246 2133 408 2174 gendum,
424 2139 463 2165 ut
488 2134 600 2168 docet,
616 2135 705 2168 Scal.
728 2140 832 2176 operte
853 2146 868 2167 e
892 2146 947 2176 pro

244 2191 353 2222 regam
367 2186 502 2215 tractum
518 2185 562 2216 sie
573 2195 583 2215 .-
608 2185 672 2216 Pro
685 2186 857 2227 porrigere,
877 2195 947 2226 por-

242 2242 317 2272 gere
333 2232 493 2266 dicebant
509 2235 666 2267 Veteres.
702 2237 821 2277 Virgil.
845 2236 854 2252 ‘
871 2246 944 2277 por-

244 2284 314 2325 gite
331 2285 451 2325 pocula
463 2284 617 2318 dextris.'
634 2287 733 2318 Idem.

291 2339 305 2354 ¹¹
330 2334 525 2377 Porriciam]
550 2336 602 2368 Ex
622 2337 799 2378 disciplina
817 2336 946 2368 Harus-

245 2383 358 2423 picum
380 2386 571 2426 porriciendi
593 2387 731 2419 verbum
754 2386 946 2419 sacrifican-

246 2434 335 2466 tibus
352 2436 490 2467 solenne
506 2443 593 2474 erat,
610 2438 664 2479 qui
683 2438 822 2479 proprie
843 2438 945 2478 porri-

245 2492 311 2515 cere
333 2484 549 2526 dicebantur,
573 2497 648 2519 cum
673 2498 759 2520 caesa
782 2497 824 2519 ex
852 2488 946 2519 victi-

245 2534 322 2573 mis,
335 2539 369 2565 et
383 2536 538 2577 inspecta
552 2538 759 2580 diligentiuS,
774 2549 852 2570 num
866 2539 946 2579 quid

245 2583 321 2614 vitii
338 2585 515 2627 haberent,
536 2594 628 2629 exta,
643 2590 696 2620 vel
721 2598 896 2620 accensam
914 2589 946 2619 in

247 2642 353 2675 aram,
370 2636 422 2667 vel
445 2636 478 2667 in
503 2639 641 2670 alteram
663 2649 733 2670 rem
751 2649 791 2670 ex
809 2640 946 2680 proprio

248 2685 403 2718 sacrificii
442 2688 508 2719 ritu
553 2690 771 2727 conjicerent.

1002 1830 1161 1863 Pseudol.
1183 1836 1251 1863 act.
1268 1841 1293 1864 ι.
1318 1840 1365 1863 sc.
1381 1834 1414 1864 3.
1438 1831 1447 1848 ‘
1465 1840 1542 1862 nam
1558 1830 1585 1862 si
1601 1830 1701 1862 sacri-

1001 1881 1101 1913 ficem
1122 1892 1250 1914 summo
1273 1882 1351 1915 Jovi
1367 1881 1481 1923 Atque
1497 1881 1531 1912 in
1548 1879 1701 1912 manibus

1002 1937 1083 1963 exta
1114 1937 1262 1972 teneam,
1288 1937 1326 1964 ut
1352 1932 1546 1974 porriciam,
1572 1931 1703 1963 interea

1002 1983 1068 2014 loci
1091 1984 1126 2015 Si
1151 1984 1235 2016 lucri
1258 1984 1338 2025 quid
1363 1984 1473 2020 detur,
1495 1984 1608 2024 potius
1631 1993 1701 2014 rem

1003 2034 1151 2065 divinam
1167 2034 1345 2066 deseram.'
1390 2034 1436 2065 Et
1451 2033 1573 2074 Virgil.
1593 2042 1625 2064 v.
1644 2032 1701 2064 ΙΕ-

1001 2085 1090 2116 neid.
1113 2085 1122 2101 ‘
1134 2089 1281 2125 extaque
1292 2085 1397 2115 salsos
1409 2083 1558 2115 Pori-icit
1572 2083 1605 2113 in
1618 2081 1701 2114 fluc-

1002 2139 1055 2166 tus
1072 2139 1107 2166 et
1123 2135 1201 2166 vina
1224 2134 1387 2175 liquentia
1406 2133 1542 2165 fundit!
1590 2133 1701 2165 Porri-

1001 2194 1069 2215 cere
1083 2189 1196 2216 antem
1215 2194 1233 2215 a
1245 2184 1409 2224 porrigere
1425 2188 1490 2224 est,
1506 2194 1521 2215 c
1537 2184 1569 2214 in
1588 2194 1612 2223 g
1629 2194 1700 2215 mu-

1001 2238 1088 2275 tato,
1107 2239 1144 2265 ut
1159 2235 1168 2252 ‘
1183 2235 1311 2266 acitare
1322 2234 1330 2247 ’
1354 2244 1415 2275 pro
1438 2239 1447 2253 ‘
1460 2235 1613 2274 agitare:
1629 2235 1637 2251 ‘
1652 2235 1698 2265 le-

1000 2285 1115 2316 ciones
1127 2285 1136 2298 ⁹
1153 2295 1213 2325 pro
1228 2285 1237 2302 ‘
1253 2285 1428 2325 legiones‚'
1454 2284 1615 2316 dicebant
1632 2285 1699 2316 Ve-

1002 2338 1103 2366 teres.
1148 2335 1236 2366 Vide
1252 2339 1331 2375 post
1352 2335 1361 2352 ‘
1375 2333 1578 2376 profanum.'
1604 2335 1703 2366 Idem.

1043 2390 1057 2405 ⁰
1081 2386 1250 2425 Portenta]
1276 2385 1404 2417 Passim
1423 2386 1512 2425 apud
1528 2385 1698 2416 Classicos

1000 2435 1196 2477 scriptores,
1233 2437 1242 2454 ‘
1274 2434 1457 2477 portenta,'
1505 2436 1513 2452 ‘
1541 2434 1701 2473 ostenta,'

1000 2487 1008 2503 ‘
1034 2486 1205 2526 monstra,'
1250 2495 1312 2527 pro
1351 2485 1468 2516 eodem
1512 2490 1701 2525 sumuntur,

1001 2537 1088 2578 quod
1103 2535 1699 2577 portendant,ostendant‚moneant.

1001 2588 1090 2618 Vide
1107 2588 1115 2604 ‘
1131 2592 1314 2618 monstrum
1331 2591 1367 2617 et
1382 2584 1576 2616 ostentum.'
1614 2585 1697 2624 Sup-

1001 2640 1056 2679 ple
1082 2637 1171 2669 iufra
1195 2641 1345 2677 monstra,
1369 2646 1436 2677 quae
1462 2640 1644 2676 monstrent,
1667 2638 1698 2666 et

833 2690 945 2722 Plaut.
997 2689 1195 2730 praecipiant,
1212 2690 1263 2728 ξε.
1286 2688 1394 2720 Idem.
