1835 2906
191 99 275 141 636

633 109 654 138 S
666 108 781 139 EX'l'I
816 108 1014 138 POMPEH
1051 108 1189 139 FESTI

195 205 386 248 Praetor¹
418 205 475 246 ad
510 207 682 258 portam
715 217 832 245 nunc
867 203 1085 245 salutatur
1114 204 1170 254 is,
1198 204 1272 257 qui
1292 203 1338 244 in
1360 204 1636 258 provinciam

249 274 532 328 Propraetore
567 276 645 313 aut
680 271 954 313 proconsule
986 273 1104 313 exit:
1139 272 1267 325 eujus
1300 272 1363 312 rei
1391 285 1554 313 morem
1577 274 1641 314 ait

247 342 387 383 fuisse
418 340 601 382 Cincius
636 340 681 380 in
716 340 828 380 libro
864 339 919 379 de
955 338 1200 380 Consulum
1237 343 1457 392 potestate
1490 340 1640 381 talem.

248 409 450 451 Albanos
465 414 478 438 ⁵
508 422 650 450 rerum
671 408 833 462 potitos
855 421 999 461 usque
1022 407 1077 449 ad
1097 408 1275 449 Tullum
1299 407 1492 460 Regem:
1522 407 1641 449 Alba

249 477 408 519 deinde
431 477 574 518 diruta
593 489 735 531 usque
757 476 812 516 ad
833 476 886 516 P.
910 477 1096 517 Decium
1120 476 1293 517 Murem
1315 475 1419 516 Cos.
1440 477 1641 529 populos

249 545 434 586 Latinos
448 543 504 585 ad
521 549 657 597 caput
673 543 946 594 OEtentinae,⁶
964 544 1081 597 quod
1102 547 1170 584 est
1184 544 1265 583 sub
1282 548 1431 583 monte
1448 543 1641 593 Albano,

248 613 473 655 consulere
501 613 670 662 solitos,
707 616 750 653 et
784 613 1013 666 imperium
1049 611 1270 653 communi
1293 611 1480 652 consilio
1502 611 1642 652 admi-

248 682 440 722 nistrare.
502 681 660 734 Itaque
682 693 770 734 quo
792 693 902 721 anno
925 680 1153 721 Romanos
1175 680 1464 733 imperatores
1485 679 1540 720 ad
1564 692 1642 720 ex-

249 749 428 790 ercitum
447 749 620 790 mittere
637 753 859 802 oporteret
869 748 1002 802 jussu
1019 748 1206 789 nominis
1224 747 1373 788 Latini
1391 747 1642 800 complures

247 822 421 858 nostros
453 817 495 857 in
523 816 747 870 Capitolio
767 830 793 858 a
812 818 904 858 sole
925 818 1087 858 oriente
1109 815 1321 868 auspic-iis
1342 828 1518 869 operam
1539 815 1642 855 dare

247 885 418 926 solitos.
466 885 557 926 Ubi
581 898 685 926 aves
705 885 993 935 addixissent,
1012 885 1195 926 militem
1216 884 1356 933 illum,
1379 883 1454 937 qui
1477 896 1504 924 a
1524 895 1643 924 com-

248 954 366 994 muni
399 954 531 995 Latio
566 953 726 994 missus
758 957 892 1003 esset,
923 954 1060 1003 illuni,
1090 966 1214 1006 quem
1239 965 1344 992 aves
1367 951 1644 1000 addixerant,

249 1020 498 1062 Praetorem
525 1021 713 1062 salutare
737 1021 930 1071 solitum,
951 1021 1027 1074 qui
1050 1034 1145 1062 eam
1179 1020 1451 1074 provinciam
1473 1019 1644 1060 obtine-

249 1092 314 1128 ret
333 1089 532 1141 praetoris
554 1089 747 1130 nomine.

193 1154 412 1195 Praetoria
442 1153 631 1196 cohorsk
661 1160 729 1196 est
754 1155 888 1205 dicta,
918 1155 1038 1209 quod
1066 1168 1092 1197 a
1113 1156 1314 1197 Praetore
1343 1168 1428 1196 non
1466 1154 1646 1208 [PAUL.

802 1254 919 1266 eeeeee

922 1254 1042 1266 ‘‘‘‘‘‘

249 1323 267 1350 5
292 1320 369 1350 Vet.
395 1319 470 1350 cod.
498 1320 718 1353 Albanus.—6
742 1319 804 1351 Vir
834 1319 927 1352 doct.
953 1320 986 1351 in
1018 1329 1125 1362 marg.
1151 1319 1206 1351 ed.
1233 1319 1321 1351 Scal.
1343 1319 1431 1359 conj.
1451 1318 1640 1350 Ferentinoe.

193 1362 279 1394 Vide
297 1363 421 1394 Notas.

846 1450 994 1483 NOTAE

237 1527 244 1547 ¹
267 1527 409 1568 Proetor]
431 1528 535 1559 Totus
558 1528 613 1559 hic
639 1528 733 1559 locus
751 1527 782 1558 in
801 1531 893 1558 cete-

193 1577 238 1608 ris
256 1578 351 1608 libris
368 1578 498 1610 deerat.
544 1579 583 1610 In
601 1588 666 1620 quo
680 1578 776 1617 illud,
793 1580 832 1609 ad
844 1589 893 1609 ca·

191 1632 247 1668 put
266 1629 452 1669 OEtentz'nae,
469 1629 547 1670 quid
562 1630 618 1667 sit,
649 1629 780 1670 ignoro.
827 1628 893 1659 Sed

194 1687 236 1708 ex
255 1679 417 1719 Dionysio
434 1679 489 1710 lib.
507 1689 559 1710 iv.
576 1685 611 1710 et
627 1688 661 1709 v.
680 1683 813 1710 constat
831 1679 893 1709 La-

193 1728 282 1760 tinos
328 1730 471 1769 populos
506 1735 694 1761 conventus
736 1729 895 1759 habuisse

193 1779 389 1818 Ferentini;
419 1785 454 1811 et
474 1781 585 1811 Livius
602 1780 657 1810 lib.
676 1790 698 1810 1.
716 1779 757 1810 ad
784 1780 896 1810 lucum

196 1831 390 1862 Ferentinae
403 1833 602 1862 convenisse
615 1832 751 1862 Latinos
765 1831 897 1871 scribit,

195 1885 229 1911 et
248 1881 346 1921 paulo
363 1886 451 1921 post,
467 1881 508 1912 ad
527 1887 632 1922 caput
646 1891 740 1922 aqnae
768 1882 896 1912 Feren-

194 1931 274 1962 tinae
298 1932 450 1962 'rm-num
474 1932 648 1972 dejectum
674 1933 799 1964 fuisse:
839 1933 895 1963 Sic

194 1981 298 2022 igitur
311 1981 528 2013 scribendum
546 1988 598 2014 est
614 1984 653 2013 ad
669 1987 758 2023 caput
777 1984 894 2014 Feren-

194 2032 343 2071 tinae,vel
358 2033 397 2063 ad
409 2036 498 2073 caput
511 2043 598 2073 aquae
611 2034 800 2065 Fereulz'noe.
815 2034 895 2065 Ant.

195 2083 286 2124 Aug.

239 2134 366 2165 Praetor
379 2135 420 2165 ad
432 2133 568 2174 portam]
583 2134 668 2166 Quae
682 2138 779 2175 porta
796 2134 837 2166 ab
855 2144 896 2166 eo

195 2184 361 2216 Salutaris
391 2185 496 2216 dicta.
553 2184 642 2215 Vide
680 2187 689 2202 ⁶
703 2184 895 2216 Salutaris.'

195 2234 291 2267 Infra
318 2235 501 2275 legendum
532 2240 569 2266 ut
595 2235 628 2265 in
653 2239 722 2266 vet.
749 2235 895 2266 cod.Al-

195 2285 289 2316 bunos
302 2295 404 2317 rerum
418 2287 533 2325 potitos
544 2295 638 2325 usque
653 2286 693 2315 ad
713 2284 831 2316 Tullum
846 2295 895 2316 re·

193 2345 277 2375 gem,
293 2336 374 2367 Alba
383 2337 491 2367 deinde
506 2336 611 2366 diruta
629 2345 721 2376 usque
732 2337 772 2366 ad
783 2336 819 2367 Ρ.
830 2337 894 2368 De-

197 2388 277 2417 cium
294 2389 429 2423 Illurem,
447 2390 533 2418 (σεε.
554 2388 678 2427 populos
704 2387 835 2418 Latinos
856 2389 896 2418 ml

197 2441 287 2476 caput
314 2438 500 2471 Ferentinoe,
534 2438 613 2478 quod
640 2441 685 2468 est
710 2437 766 2467 snb
795 2441 897 2468 monte

196 2487 330 2526 Albano,
349 2490 401 2527 eye.
448 2488 509 2518 Ait
538 2488 652 2518 diruta
679 2487 766 2517 Alba
790 2497 896 2527 usqne

198 2537 240 2568 ad
258 2538 403 2568 Decium
429 2539 564 2569 Murem
589 2538 730 2577 populos
758 2538 898 2568 Latinos

197 2588 363 2620 Consules
385 2587 691 2619 consulere-fuisse
717 2588 832 2619 solitos
855 2588 898 2619 ad

200 2642 306 2678 caput
334 2638 537 2677 Ferentium,
559 2643 594 2669 et
614 2638 790 2679 imperium
808 2648 897 2669 com-

200 2688 291 2721 muni
315 2688 455 2720 consilio
475 2688 722 2721 administrare.
772 2689 898 2720 Feren-

949 1528 1010 1559 tini
1027 1533 1140 1559 autem
1165 1529 1353 1559 conventus
1379 1525 1518 1557 Latinos
1542 1533 1649 1564 popu·

950 1580 999 1610 los
1026 1579 1182 1610 habuisse
1210 1588 1251 1609 ex
1277 1577 1371 1608 Livio
1398 1575 1454 1606 lib.
1481 1584 1504 1606 1.
1531 1579 1648 1605 notum

950 1636 1012 1661 est.
1054 1630 1107 1661 Aa
1124 1632 1216 1668 caput
1235 1632 1347 1659 antem
1367 1625 1553 1659 Ferentinae,
1571 1633 1650 1664 sup-

951 1681 1006 1720 ple
1020 1689 1119 1720 aquoe.
1163 1679 1218 1709 Sic
1239 1677 1352 1708 Livius
1369 1676 1427 1707 lib.
1451 1685 1475 1706 1.
1502 1684 1570 1706 sec.
1594 1677 1648 1705 51.

951 1731 993 1761 (le
1009 1732 1122 1761 Turno
1137 1740 1144 1760 ε
1170 1729 1180 1745 ‘
1199 1728 1360 1768 Dejectus
1376 1726 1418 1757 ad
1434 1730 1537 1765 capnt
1554 1733 1650 1766 aquae

951 1779 1165 1813 Ferentinae?
1208 1779 1345 1819 ‘Caput
1370 1775 1488 1818 aquae‚'
1521 1775 1554 1806 id
1584 1779 1649 1811 est,

951 1832 1039 1865 fons.
1084 1831 1210 1863 Horat.
1227 1830 1295 1860 Od.
1313 1832 1343 1859 1.
1361 1828 1419 1859 lib.
1432 1837 1457 1858 1.
1474 1827 1483 1843 ‘
1496 1827 1595 1858 Nunc
1607 1825 1650 1856 ad

951 1893 1047 1924 aquae
1064 1883 1140 1913 lene
1157 1885 1262 1921 caput
1278 1877 1406 1910 sacrae.’
1431 1878 1511 1908 Dac-

991 1933 1006 1953 ’ί
1032 1933 1189 1964 Proecoria
1211 1929 1334 1969 cohors]
1358 1928 1463 1960 Initio
1481 1928 1650 1958 Praetores

950 1988 1046 2016 erant
1061 1983 1117 2024 qui
1148 1980 1271 2013 deinde
1298 1979 1485 2011 Consules:
1515 1977 1536 2007 ii
1562 1977 1652 2008 bella

952 2032 1246 2066 administrabant,
1268 2034 1303 2062 et
1326 2029 1368 2060 ab
1392 2029 1432 2059 iis
1455 2030 1464 2045 ‘
1483 2027 1652 2058 Praetoria

952 2084 1094 2122 cohors‚’
1116 2093 1190 2124 qnae
1216 2082 1258 2113 ad
1280 2082 1472 2112 Praetor-um
1497 2078 1651 2117 tutelam,

952 2140 1073 2176 ‘porta
1112 2131 1299 2165 Praetoria’
1332 2130 1366 2160 in
1404 2129 1536 2167 castris,
1576 2136 1651 2168 qnae

951 2185 1154 2216 Praetorium
1172 2181 1412 2223 spectabat,et
1427 2180 1538 2219 ipsum
1557 2178 1652 2209 Prae-

951 2236 1086 2275 torium,
1103 2233 1268 2265 Praetoris
1291 2231 1560 2267 tabernaculum,
1581 2229 1652 2261 dic·

950 2291 1020 2317 tum
1033 2296 1041 2324 3
1053 2295 1128 2327 quae
1144 2284 1278 2315 nomina
1292 2287 1367 2323 post
1377 2281 1526 2312 deletum
1543 2280 1652 2320 ipsum

950 2337 1143 2367 Praetorum
1154 2343 1274 2365 nomen
1287 2336 1470 2372 usurpata:
1491 2331 1554 2362 sub
1567 2331 1654 2362 Con·

951 2387 1076 2418 sulibus
1090 2386 1219 2417 scilicet
1235 2389 1270 2414 et
1288 2381 1568 2423 Imperatoribus.
1597 2379 1653 2411 Ad

951 2437 1143 2477 exemplum
1175 2434 1353 2465 Praetoriae
1383 2431 1545 2469 cohortis,
1577 2441 1653 2472 qnae

953 2487 986 2517 in
1013 2486 1166 2517 exercitu
1191 2484 1233 2514 ad
1257 2483 1398 2514 tutelam
1418 2481 1654 2521 Imperatoris,

953 2536 1129 2577 Angustus
1146 2543 1267 2565 novem
1284 2531 1572 2563 Praetorianorum
1596 2539 1651 2561 co-

953 2586 1068 2617 hortes
1096 2584 1193 2624 fecit,
1222 2592 1297 2625 quae
1328 2586 1363 2614 et
1390 2585 1508 2622 postea
1540 2585 1650 2611 auctae

954 2640 1042 2669 sunt·
1066 2636 1163 2668 Idem.
