1835 2906
200 107 284 150 380

645 119 792 150 SEXTI
829 119 1032 149 ΡΟΜΡΕΙΙ
1069 119 1208 150 FESTI

259 213 362 265 goni
384 211 485 260 filia,
519 225 650 266 quam
683 213 868 255 Tusculi
903 218 1225 267 procreaverat,
1256 215 1500 268 quandoid
1523 219 1649 273 oppi-

260 280 362 319 dum
382 279 481 333 ipse
504 280 788 322 condidisset.
808 286 844 304 ²0

203 346 490 400 Mamphulat
516 349 763 402 appellatur
797 350 926 403 panis
967 349 1138 402 Syriaci
1171 363 1319 403 genus,
1342 350 1476 404 quod,
1507 356 1556 392 ut
1586 351 1651 392 ait

259 413 459 465 Verrius,
490 416 536 456 in
566 417 738 458 clibano
779 420 890 462 ante,
923 430 1054 471 quam
1086 422 1392 471 percoquatur,
1421 411 1589 459 decidit
1608 419 1653 459 in

258 483 471 524 carbones
506 485 800 538 cineremque,
835 484 959 538 cujus
995 484 1190 526 meminit
1213 485 1451 526 Lucilius:
1496 485 1653 526 Pistri-

260 562 356 590 cem
375 551 566 592 validam
585 557 596 576 ¹
621 552 660 593 si
678 551 843 592 nummi
865 552 1228 605 suppeditabunt,
1247 550 1402 593 Addas
1417 557 1432 574 ²
1453 553 1651 606 empleu-

261 629 354 663 ron,
374 618 648 672 mamphulas
671 631 772 673 quae
795 619 911 660 sciat
933 632 1101 660 omnes.

207 683 444 739 Mamphur
461 691 472 716 ³
488 691 504 708 ¹¹
531 686 781 741 appellatur
801 686 899 728 loro
916 687 1280 730 circumvolutum
1301 687 1537 729 mediocris
1557 686 1653 728 lon—

812 807 928 819 eeeee

931 806 1049 818 ooooo

247 897 290 925 20
313 895 407 926 Vett.
422 895 504 928 libb.
520 900 566 928 est
581 898 811 936 appellum—1
840 896 901 928 Ed.
916 897 1004 928 Scal.
1020 896 1198 927 validm—2
1222 895 1368 928 Quidam
1396 895 1447 926 vir
1471 894 1593 927 doctus
1620 895 1654 925 in

204 946 311 978 marg.
327 937 380 969 ed.
396 938 487 970 Scal.
505 939 646 980 conjicit
661 940 787 971 Addam
807 940 860 971 vel
885 941 924 970 ad
945 940 1144 971 classem—3
1170 938 1223 970 Id.
1236 939 1268 970 in
1286 938 1360 970 ead.
1375 939 1460 978 conj.
1483 937 1657 979 Mimphur.

862 1061 1002 1094 NOTAE

207 1148 340 1189 Ulyssis
357 1153 392 1180 et
408 1148 525 1180 Circes
547 1148 630 1188 filio,
653 1158 758 1189 genus
775 1149 902 1180 ducere

206 1198 397 1234 dicebatur,
416 1198 530 1230 Livius
553 1199 612 1230 lib.
632 1208 658 1231 1.
680 1200 823 1241 Dionys.
846 1199 903 1231 lib.

206 1258 258 1279 ιν.
284 1249 420 1280 Primus
433 1249 515 1281 civis
536 1250 703 1282 Romanus
720 1260 762 1282 ex
779 1251 840 1282 bac
856 1249 903 1282 fa-

206 1298 298 1330 milia
316 1299 354 1330 L.
372 1299 556 1336 Mamssius,
572 1300 614 1332 C.
628 1301 769 1336 Nautio,
784 1301 822 1332 L.
838 1301 903 1331 Mi-

207 1349 310 1380 nucio
325 1349 419 1380 Coss.
442 1350 515 1380 Liv.
542 1350 600 1382 lib.
617 1359 675 1383 ιιι.
704 1351 793 1382 Vide
810 1351 819 1367 ‘
834 1351 904 1383 Oc-

204 1398 307 1430 tober
322 1399 452 1440 equus!
469 1400 548 1432 Ant.
563 1401 649 1440 Aug.

248 1451 614 1492 Blamiliorumfamilia]
650 1452 802 1483 Mamilia
823 1461 904 1494 gens

204 1501 349 1533 Plebeia
373 1501 449 1541 fuit,
464 1508 500 1534 et
525 1512 545 1534 a
572 1503 724 1534 Mamilia
745 1503 907 1544 Telegoni

206 1551 273 1583 filia
284 1562 406 1584 nomen
418 1558 454 1584 et
465 1554 630 1595 originem
645 1555 784 1586 traxisse
800 1554 907 1595 scrip-

207 1608 299 1634 tores
315 1602 385 1634 fere
402 1613 518 1636 omnes
535 1605 763 1636 consentiunt.
807 1605 906 1636 Tele-

208 1663 316 1693 gonus
342 1660 453 1686 autem
480 1655 613 1696 Ulyssis
630 1661 665 1687 et
688 1656 802 1688 Circes
818 1655 906 1687 filius

206 1705 387 1735 Tusculum
420 1705 454 1736 in
491 1706 589 1737 Latio
619 1706 786 1747 condidit,
816 1706 905 1747 quod

206 1755 283 1786 ideo
306 1756 473 1787 Circaeum
495 1757 628 1788 vocavit
648 1757 769 1790 Horat.
803 1758 813 1776 ⁴
833 1757 905 1788 Nec

207 1810 246 1836 ut
261 1806 396 1846 superui
414 1806 492 1838 villa
516 1807 664 1838 candens
685 1808 823 1840 Tusculi
836 1808 908 1840 Cir-

208 1865 279 1887 caea
295 1861 412 1895 tangat
429 1856 574 1889 moenia.'
598 1858 681 1889 Duc.

249 1909 259 1928 2
283 1907 482 1947 Mamphula]
506 1908 578 1947 Ego
600 1909 668 1939 scio
691 1908 724 1939 in
743 1908 908 1940 Hebraeo-

209 1967 283 1989 rum
300 1959 548 1989 commentariis
563 1958 718 1999 Manplzul
733 1968 806 1990 esse
818 1969 909 1990 man-

210 2008 322 2048 cipem
357 2008 588 2049 pistrinorum,
626 2010 849 2051 depravatum
890 2021 909 2042 a

209 2058 332 2090 Graeco
344 2059 538 2097 μονοπώλης.
563 2060 682 2101 Neque
694 2060 814 2093 dubito
827 2063 908 2103 quin

210 2109 393 2149 mamphula
419 2109 453 2140 in
482 2109 641 2141 traduces
668 2110 817 2151 Syriacae
846 2112 908 2142 lin-

212 2170 286 2200 guae
312 2170 355 2191 ex
382 2161 524 2192 matrice
555 2160 694 2193 Graecia
723 2167 909 2202 propagata

210 2212 264 2242 sit.
331 2211 387 2243 Sic
424 2212 457 2242 in
494 2212 638 2242 Daniele
679 2212 909 2244 vetustissimo

211 2262 378 2302 scriptore
395 2262 551 2293 Graecum
573 2268 626 2293 est
649 2263 829 2294 Psanteriu
847 2273 909 2304 pro

211 2313 393 2351 psalterio:
427 2313 473 2344 sic
494 2313 526 2344 in
552 2314 833 2354 Paralipomeuis,
851 2324 909 2345 seu

214 2364 403 2403 Chronicis,
420 2364 568 2404 Rapsod.
586 2363 668 2403 παρὰ
690 2364 727 2395 τὸ
751 2365 910 2404 ῥαψῳδεῖν.

212 2414 342 2444 Versus
369 2415 488 2446 Lucilii
508 2415 556 2446 ita
580 2415 705 2456 legito:
742 2416 911 2447 Pistricem

214 2464 348 2494 validam
363 2466 390 2494 si
407 2466 521 2496 nummi
536 2466 787 2506 suppeditabunt,
800 2466 911 2498 Aditus

213 2515 398 2554 empleuron,
413 2516 604 2555 mamphulas
618 2527 685 2556 quoe
699 2516 779 2547 sciat
795 2526 910 2548 omnes.

214 2564 293 2597 Non
315 2564 432 2599 solum,
451 2566 594 2597 validam
617 2567 707 2607 dico,
725 2567 797 2604 sed,
821 2568 910 2610 quod

214 2614 320 2654 magis
337 2618 402 2653 est,
419 2613 599 2656 ἔμπλευρον.
623 2618 693 2648 Jos.
710 2618 795 2650 Scal.

256 2665 453 2708 Mamphula]
484 2667 599 2699 Genus
627 2670 738 2709 operis
767 2670 911 2710 pistorii.

958 1149 1083 1179 Versus
1106 1148 1248 1180 Lucilii:
1276 1146 1446 1178 Pistricem
1468 1145 1603 1176 validam
1630 1145 1658 1175 si

957 1199 1076 1230 nummi
1089 1197 1340 1239 suppeditabunt,
1350 1196 1458 1227 Addas
1467 1194 1604 1234 ἔμπλευρ
1610 1206 1656 1232 ον,

957 1249 1146 1290 mamphulas
1160 1259 1228 1290 quae
1242 1249 1319 1279 sciat
1335 1256 1449 1278 omnes.
1490 1245 1567 1277 Hoc
1582 1250 1635 1276 est
1650 1255 1657 1275 ε

957 1301 966 1317 ‘
982 1301 1018 1332 Si
1041 1301 1167 1331 nummi
1191 1297 1460 1340 suppeditabunt
1484 1295 1656 1337 pistricem

959 1349 1116 1390 validam,
1141 1351 1241 1381 immo
1266 1354 1314 1389 et,
1340 1347 1430 1389 quod
1460 1346 1568 1386 magis
1593 1351 1657 1386 est,

960 1400 1142 1441 ἔμπλευρον,
1178 1409 1253 1441 quae
1298 1399 1385 1430 sciat
1430 1396 1659 1437 omnigeneris

959 1451 1168 1492 mamphulas
1183 1448 1335 1485 condire,
1351 1446 1512 1479 efficere.'
1559 1446 1659 1477 Hunc

958 1503 1068 1534 locum
1086 1501 1207 1533 Lucilii
1222 1499 1393 1531 intellexit
1409 1499 1519 1530 Varro
1535 1497 1592 1528 lib.
1607 1506 1659 1528 ιν.

960 1545 1009 1584 de'
1019 1553 1056 1584 L.
1070 1552 1111 1583 L.
1135 1553 1144 1569 ‘
1159 1550 1245 1583 Inde
1263 1551 1372 1591 pistor
1388 1550 1439 1581 vel
1458 1548 1577 1583 Lucilii
1594 1548 1660 1589 pis-

960 1604 1051 1636 trina
1074 1608 1109 1635 et
1134 1601 1278 1644 pistrix.’
1325 1601 1428 1633 Nunc
1452 1600 1534 1632 illud
1557 1609 1661 1640 nego-

960 1655 1044 1687 tium
1071 1653 1221 1694 facessit,
1243 1662 1365 1693 nempe
1392 1650 1480 1693 quod
1506 1651 1659 1682 eVerrio

960 1706 1046 1737 dicit
1062 1706 1184 1737 Festus
1206 1703 1413 1744 mamphulam
1435 1701 1560 1733 dictam
1580 1703 1660 1742 quod

959 1757 1080 1788 decidat
1097 1756 1129 1787 in
1142 1755 1307 1791 carbonem
1323 1758 1358 1785 et
1372 1762 1453 1784 sane
1470 1751 1661 1783 verisimilis

962 1807 1133 1839 Francisci
1154 1805 1249 1839 Junii
1274 1804 1483 1844 conjectura,
1508 1803 1565 1844 qui
1581 1811 1660 1834 cen-

961 1864 1014 1890 set
1034 1868 1108 1890 esse
1134 1868 1153 1888 a
1181 1856 1285 1888 verbo
1307 1855 1444 1895 Nuptan,
1469 1853 1502 1885 id
1525 1857 1589 1894 est,
1605 1862 1661 1884 ca-

961 1909 1054 1940 dere.
1100 1908 1223 1949 Neque
1242 1906 1284 1937 ab
1307 1915 1347 1937 eo
1365 1905 1539 1936 dimovere
1556 1903 1662 1935 debet

959 1959 1123 1999 Scaliger,
1147 1958 1204 1999 qui
1227 1961 1344 1988 censet
1369 1955 1598 1996 Mamphulam
1626 1954 1660 1984 in

961 2011 1188 2043 Hebraeorum
1206 2007 1459 2040 commentariis
1479 2015 1553 2037 esse
1571 2014 1662 2037 man-

960 2063 1073 2102 cipem
1091 2061 1322 2102 pistrinorum,
1344 2067 1396 2099 ac,
1417 2062 1454 2088 ut
1470 2057 1577 2088 multa
1595 2056 1660 2086 alia

964 2111 1116 2153 Syriaca,
1143 2110 1191 2142 ita
1213 2109 1276 2140 hoc
1302 2117 1322 2138 a
1346 2107 1471 2139 Graeco
1494 2105 1588 2137 fonte
1607 2115 1661 2136 ve-

962 2162 1048 2200 nire,
1073 2165 1154 2201 puta
1171 2170 1190 2190 a
1214 2157 1410 2198 μονοπώλης,
1432 2166 1506 2188 nam
1529 2160 1662 2187 certum

963 2217 1016 2243 est
1032 2211 1260 2251 Mampliulam
1278 2209 1332 2240 hic
1351 2207 1480 2239 Lucilio
1501 2216 1566 2237 non
1595 2206 1662 2246 pis-

963 2262 1097 2300 tricem,
1127 2260 1187 2291 sed
1215 2269 1300 2300 opus
1331 2258 1509 2299 pistorium
1536 2255 1663 2297 signifi-

964 2321 1053 2344 care.
1087 2312 1275 2347 Praeterea,
1291 2315 1329 2340 ut
1345 2308 1473 2350 optime
1483 2308 1581 2338 Voss.
1598 2315 1662 2337 non

964 2363 1182 2404 pistrinorum
1196 2360 1376 2397 duntaxat,
1390 2358 1449 2390 sed
1465 2358 1565 2389 etiam
1582 2357 1663 2388 alio-

965 2423 1037 2444 rum
1069 2417 1166 2444 erant
1203 2410 1408 2449 monopolia,
1446 2408 1598 2448 adeoque
1628 2406 1662 2437 in

966 2464 1190 2495 Hebraeorum
1218 2458 1470 2491 commentariis
1500 2456 1662 2496 mancipi-

966 2517 1027 2548 bus
1045 2515 1263 2556 pistrinorum
1283 2522 1302 2542 a
1325 2511 1464 2552 pistorio
1479 2509 1541 2539 hoc
1557 2516 1662 2548 opere

966 2566 1171 2607 Mampliulis
1191 2572 1312 2594 nomen
1337 2560 1439 2592 fuisse
1456 2559 1560 2600 magis
1578 2559 1661 2589 veri-

968 2617 1075 2648 simile
1092 2620 1154 2646 est.
1178 2614 1258 2644 Duc.

1011 2674 1022 2688 ¹¹
1050 2665 1232 2706 Mumphur]
1268 2661 1367 2696 Quod
1396 2666 1445 2693 est
1479 2661 1596 2692 sucula
1628 2659 1660 2691 in
