1835 2906
174 138 229 177 524
656 146 705 175 M.
739 144 909 174 verum
948 143 1124 173 maxe-cr

231 242 482 284 Turrhenos
503 241 714 281 Etruscos
737 240 953 293 appellari
974 239 1131 280 solitos
1155 238 1216 278 ait
1239 237 1433 287 Verrius,
1457 251 1482 279 a
1504 238 1612 279 Tur-

179 312 307 352 rheno
328 310 440 350 duce
463 308 697 362 Lydorum,
714 309 793 348 διο.

235 378 474 419 Vacerram
495 375 675 417 Verrius
705 381 751 415 et
775 374 852 416 alii
874 374 1117 428 complures
1139 375 1286 415 vocari
1316 374 1465 416 dicunt
1491 375 1617 428 stipi-

178 453 282 496 tem,
307 446 362 486 ad
384 458 512 498 quem
535 457 674 497 equos
696 443 894 484 solebant
919 442 1114 495 religare.

236 513 412 562 Vineae,
434 515 481 551 ut
505 510 685 551 Verrius
707 510 924 564 praecipit,
947 509 1066 562 quod
1083 510 1170 550 vini
1193 509 1361 550 feraces
1387 510 1488 559 sint,
1507 512 1584 550 διο.

344 834 428 880 Μ.
479 832 723 881 VERRII
781 831 1031 879 FLACCI
1087 829 1466 878 EPISTULAE.

244 960 321 1002 NA
333 972 363 1000 M
398 962 549 1002 crebro
580 962 624 1001 in
663 962 853 1015 antiquis
879 959 1144 1001 lectionibus
1176 958 1404 1007 invenitur,
1442 955 1556 996 sicut
1586 950 1629 991 in

189 1030 393 1082 epistulis
415 1029 572 1082 probat
588 1028 771 1069 Verrius
795 1029 985 1069 Flaccus
1007 1026 1242 1080 exemplis,
1265 1024 1544 1069 auctoritate,
1562 1031 1632 1059 ra-

190 1097 309 1137 tione
331 1097 479 1138 dicens
501 1097 543 1136 in
569 1097 788 1138 adverbiis
820 1109 899 1149 pro
920 1094 979 1145 V,
1003 1094 1040 1134 O
1065 1096 1320 1148 plerumque
1341 1091 1532 1145 majores
1554 1101 1634 1144 po·

191 1178 288 1207 nere
321 1170 578 1214 consuetos,
613 1170 658 1205 et
687 1165 750 1205 sic
772 1177 852 1218 pro
878 1162 988 1213 Huc,
1015 1161 1121 1212 Hoc,
1142 1161 1326 1203 Veteres
1348 1159 1494 1200 dicere
1517 1158 1631 1200 sole—

191 1233 311 1283 bant,
327 1234 437 1274 sicut
457 1246 534 1286 pro
556 1231 669 1282 illuc,
692 1231 783 1273 illoc
805 1232 1025 1273 dicimus.Z

371 1541 453 1587 M.
512 1540 756 1589 VERRH
813 1539 1061 1586 FLACCI
1119 1538 1479 1586 CARMINA.

451 1672 745 1746 Blandilusque
767 1689 882 1730 labor
900 1688 1012 1729 molli
1034 1688 1244 1728 curabitur·
1264 1694 1383 1727 ανιέε.ἐι

515 1822 797 1866 INCERTA
828 1822 1059 1863 VERRII
1098 1820 1340 1862 FLACCI.

264 1934 587 1981 SAEvlTrAQUE
609 1944 761 1972 eorum
778 1930 1096 1971 abominaretur
1118 1929 1174 1968 ab
1194 1926 1480 1969 hominibus.¹’

264 2000 461 2041 Festinat
495 2013 522 2040 a
553 1999 686 2039 fando
719 1998 878 2039 dicitur
901 2012 909 2036 ι
941 1996 1151 2050 quoniam
1182 1995 1251 2035 isti
1280 1995 1539 2047 ignaviores,
1575 1994 1649 2046 qui

207 2068 316 2109 nihil
337 2067 543 2121 perficere
564 2071 765 2120 possunt,
787 2066 887 2119 plus
907 2065 1153 2113 verborum,
1171 2075 1301 2116 quam
1316 2074 1462 2115 operae
1479 2061 1652 2101 habent.

211 2136 298 2177 Sed
318 2136 363 2176 id
384 2135 511 2176 nimis
532 2139 752 2183 coactum,
770 2137 900 2187 atque
919 2131 1164 2173 absurdum
1182 2130 1368 2180 videtur,
1389 2129 1527 2182 inquit
1547 2128 1653 2170 Gel—

212 2205 329 2245 lius.C

271 2271 414 2324 Caper
433 2269 623 2311 ostendit
641 2269 695 2310 de
717 2268 862 2309 dubiis
880 2267 1105 2320 generibus
1124 2264 1326 2306 Verrium
1346 2265 1554 2306 Flaccum
1578 2277 1656 2317 po-

220 2339 358 2379 suisse
380 2339 544 2379 alecem
567 2338 680 2378 hanc
701 2332 888 2377 dicens.d

275 2404 449 2447 Alicam
480 2406 573 2446 sine
602 2404 872 2459 aspiratione
910 2402 1072 2444 dictam
1108 2400 1290 2441 Verrius
1327 2399 1476 2448 tradit,
1514 2403 1557 2439 et
1592 2398 1656 2438 sic

220 2473 346 2513 multi
368 2472 602 2513 dixerunt.e

264 2577 276 2591 2
301 2572 348 2603 Ex
365 2571 481 2602 Servio
496 2571 552 2602 lib.
570 2579 653 2601 vni.
672 2571 742 2602 lEn.
1011 2574 1023 2587 ‘³
1047 2568 1096 2598 Ex
1115 2567 1203 2598 Geli.
1218 2565 1276 2597 lib.
1295 2573 1375 2596 xvi.
1391 2574 1463 2605 cap.
1482 2567 1531 2595 14ἶ

265 2626 279 2641 '⁴
305 2621 355 2651 Ex
374 2621 480 2651 Prisc.
496 2620 553 2651 lib.
572 2629 653 2650 vni.
1011 2618 1023 2638 ‘¹
1049 2619 1098 2648 Ex
1117 2617 1226 2647 Prisc.
1245 2616 1300 2646 lib.
1317 2624 1366 2646 vr.

266 2673 278 2690 ¹³
303 2672 352 2702 Ex
370 2671 475 2702 Prisc.
495 2671 549 2701 lib.
567 2679 648 2700 vni.
1012 2674 1024 2688 ⁰
1050 2669 1099 2699 Ex
1118 2667 1249 2699 Charis.
1267 2665 1324 2697 lib.
1342 2674 1366 2696 1.
