1835 2906
240 114 325 157 470
701 124 849 156 Sssx‘rl
884 126 1085 155 POMPEH
1121 125 1254 155 FEssri

243 221 340 263 Nec
371 219 623 274 conjunctio
659 220 919 275 disjunctiva
952 226 1032 269 est,
1053 225 1103 260 ut
1126 220 1222 261 Nec
1245 221 1365 273 legit,
1387 234 1468 262 nec
1500 222 1683 273 [Pi-tm,

299 288 477 330 scribit:
517 287 691 338 ponitur
721 290 850 329 etiam
882 301 961 341 pro
999 300 1100 328 non.
1146 287 1400 341 Turpilius:
1434 288 1530 330 Nec
1571 295 1686 331 recte

297 355 387 396 dici
403 355 509 395 mihi
525 355 788 409 jamdudum
810 356 959 396 audio.

243 421 341 464 Nec
381 423 585 463 mulieriy
616 437 696 464 nec
735 423 899 475 gremio
935 422 1055 463 credi
1077 428 1298 475 oportere,
1315 436 1484 476 prover·
1518 425 1684 478 [Fr-:Sin

297 490 417 531 bium
437 494 515 542 est,
538 491 655 545 quod
676 495 717 532 et
745 490 824 531 illa
844 489 1014 539 incerti,
1036 495 1080 530 ct
1106 491 1219 530 levis
1243 492 1376 531 animi
1398 496 1491 542 est;
1526 497 1571 532 et
1590 493 1687 545 ple-

298 570 482 612 rumque
523 559 567 598 in
603 558 766 611 gremio
788 558 948 611 posita,
971 571 1070 598 cum
1101 558 1143 598 in
1175 558 1443 598 oblivionem
1475 563 1685 600 venerunt

299 626 641 678 exsurgentium,
665 625 913 678 procidunt.

243 691 412 733 Necem
448 694 728 748 suspicatur-²
768 691 930 732 Verrius
961 708 985 733 α
1018 692 1159 733 Grccco
1195 692 1316 732 claci:
1356 707 1451 732 uam
1485 691 1550 734 §lli
1582 693 1683 734 νέκυν

300 766 511 801 mortuum
533 760 683 809 dicunt,
706 760 798 800 inde
815 774 884 801 nos
906 760 1075 800 dicimus
1091 761 1179 800 neca·
1199 761 1269 801 da.
1304 792 1313 801 .
1343 791 1353 801 .
1391 792 1401 801 .
1437 791 1445 799 .

247 825 416 869 Necem
449 841 476 868 a
497 829 658 869 Graeco
689 829 777 870 dici
801 835 966 870 certum
990 833 1078 870 est:
1111 828 1210 869 νέκυν
1231 829 1341 869 enim
1364 840 1475 868 mor·
1505 828 1687 882 [PAUL.

298 899 419 935 tuum
449 896 604 937 dicunt
631 896 796 937 Graeci.

243 961 359 1003 Neci
382 962 543 1005 datusa
578 967 753 1019 proprie
767 965 940 1014 dicitur,
963 966 1038 1019 qui
1062 967 1155 1006 siue
1179 965 1351 1006 vulnere
1375 965 1497 1006 inter·
1521 964 1684 1014 [Ρη-ετ.

298 1031 443 1072 fectus
467 1037 561 1072 est:
595 1037 640 1073 ut
661 1046 842 1085 veneno,
866 1038 939 1075 aut
960 1033 1087 1074 fame.

243 1097 488 1148 Necerim,b
501 1112 579 1140 nec
602 1113 700 1140 eum

246 1162 449 1215 Neoerim,
471 1179 553 1207 nec
576 1181 688 1208 eum.

1507 1101 1688 1150 [PAUL.

1524 1167 1685 1220 [FEST.

244 1232 585 1275 Necessarium<=
621 1235 681 1276 ait
721 1249 817 1277 csse
852 1236 1029 1290 Opilius
1046 1241 1064 1266 4
1090 1236 1312 1285 Aurelius,
1346 1236 1388 1276 in
1412 1248 1500 1289 quo
1526 1248 1613 1275 non
1632 1235 1689 1274 sit

852 1368 949 1380 ΜΝ
953 1369 1087 1380 eeeeee

279 1454 298 1482 4
323 1451 387 1483 Ed.
409 1452 499 1484 Scal.
520 1455 651 1493 Opillus.

898 1555 1036 1587 NOTA:

239 1636 293 1657 ma
310 1626 489 1658 dicebatur
505 1627 581 1658 olim
594 1628 709 1659 Plauti
723 1628 935 1670 fabula‚quae

242 1686 332 1707 niune
350 1677 570 1709 Mostellaria.
618 1680 728 1710 Locus
756 1685 807 1711 ost
827 1685 892 1711 act.
911 1690 934 1712 1.

238 1737 286 1759 sc.
304 1731 334 1759 3.
381 1728 444 1759 Sed
464 1734 497 1759 et
515 1729 602 1769 apud
622 1730 778 1761 Plautum
793 1737 827 1763 et
845 1733 936 1771 apud

236 1778 424 1819 Turpilium
438 1780 614 1818 legendum
631 1786 682 1812 est
693 1786 827 1813 necrecte
838 1783 938 1813 unica

240 1837 336 1867 voce,
355 1829 406 1859 vel
422 1835 554 1861 πει-(τῖε.
601 1832 643 1862 Et
665 1832 697 1861 iu
725 1833 834 1864 verbis
850 1834 935 1863 Tur-

237 1879 310 1919 pilii
329 1879 508 1911 delendum
526 1882 613 1920 quod.
638 1882 747 1914 Idem.

281 1935 294 1956 y
320 1930 386 1961 Nec
425 1932 563 1972 or‘ulae'eri]
602 1933 727 1963 Mulier
761 1933 793 1964 in
830 1934 935 1964 veteri

236 1982 420 2023 proverbio
445 1983 571 2014 Graeco
597 1989 647 2014 est
673 1984 759 2015 inter
784 1995 835 2024 ea,
860 1995 934 2026 quae

238 2030 342 2063 facile
359 2032 514 2064 beneficii
531 2034 663 2074 accepti
675 2034 935 2066 obliviscuntur.

237 2082 463 2114 Proverbium
481 2084 513 2114 id
531 2091 603 2117 est:
636 2086 687 2124 Μή
701 2087 771 2117 ποτ’
793 2086 826 2118 εὖ
842 2087 937 2128 ἔρδειν

235 2132 379 2173 γέροντα,
403 2133 444 2172 μή
466 2135 534 2165 ποτ’
551 2134 588 2165 αὖ
605 2148 689 2168 τινος
712 2139 799 2178 κύνα,
818 2138 868 2174 Μὴ
883 2137 936 2177 ’γε’-

236 2196 342 2224 ροντα,
365 2185 406 2223 μὴ
435 2188 579 2227 γυναῖκα,
599 2187 641 2225 μὴ
666 2187 767 2218 λάλον
792 2188 937 2225 κωπηλά-

236 2248 304 2273 την.
327 2237 395 2267 dos.
412 2236 494 2269 Scal.

283 2288 349 2319 Nec
378 2289 516 2331 mulieri]
559 2290 613 2320 De
651 2291 791 2322 Gremio
821 2296 936 2322 autem

235 2335 324 2369 belle
355 2339 533 2371 admodum
551 2341 702 2372 Catullus
723 2353 730 2372 :
763 2343 832 2373 ‘Ut
858 2343 935 2373 mis-

238 2396 308 2418 sum
339 2391 452 2430 sponsi
479 2389 604 2422 furtivo
636 2402 774 2423 munere
813 2394 934 2424 malum

236 2437 412 2471 Procurrit
443 2446 537 2472 casto
575 2442 711 2482 virginis
741 2453 758 2474 e
792 2444 933 2484 gremio,

238 2487 337 2519 Quod
355 2490 483 2523 miserae
502 2492 618 2523 oblitae
637 2494 727 2524 molli
753 2495 814 2525 sub
841 2501 933 2526 veste

237 2538 398 2578 locatum,
416 2541 505 2571 Dum
523 2543 670 2573 adventu
695 2545 811 2575 matris
830 2546 933 2585 prosi-

234 2588 286 2622 lit,
300 2589 482 2628 excutitur,
498 2592 611 2632 Atque
628 2594 706 2624 illud
726 2605 832 2634 prono
849 2605 933 2635 prac-

238 2648 318 2678 ceps
356 2639 467 2679 agitur
504 2641 660 2683 decursu,
693 2644 784 2675 Huic
819 2651 934 2677 manat

238 2690 327 2721 tristi
344 2690 496 2722 conscius
514 2701 570 2722 orc
589 2693 713 2724 rubor.’
739 2695 818 2725 Duc.

1033 1635 1044 1649 ²
1068 1626 1182 1661 Necer'n
1197 1629 1388 1669 suspicatur]
1423 1628 1534 1660 Necem
1551 1629 1686 1669 suspica-

991 1685 1042 1711 tur
1071 1681 1198 1712 Verrius
1220 1692 1239 1710 α
1267 1681 1378 1711 Groeco
1404 1681 1541 1718 ductum,
1557 1690 1626 1710 wrm
1641 1680 1689 1710 im

991 1730 1080 1763 νέκυν
1095 1734 1247 1762 mortuum
1262 1731 1379 1769 dicunt,
1393 1732 1473 1762 unde
1487 1741 1540 1761 nos
1556 1732 1621 1761 neci
1636 1732 1690 1761 da-

992 1786 1066 1822 tum,
1096 1783 1129 1812 id
1158 1786 1216 1820 est,
1254 1782 1367 1812 morli:
1416 1781 1509 1812 Nihil
1545 1780 1688 1821 amplius

993 1833 1100 1863 deest.
1147 1833 1244 1862 Idem.

1034 1887 1047 1903 ³
1072 1883 1152 1913 Neci
1168 1882 1274 1922 datus]
1309 1881 1387 1913 Non
1413 1886 1542 1913 tantum
1569 1879 1611 1910 tle
1636 1890 1690 1919 co,

993 1935 1049 1976 qui
1066 1944 1196 1966 veneno
1214 1935 1265 1965 vel
1289 1933 1377 1965 fame
1394 1941 1534 1966 necatus
1551 1939 1615 1975 est,
1630 1934 1690 1966 scd

991 1991 1023 2016 ct
1041 1995 1158 2016 manu:
1200 1990 1236 2016 ut
1265 1994 1384 2017 necare.
1430 1986 1484 2016 Sic
1511 1984 1623 2016 ‘ferro
1652 1989 1688 2016 et

990 2035 1081 2066 fuste
1108 2034 1242 2066 necare’
1268 2034 1353 2065 dixit
1379 2034 1516 2066 Sallust.
1547 2036 1556 2051 ‘
1574 2034 1689 2066 Securi

991 2085 1124 2117 necare’
1150 2086 1284 2123 Livius;
1308 2089 1316 2102 ‘
1331 2085 1539 2116 Verberibus
1563 2089 1597 2115 et
1621 2085 1689 2115 telo

993 2136 1129 2168 necare'
1146 2134 1330 2176 Ulpianus.
1374 2135 1460 2165 Vide
1488 2136 1497 2153 ‘
1513 2133 1688 2166 occisum?

991 2188 1089 2217 Idem.

1034 2236 1047 2257 ὓ
1072 2237 1231 2277 Neccre'm]
1266 2236 1424 2274 Necerim,
1445 2243 1506 2275 pro
1532 2236 1600 2267 Nec
1622 2235 1691 2266 im.-

994 2289 1131 2324 Suerem,
1150 2298 1210 2329 pro
1233 2298 1316 2318 suem
1328 2299 1338 2318 .-
1375 2287 1538 2322 Nat-erem,
1557 2297 1617 2328 pro
1632 2297 1689 2318 uu·

990 2350 1072 2370 cem:
1096 2345 1131 2371 et
1159 2339 1290 2369 similia.
1329 2337 1502 2368 .10s.Sca1.

1036 2390 1197 2430 Necerim]
1226 2388 1377 2429 Antiquo
1401 2386 1595 2418 declinandi
1620 2396 1688 2418 mo-

989 2441 1043 2480 do,
1060 2450 1121 2481 pro
1137 2449 1189 2470 uec
1206 2440 1261 2477 im,
1276 2448 1338 2469 nec
1352 2447 1438 2468 eum.
1463 2438 1543 2468 Dae.

1031 2497 1043 2511 ⁰
1068 2489 1300 2529 Necessarium]
1325 2488 1355 2519 A
1381 2498 1418 2518 ue
1435 2491 1469 2518 et
1485 2496 1579 2525 cesso,
1599 2487 1649 2518 vel
1668 2497 1687 2518 a

989 2552 1043 2572 nec
1070 2546 1102 2572 ot
1128 2551 1202 2572 esse.
1249 2539 1335 2571 Quia
1366 2538 1435 2567 sine
1461 2547 1500 2567 eo
1525 2546 1585 2567 nec
1615 2547 1687 2568 esse

989 2602 1179 2632 possumus,
1201 2600 1263 2621 nee
1294 2591 1376 2619 bene
1404 2597 1487 2617 esse.
1534 2587 1617 2618 Inde
1635 2598 1688 2618 ue-

987 2642 1125 2680 cessaris,
1141 2640 1275 2679 cognati
1293 2644 1327 2669 et
1354 2636 1480 2673 affines,
1507 2643 1542 2668 ct
1558 2639 1687 2668 necessi-

989 2694 1074 2735 tudo,
1100 2691 1267 2722 vinculum
1298 2687 1472 2719 affinitatis
1500 2694 1533 2718 ct
1565 2697 1687 2727 cogna-
