1835 2906
459 123 598 157 FESTI
636 121 698 152 DE
731 117 878 149 VERB.
910 113 1091 146 SlGNlF.
1125 113 1218 143 [AB.
1253 111 1361 142 XIV.

1547 97 1630 139 551

239 224 453 267 dicimus:
485 219 599 262 unde
634 221 679 259 et
711 212 883 270 pacisci
916 209 1076 258 adhuc,
1097 213 1140 250 et
1173 219 1314 264 paceo
1333 211 1344 229 ¹
1377 204 1421 245 in
1453 216 1539 244 usu
1569 215 1633 244 re-

239 296 404 334 manet.

185 361 385 403 Paeauac
420 354 675 409 Apollinem
703 351 988 398 vocaverunt,
1010 344 1129 400 quod
1170 342 1425 395 sagittarum
1455 338 1635 394 [PAUL.

239 429 334 470 ictu
356 439 457 467 eum
484 435 640 464 nocere
671 420 913 475 putabant:

945 418 1012 456 est
1043 413 1160 455 enim
1191 409 1308 451 παίειν
1343 409 1485 450 ferire.
1544 405 1639 447 Alii
1668 452 1671 455 ¹

243 494 362 550 quod
386 491 635 534 remedians
657 487 822 529 morbis
845 485 974 525 finem
994 482 1162 523 faceret
1182 480 1284 521 talis
1307 475 1547 530 gravitatis.

186 562 399 605 Paedidos
416 559 434 582 d
469 558 674 600 sordidos
710 553 964 607 significant
1004 554 1133 604 atque
1167 546 1409 594 obsoletos,
1450 546 1641 583 tractum

244 628 511 672 vocabulum
536 640 562 667 a
583 625 743 667 Graeco
762 635 773 661 ε
812 621 918 675 quia
937 619 1075 668 παῖδες,
1097 616 1143 657 id
1169 619 1250 665 est,
1271 613 1411 669 pueri,
1432 610 1536 653 talis
1558 610 1643 651 sint

245 698 405 746 aetatis,
427 700 473 736 ut
496 709 523 736 a
543 693 745 734 sordibus
767 688 965 730 nesciant
986 686 1222 728 abstinere.

191 765 364 819 Pagani
386 778 412 806 a
433 763 561 819 pagis
584 760 707 802 dicti.

190 833 327 887 Pagie
359 833 468 874 dicti
488 845 516 873 a
535 829 742 877 fontibus,
764 824 882 880 quod
907 823 1058 864 eadem
1079 834 1195 875 aqua
1216 820 1467 859 uterentur:
1488 825 1614 868 aquae
1629 816 1645 835 ²

247 902 359 943 enim
379 901 526 954 lingua
547 897 719 940 Dorica
734 900 746 924 ³
768 892 894 948 παγαὶ
917 890 1208 945 appellantur.

192 970 375 1024 Paginae
393 967 406 991 f
435 969 583 1018 dictae,
615 963 733 1020 quod
764 964 807 1005 in
838 961 962 1002 libris
996 971 1123 1000 suam
1146 967 1335 1010 quaeque
1363 952 1559 996 obtineat
1580 963 1646 991 re-

801 1091 939 1104 ooee‘ee
946 1089 1044 1102 “t“

237 1180 253 1208 l
278 1177 375 1208 Vett.
392 1176 473 1208 libb.
497 1179 598 1216 pacto,
621 1176 772 1214 pacm—2
790 1172 851 1203 Vir
868 1170 962 1202 doct.
980 1169 1013 1200 in
1031 1176 1136 1208 marg.
1154 1165 1209 1197 ed.
1227 1164 1320 1196 Scal.
1336 1160 1478 1203 conjicit
1493 1160 1654 1198 sontes.—

193 1224 211 1252 3
239 1221 321 1252 Ead.
339 1220 392 1252 ed.
407 1219 528 1252 Dorica
544 1219 666 1258 lingua.

848 1310 990 1344 NOTAE

238 1398 252 1414 ⁰
274 1393 409 1433 Poeana]
450 1393 539 1428 Quod
568 1390 741 1422 remedians
768 1389 897 1428 morbis,

195 1446 248 1485 &c-
265 1443 426 1475 mendosa
441 1443 559 1482 verba,
575 1442 629 1472 vel
643 1440 788 1472 maxime
802 1440 898 1479 inep-

198 1500 245 1527 ta.
267 1495 347 1525 Ant.
363 1493 450 1533 Aug.

241 1543 374 1583 Poeana]
402 1542 488 1574 Vide
510 1543 606 1574 Serv.
630 1541 671 1572 ad
691 1540 772 1572 illud
790 1548 826 1571 x.
843 1539 901 1570 AE-

197 1593 288 1625 neid.
324 1595 333 1611 ‘
351 1594 480 1624 Laemm
509 1593 636 1623 Paeana
654 1589 784 1622 secuti!
813 1588 901 1620 Mihi

198 1645 344 1676 maxime
362 1644 475 1684 placet
489 1644 591 1675 Poean
605 1642 672 1674 dici
690 1652 709 1673 a
721 1640 815 1681 παίω,
832 1649 902 1672 me-

199 1696 295 1734 deor,
329 1698 407 1737 quia
444 1696 608 1726 malorum
638 1693 902 1725 avertendorum

200 1752 323 1787 potens
337 1752 389 1777 est
406 1746 541 1787 Apollo,
559 1755 662 1786 quare
680 1750 715 1776 et
732 1744 762 1775 ei
779 1744 813 1775 in
830 1753 905 1774 car-

200 1796 346 1828 minibus
370 1796 591 1827 saecularibus
619 1794 905 1836 supplicabatur:

200 1848 293 1880 unde
317 1852 353 1879 et
379 1857 496 1888 preces
527 1848 593 1878 illae
625 1847 760 1878 Poeanes
788 1845 903 1877 dictae.

201 1898 330 1930 Postea
353 1903 464 1929 tamen
497 1899 626 1930 Poeanes
654 1898 746 1929 dicta
776 1896 904 1938 quaevis

201 1950 269 1981 alia
291 1950 451 1989 carmina,
481 1959 555 1989 quae
582 1949 658 1985 Diis
685 1947 908 1980 canebantur.

202 2000 313 2032 Immo
339 2007 374 2031 et
400 1999 633 2040 ipse-Jupiter
657 1998 746 2040 apud
764 1999 905 2029 insulam

204 2049 347 2082 Rhodon
375 2050 485 2081 cultus
510 2049 572 2080 sub
596 2049 731 2081 Paeanis
757 2049 905 2079 nomine.

203 2101 401 2134 Notandum
426 2106 595 2142 praeterea
619 2100 781 2131 Paeanem
805 2098 907 2130 etiam

203 2152 271 2185 dici
288 2152 330 2184 de
352 2151 486 2183 funebri
511 2151 670 2186 carmine,
687 2155 724 2182 ut
741 2150 818 2181 alibi
835 2159 904 2180 mo-

204 2203 351 2234 nuimus.
388 2202 539 2243 Hesych.
566 2201 714 2241 AEschyl.
739 2201 772 2231 in
796 2200 905 2231 Choe-

206 2255 303 2295 phor.
326 2255 407 2285 Dae.

248 2303 262 2324 θ
287 2302 450 2342 Poedz'dos]
476 2302 505 2333 A
517 2303 653 2343 paedore‚
668 2302 759 2344 quod
776 2301 837 2332 ἀπὸ
853 2302 909 2332 τοῦ

207 2354 326 2394 παιδὸς,
352 2354 406 2386 alii
421 2355 514 2394 pedor
530 2363 551 2384 a
568 2354 656 2393 pede,
672 2358 710 2384 ut
726 2354 768 2384 sit
785 2354 908 2393 pedum

206 2407 352 2438 illuvies.
399 2405 511 2436 Gloss.
535 2404 687 2445 ‘paedor‚
714 2403 818 2445 ῥύπος,
834 2403 911 2442 αὐχ-

209 2455 288 2495 μός.’
311 2457 410 2487 Idem.

251 2514 264 2529 θ
289 2507 390 2548 Pagi]
417 2507 446 2537 A
475 2505 604 2537 Dorico
631 2505 718 2545 πάγοι
744 2516 805 2547 pro
820 2506 917 2547 πήγη,

211 2560 300 2592 fons.
323 2559 418 2590 Serv.
442 2567 482 2589 11.
513 2557 642 2598 Georg.
668 2558 811 2598 ‘Villas,
839 2569 915 2600 quae

211 2611 302 2652 pagi,
316 2610 377 2642 ἀπὸ
392 2611 452 2641 τῶν
467 2610 587 2649 ποι-γῶν,
608 2609 838 2650 appellantur,
853 2610 917 2642 hoc

215 2667 281 2701 est,
304 2671 323 2692 a
344 2660 512 2699 fontibus,
528 2660 619 2692 circa
636 2669 717 2701 quos
734 2660 822 2691 villae
841 2670 919 2692 cou-

216 2716 400 2744 sueverunt
416 2711 515 2744 condi
530 2721 539 2744 :
562 2709 650 2743 unde
668 2715 703 2743 et
719 2712 840 2754 pagani
853 2711 920 2745 dic-

950 1388 977 1419 ti
994 1390 1084 1426 sunt,
1098 1383 1193 1426 quasi
1212 1392 1254 1414 ex
1271 1390 1336 1413 uno
1353 1378 1449 1411 fonte
1478 1379 1661 1418 potantes.’

953 1436 1069 1476 Pagus
1086 1438 1221 1466 constat
1236 1442 1256 1464 e
1274 1430 1426 1473 pluribus
1444 1428 1535 1467 vicis,
1551 1430 1588 1457 ut
1611 1425 1659 1456 vi-

950 1497 1008 1518 cus
1034 1495 1051 1516 e
1077 1485 1232 1526 pluribus
1257 1482 1355 1517 casis,
1379 1479 1471 1511 nullo
1499 1477 1658 1509 moenium

953 1537 1096 1575 ambitu,
1112 1536 1236 1567 accolis
1252 1532 1414 1574 dispersis
1432 1532 1466 1561 in
1484 1530 1586 1570 plano
1599 1527 1662 1559 cir·

953 1599 993 1620 ca
1009 1587 1148 1619 flumina
1174 1585 1227 1616 vel
1256 1582 1380 1618 fontes,
1404 1581 1461 1622 qui
1488 1579 1530 1611 ad
1556 1587 1660 1610 unum

954 1639 1065 1670 locum
1083 1635 1216 1669 consilii
1234 1644 1337 1667 causa
1357 1631 1493 1664 coeunt.
1538 1629 1662 1670 Itaque

956 1690 1207 1729 distinguuntur
1223 1684 1347 1728 pagani
1364 1694 1382 1714 a
1398 1681 1581 1714 montanis.
1609 1679 1666 1711 Ci-

957 1750 1035 1773 cero
1062 1749 1123 1781 pro
1154 1739 1294 1769 Domo:
1319 1739 1327 1754 ‘
1347 1734 1431 1766 nulli
1451 1732 1575 1774 pagani
1602 1736 1662 1762 aut

958 1791 1121 1831 montani,
1138 1790 1194 1831 qui
1210 1798 1276 1820 non
1291 1786 1498 1827 amplissime
1526 1783 1569 1815 de
1587 1791 1664 1814 meo

960 1842 1074 1873 reditu
1097 1837 1351 1872 decreverunt!
1395 1835 1482 1867 Vide
1504 1833 1665 1876 ‘publica

961 1892 1096 1932 sacra3'
1131 1891 1186 1923 adi
1215 1895 1250 1922 et
1278 1891 1414 1924 Manut.
1443 1887 1485 1918 de
1510 1885 1667 1928 quaesitis

960 1955 1024 1987 per
1045 1943 1224 1985 epistolam
1241 1941 1300 1972 lib.
1321 1950 1376 1971 111.
1395 1943 1516 1981 quaest.
1532 1940 1564 1968 7.
1598 1937 1667 1967 Pa-

961 2007 1022 2038 gus
1054 1996 1156 2027 etiam
1185 1993 1317 2025 Latinis
1349 1991 1438 2021 idem
1461 1988 1550 2030 quod
1571 1986 1667 2023 ἔθνος,

962 2048 1014 2078 vel
1029 2057 1117 2086 gens,
1133 2050 1166 2076 et
1182 2043 1336 2085 quemvis
1353 2040 1501 2080 amplum
1520 2037 1669 2078 regionis

962 2103 1122 2133 tractum,
1149 2100 1324 2134 totamque
1353 2091 1498 2131 aliquam
1521 2086 1668 2130 praefec-

962 2154 1085 2187 turam,
1100 2151 1302 2187 gentemque
1325 2141 1510 2183 quamlibet
1528 2138 1669 2179 populo·

960 2210 1029 2231 sam
1044 2197 1228 2239 significat.
1253 2195 1408 2225 Glossae:
1428 2192 1436 2208 ‘
1450 2192 1577 2230 Pagus,
1593 2200 1670 2219 τοπ-

961 2249 1068 2291 αρχία,
1093 2248 1180 2289 χώρα
1213 2257 1271 2286 τις,
1296 2242 1410 2282 νομός.’
1469 2241 1559 2272 Hinc
1588 2238 1673 2270 Hel-

962 2303 1130 2333 vetiorum
1155 2303 1225 2329 tota
1250 2305 1331 2336 gens
1355 2295 1386 2324 in
1405 2298 1552 2334 quatuor
1568 2299 1672 2331 pagos

965 2352 1074 2384 divisa
1090 2349 1181 2392 apud
1198 2349 1382 2380 Caesarem.
1410 2343 1500 2374 Hinc
1517 2352 1581 2373 vox
1598 2351 1672 2372 nos-

968 2413 1021 2439 tra
1037 2405 1173 2437 Gallica
1186 2411 1275 2443 pays.
1298 2398 1407 2430 Idem.

1011 2454 1021 2476 f
1044 2452 1193 2494 Pugince]
1217 2451 1249 2482 A
1268 2448 1420 2490 pagemlo,
1446 2445 1480 2477 id
1506 2449 1570 2481 est,
1594 2452 1674 2483 pem-

968 2508 1080 2546 gendo,
1103 2503 1235 2536 Graecis
1259 2499 1403 2531 σελίδεις.
1449 2496 1585 2535 Pagime
1617 2503 1675 2524 an-

974 2558 1076 2600 tiquis
1093 2555 1134 2587 de
1150 2553 1243 2586 libris
1261 2552 1454 2584 chartarum
1472 2546 1607 2588 proprie
1626 2543 1676 2574 di·

973 2610 1150 2643 cebantur,
1183 2610 1219 2636 et
1247 2613 1289 2635 ex
1315 2611 1382 2634 una
1410 2603 1543 2631 tantum
1575 2599 1676 2638 parte

973 2661 1109 2701 scriptae
1126 2659 1235 2689 erant.
1257 2652 1406 2685 Tabellae
1420 2660 1500 2682 vero
1514 2649 1556 2680 de
1572 2656 1676 2678 mem-

976 2711 1100 2752 branis,
1116 2713 1151 2741 et
1168 2717 1209 2740 ex
1224 2710 1367 2746 utraque
1386 2707 1481 2745 parte
1499 2699 1603 2734 scribi
1625 2706 1675 2728 so-
