1835 2906
403 185 464 213 DE
500 180 768 211 VERBORUM
804 177 1207 209 SIGNIFIGA'I'IONE
1245 178 1338 207 [ΑΒ.
1374 177 1443 205 IX.

1560 165 1642 205 :341

196 279 388 321 J11bere>‘
423 278 670 331 ponebatur
704 288 782 329 pro
820 273 978 322 dicere,
1000 271 1118 325 quod
1159 270 1277 311 valet
1311 269 1525 311 interdum
1562 281 1642 321 pro

254 347 507 387 decernere:
540 348 587 385 ut
608 343 809 397 Populus
825 341 970 395 jussit.

196 414 395 456 Jubilare
410 418 424 435 Ζ
445 418 512 454 est
534 413 697 453 rustica
718 423 827 452 voce
844 408 1092 449 inclamare.

195 481 407 533 Jugarius
429 482 582 522 vic-usa
615 480 769 520 dicitur
790 476 964 520 Romae,
985 475 1092 527 quia
1113 472 1176 513 ibi
1196 471 1336 512 fuerat
1360 485 1433 513 ara
1452 471 1645 513 Junonis

253 549 403 605 Jugae,
426 562 554 602 quarn
577 547 792 601 putabant
813 541 1091 584 matrimonia
1107 540 1309 594 jungere.

197 616 312 668 Juge
328 615 343 638 b
378 616 623 670 auspicium
660 617 742 663 est,
779 625 878 653 cum
914 611 1167 665 junctum¹0
1194 607 1442 661 jumentum
1478 610 1646 647 stercus

254 684 367 724 fecit.

797 777 813 790 l
822 777 916 789 ““““

242 862 280 889 10
308 858 372 889 Alii
391 858 471 888 libb.
485 859 631 888 vinctum.

920 775 1037 788 ‘‘‘‘‘‘

851 949 990 981 NOTAE

199 1033 323 1064 Calvus
339 1031 370 1062 in
390 1029 634 1071 Epitbaianiio:
661 1030 669 1045 ‘
691 1027 894 1067 Hesperium

198 1082 392 1122 antejubar
408 1078 586 1121 quatiens.’
611 1079 618 1095 ‘
637 1078 778 1108 Stellam
797 1075 896 1116 juba-

198 1138 267 1165 tam
280 1135 287 1148 ’
301 1138 398 1163 vocat
412 1132 533 1162 Varro.
580 1131 623 1160 Et
634 1128 831 1160 Callimach.
849 1128 895 1157 al-

196 1184 316 1215 ludens
326 1182 418 1214 οῧλος
430 1180 720 1221 ἐθείραιςἜσπερος,
731 1179 787 1220 qui
800 1179 896 1209 locus

197 1236 285 1266 male
304 1235 344 1265 ab
361 1235 547 1273 interprete
563 1237 727 1271 acceptus
749 1234 801 1260 est
817 1229 896 1260 dum

198 1285 323 1316 vertit:
364 1289 372 1302 ‘
397 1283 546 1314 Salubris
583 1282 716 1322 capillis
754 1279 896 1320 vesper.’

198 1333 289 1366 οὖλος
315 1335 436 1375 ἐθείραις
462 1334 550 1364 dixit
581 1331 777 1364 Calliniacb.
806 1330 896 1370 quod

198 1387 254 1417 alii
278 1384 493 1426 οὐλοκάρηνος,
516 1385 614 1416 unica
632 1393 726 1420 voce,
744 1381 896 1423 οὐλόθριξ,

198 1437 342 1476 crispus.
360 1437 457 1466 Idem.

241 1493 252 1514 Υ
276 1485 406 1525 Jubere]
431 1485 507 1516 Hoc
519 1484 621 1516 verbo
636 1484 780 1524 populns
797 1483 894 1514 Rom.

198 1537 372 1575 utebatur,
394 1546 468 1567 cum
486 1536 596 1574 legem
615 1538 672 1565 aut
689 1533 779 1564 aliud
798 1543 894 1574 roga-

198 1593 250 1619 tus
276 1597 293 1617 a
313 1587 523 1626 magistratu,
540 1586 601 1616 hoc
629 1585 740 1620 modo,
756 1586 765 1602 ‘
784 1584 895 1614 velitis

193 1638 342 1678 jubeatis
369 1637 520 1669 Quirites
537 1635 557 1667 :’
586 1636 634 1666 ita
651 1635 894 1674 respondebat,

198 1689 225 1718 si
263 1688 469 1728 rogationem
505 1686 684 1726 probaret:
708 1686 896 1716 'Volumus

192 1737 447 1778 jubernusque.’
479 1737 594 1767 Jubere
624 1736 803 1776 aliquando
834 1746 895 1776 pro

197 1789 334 1819 hortari.-
364 1796 400 1819 ut
436 1787 559 1828 ‘jubeo
595 1791 630 1817 te
663 1786 798 1826 valere‚’
832 1789 896 1818 &c.

200 1840 299 1870 Idem.

241 1895 252 1909 2
273 1889 430 1929 dubitare]
455 1888 668 1919 Rusticorum
696 1887 796 1927 plane
824 1896 895 1918 ver-

199 1940 290 1980 bum,
302 1945 339 1971 ut
356 1945 391 1970 et
408 1940 479 1979 ipse
497 1939 592 1969 dicit.
616 1936 730 1968 Attius
745 1938 776 1967 in
792 1937 896 1977 Chry-

198 1990 315 2030 sippo:
354 1991 362 2006 ‘
380 1990 419 2020 Io
444 1989 545 2027 buco,
572 1988 644 2029 quis
672 1997 725 2018 me
744 1986 896 2028 jubilat?

197 2039 337 2070 Vicinus
355 2039 442 2070 Atus
460 2037 640 2078 antiquus!
685 2037 785 2067 Prius
805 2037 894 2067 enim

189 2090 335 2127 J'obilare.
390 2089 478 2120 Nam
510 2089 545 2118 Io
573 2088 772 2118 rusticorum
805 2086 895 2126 ἐπίφ-

198 2143 310 2179 θεγμα,
326 2145 363 2171 ut
380 2140 412 2170 in
429 2139 625 2170 Atteliana:
651 2139 659 2154 ‘
673 2138 711 2168 Io
735 2138 830 2169 venit
853 2138 895 2168 si-

198 2203 270 2223 mus
287 2196 322 2223 et
335 2190 437 2222 vilia!
459 2191 528 2221 Jos.
545 2189 627 2220 Scal.

240 2241 399 2281 Jubz'lare]
420 2240 548 2272 Rustici
564 2240 703 2278 jubilare
725 2238 895 2278 dicuntur,

199 2301 273 2322 cuni
291 2292 450 2331 clamant,
465 2290 583 2321 urbani
599 2290 760 2330 quir-itare.
793 2290 892 2320 Varr.

198 2342 256 2373 lib.
275 2350 309 2372 v.
326 2341 369 2372 de
383 2342 468 2373 L.L.
482 2341 491 2357 ‘
506 2340 552 2370 Ut
569 2340 732 2380 quiritare
751 2339 893 2370 urbano-

200 2403 284 2432 rum,
314 2393 361 2423 sic
390 2392 538 2432 jubilare
569 2391 792 2422 rusticorum!
850 2393 895 2423 Et

197 2443 321 2475 ibidem
337 2442 475 2474 adducit
492 2442 601 2472 locum
616 2442 815 2482 Chrysippi:
834 2445 842 2459 ‘
856 2443 895 2473 Io

197 2494 299 2534 buco,
316 2494 390 2535 quis
408 2491 619 2532 mejubilat?
647 2492 790 2522 Vicinus
808 2492 895 2534 Atys

196 2544 378 2586 antiquus!
425 2544 532 2575 Prout
552 2542 639 2572 hunc
657 2542 765 2573 iocum
782 2552 896 2574 ernen-

199 2595 293 2626 davit
310 2595 484 2634 Scaliger3
509 2603 569 2633 pro
583 2592 721 2632 jubilare
738 2594 829 2633 prius
847 2595 894 2625 di-

199 2644 324 2675 cebant
342 2644 498 2682 jobilm·e;
527 2652 602 2673 nam
630 2643 665 2673 Io
692 2644 896 2675 rusticorum

200 2695 387 2735 ἐπίφθεγμα,
411 2700 448 2725 ut
468 2695 500 2725 in
519 2693 698 2725 Atellania:
722 2695 731 2711 ‘
747 2694 786 2725 Io
805 2695 898 2725 venit

201 2746 301 2776 ,aimus
330 2751 364 2776 et
392 2745 495 2776 villa!
540 2744 581 2775 In
614 2744 733 2783 glossis
759 2744 896 2776 Graecoo

951 1026 1026 1055 Lat.
1063 1024 1071 1041 ‘
1101 1023 1266 1063 Ejulatus,
1297 1021 1464 1062 jubilatus
1484 1031 1492 1052 ε
1531 1020 1649 1061 κραυγὴ

950 1074 1125 1115 ἀγροίκων,’
1141 1079 1149 1092 ‘
1162 1074 1296 1105 Clamor
1306 1071 1533 1104 rusticorum.'
1558 1073 1603 1103 Et
1617 1072 1651 1102 in

951 1126 1151 1157 Giossario:
1186 1125 1195 1141 ⁴
1220 1124 1396 1156 Quiritans
1431 1122 1650 1162 ἐπιβοώμενος,

952 1175 1125 1208 0131113113]
1147 1175 1229 1206 Dac.

995 1232 1009 1247 ὃ
1030 1226 1187 1266 Jugarius
1213 1224 1315 1264 vicus]
1347 1223 1434 1255 Pub.
1457 1224 1588 1259 Victor,
1617 1223 1651 1253 in

952 1282 1074 1309 octava
1101 1276 1240 1317 regione
1265 1275 1375 1306 urbis:
1407 1274 1534 1305 ‘Vicus
1554 1274 1653 1315 juga—

952 1330 1019 1359 rius
1037 1328 1124 1359 idem
1148 1332 1183 1358 et
1206 1326 1388 1362 thurarius,
1413 1325 1469 1356 ubi
1488 1330 1566 1356 sunt
1584 1334 1651 1355 arae

953 1379 1039 1419 Opis
1054 1382 1089 1409 et
1101 1376 1235 1408 Cereris
1248 1387 1322 1407 cum
1338 1376 1433 1417 signo
1447 1374 1655 1407 Vertumni.’

951 1429 1018 1460 Ubi
1036 1429 1127 1459 nulia
1144 1428 1270 1458 mentio
1288 1437 1354 1458 arae
1367 1427 1524 1460 sunonis.
1570 1427 1654 1459 Qni-

950 1480 1201 1519 damjugarium
1219 1478 1346 1508 dictum
1365 1477 1517 1508 scribunt
1535 1476 1576 1507 ab
1594 1486 1653 1507 ara

945 1531 1042 1571 juga,
1068 1529 1158 1571 quod
1183 1529 1225 1559 ad
1254 1538 1326 1558 earn
1349 1528 1517 1558 nubentes
1545 1527 1657 1557 veteri

951 1580 1016 1610 ritu
1034 1579 1176 1610 vinculis
1189 1579 1301 1619 juncti
1321 1577 1461 1609 fuerint.
1487 1578 1586 1608 Idem.

993 1630 1006 1651 b
1022 1628 1125 1668 Juge]
1155 1629 1274 1660 Cicero
1292 1637 1331 1659 11.
1348 1628 1390 1658 de
1408 1628 1650 1658 Divinatione:

952 1680 960 1696 ‘
974 1679 1065 1710 Huic
1082 1679 1188 1709 simile
1211 1684 1278 1717 est,
1300 1678 1390 1718 quod
1418 1687 1476 1708 nos
1495 1677 1654 1717 Augures

953 1730 1180 1771 praecipimus,
1205 1738 1246 1759 ne
1269 1729 1353 1769 juge
1379 1728 1564 1768 auspicium
1594 1727 1654 1758 ob-

952 1782 1078 1822 veniat,
1101 1787 1138 1812 ut
1166 1781 1321 1821 jumenta
1351 1780 1498 1820 jubeant
1526 1779 1655 1819 disjun-

952 1832 1055 1873 gere.'
1112 1832 1220 1862 Servii
1253 1830 1445 1870 fragmenta
1476 1830 1507 1860 in
1540 1829 1623 1860 iilud
1644 1841 1652 1861 z

950 1886 958 1901 ‘
977 1885 1119 1925 primum
1148 1893 1245 1914 omen
1264 1892 1367 1923 equos
1384 1882 1417 1912 in
1436 1882 1588 1922 gramine
1605 1883 1652 1912 vi-

951 1935 984 1965 di
998 1934 1019 1967 :⁹
1044 1936 1053 1951 ‘
1073 1933 1175 1964 Multi
1200 1933 1241 1963 de
1259 1932 1351 1962 libris
1370 1931 1543 1972 Augurum
1564 1938 1654 1963 trac-

952 1991 1022 2017 tum
1040 1983 1190 2016 tradunt.
1235 1982 1369 2022 Jugetis
1383 1982 1486 2020 enim,
1502 1981 1590 2022 quod
1610 1991 1652 2013 ex

944 2036 1075 2077 junctis
1113 2034 1278 2075 jumentis
1319 2033 1377 2063 fiat
1395 2044 1401 2062 :
1450 2032 1652 2063 observatur

951 2088 1052 2126 euim,
1075 2096 1116 2116 ne
1143 2085 1319 2125 prodituro
1346 2083 1560 2123 magistratui
1586 2082 1652 2113 dis-

946 2138 1078 2180 junctis
1106 2136 1214 2167 bubus
1241 2136 1424 2175 plaustrum
1443 2133 1575 2164 obviam
1596 2143 1651 2164 ve·

952 2187 1056 2220 niatz'
1084 2192 1119 2218 et
1143 2186 1252 2217 infra:
1287 2187 1295 2203 ‘
1315 2186 1400 2216 Cum
1429 2191 1540 2215 autem
1569 2184 1653 2216 dicit

951 2249 1058 2279 mco,
1083 2248 1195 2269 verani
1216 2236 1496 2276 significationem
1514 2235 1650 2276 Jngetis

949 2289 1055 2321 facit.’
1079 2290 1148 2320 Jos.
1167 2288 1250 2318 scal.

992 2339 1094 2380 Jnge]
1124 2339 1278 2370 Pessime
1294 2337 1382 2367 hunc
1397 2337 1507 2368 locum
1525 2340 1651 2368 tracta=

949 2393 996 2424 vit
1012 2391 1214 2431 Scbegkius.
1260 2389 1448 2428 Auspicato
1470 2388 1572 2427 viam,
1593 2393 1652 2419 aut

950 2443 1040 2474 aliud
1052 2441 1376 2482 agenti‚jumentum
1386 2439 1652 2480 alterijumento

950 2495 1100 2525 vinctum
1124 2492 1151 2522 si
1169 2496 1298 2522 stercus
1315 2489 1457 2526 faceret,
1474 2499 1515 2520 ex
1535 2488 1650 2529 Augu-

951 2553 1023 2575 rum
1042 2542 1163 2573 ritibus
1181 2541 1323 2572 vitiabat
1340 2539 1540 2580 auspicium,
1562 2539 1651 2580 quod

951 2603 1018 2624 non
1031 2591 1183 2623 faciebat
1197 2590 1239 2621 ab
1250 2590 1314 2621 aiio
1328 2590 1527 2630 sejunctum.
1552 2588 1652 2620 Ideo-

953 2652 1018 2684 que
1035 2652 1078 2674 ne
1096 2642 1163 2673 tale
1181 2640 1368 2682 auspicium
1385 2640 1575 2679 obveniret,
1595 2639 1651 2680 jum

950 2692 1079 2724 bebant
1096 2690 1301 2731 disjungere.
1334 2690 1454 2722 Cicero
1471 2699 1510 2720 11.
1529 2688 1570 2720 de
1590 2689 1652 2720 Di-

954 2744 1056 2776 vinat‚
1079 2742 1136 2774 ‘Si
1160 2741 1294 2784 quando
1323 2751 1392 2772 rem
1418 2750 1519 2781 agere
1537 2741 1652 2779 veliet,
