1835 2906
403 175 464 204 DE
498 174 771 207 VERBORUM
806 174 1219 208 SIGNIFICATIONE
1254 179 1350 210 LIB.
1383 181 1453 211 lX.

1570 172 1656 214 323

257 270 492 311 incicorem
513 270 801 312 iracundiam.
862 270 1086 312 Interdum
1108 273 1227 314 cicur
1255 287 1333 327 pro
1361 276 1556 330 sapiente
1577 291 1656 331 po-

255 337 380 385 nitur,
401 341 448 378 ut
467 338 583 379 idem
605 337 854 380 Pacuvius:
876 340 1109 381 consilium
1131 341 1264 382 cicur.

201 402 370 445 Incillae
386 410 420 434 ¹4
435 411 451 435 Ρ
483 406 636 456 fossae,
666 419 765 461 quae
785 408 830 448 in
852 407 937 447 viis
959 407 1070 447 fiunt
1085 407 1142 449 ad
1160 408 1457 453 deducendam
1474 427 1652 468 aquam,

256 471 349 511 sive
371 472 670 515 derivationes
691 474 743 515 de
763 476 855 516 rivo
878 476 1102 516 communi
1119 476 1265 518 factae.

200 538 381 589 Incita‚‘¹
402 541 597 583 incitata.

200 606 421 659 Incitega‘
442 610 707 659 machinula,
725 610 769 649 in
793 623 882 663 qua
903 612 1246 653 constituebatur
1266 613 1308 653 in
1332 616 1536 657 convivio
1562 614 1652 658 vini

255 675 495 728 amphora:
518 677 571 717 de
590 691 679 730 qua
700 678 883 718 subinde
905 678 1166 721 deferrentur
1186 680 1337 722 vina.¹⁵

801 797 1038 810 meneeaeoee

241 875 278 903 14
304 873 450 906 Quidam
479 875 555 906 libri
584 876 705 907 Inciliae
736 878 788 908 vel
813 878 1022 910 lucium—15
1048 880 1116 911 Pro
1147 879 1340 917 deferrentur
1364 882 1436 913 vina
1464 882 1649 923 legendum

198 921 298 956 putat
314 917 400 949 Dae.
415 918 658 955 defimderentur
671 920 754 951 rina.

855 997 996 1028 NOTAE

241 1072 256 1092 Ι·
280 1069 415 1109 [ncilloe]
439 1069 527 1101 Vide
553 1070 726 1110 ‘Inlices,'
751 1076 786 1103 et
802 1073 810 1090 ‘
827 1072 895 1103 Eli-

198 1119 279 1157 ces‚¹
303 1124 338 1150 et
362 1121 370 1136 ‘
388 1120 569 1152 Inlicium.'
590 1122 669 1153 Ant.
688 1122 772 1161 Aug.

241 1169 379 1211 Incinoe]
412 1172 502 1211 Lege
518 1172 642 1204 lucilia.
686 1173 806 1204 lucilia
821 1175 896 1205 loca

198 1219 358 1259 depressa
383 1230 479 1261 aquae
503 1221 711 1254 derivandae.
757 1224 895 1264 Ulpian.

198 1272 232 1301 iu
250 1271 359 1302 Pand.
376 1271 434 1303 lib.
454 1281 560 1303 xmn.
577 1274 586 1290 ‘
600 1273 708 1305 Incile
726 1279 778 1305 est
802 1275 894 1306 locus

196 1320 377 1361 depressus
404 1321 446 1352 ad
476 1325 564 1354 latus
590 1322 751 1363 fluminis,
785 1335 826 1356 ex
854 1335 894 1356 eo

196 1372 409 1413 dictusquod
426 1373 612 1405 incidatur:
630 1375 793 1406 inciditur
805 1376 893 1406 enim

196 1422 248 1452 vel
265 1422 350 1462 lapis
364 1423 416 1454 vel
435 1428 537 1463 terra,
551 1424 640 1456 unde
655 1426 796 1466 primum
810 1435 896 1466 aqua

197 1483 238 1504 ex
256 1472 393 1504 flumine
409 1474 463 1514 agi
481 1475 598 1514 possit.
643 1475 710 1506 Sed
736 1480 771 1506 et
793 1475 894 1507 fossae

196 1527 232 1554 et
257 1523 351 1563 putei
376 1525 438 1555 hoc
455 1524 640 1557 interdicto
656 1526 896 1558 continentur.’

196 1574 269 1604 Etsi
287 1574 328 1604 de
345 1579 459 1615 etymo
473 1574 604 1606 fallitur
618 1576 797 1617 Ulpianus,
819 1587 895 1608 uam

195 1623 288 1654 incile
314 1629 367 1654 est
392 1624 435 1655 ab
462 1624 625 1661 inciendo;
649 1631 687 1656 ut
712 1637 731 1657 a
756 1627 764 1643 ‘
783 1626 896 1666 cubo‚’

196 1674 354 1715 ‘cubile‚'
374 1675 421 1705 sic
438 1675 481 1706 ab
498 1676 629 1714 ‘incio,’
643 1676 792 1707 ‘incile.·¹
808 1677 818 1694 ‘
831 1676 898 1707 fos-

197 1733 252 1755 sas
277 1724 415 1755 inciles'
440 1725 528 1756 dixit
554 1726 640 1757 Cato
668 1726 710 1757 de
736 1728 775 1757 R.
799 1728 897 1759 Rust.

195 1784 272 1814 cap.
289 1777 362 1806 155.
406 1775 492 1806 Inde
516 1776 697 1808 ‘incilare'
720 1778 893 1810 Palladius

195 1825 254 1856 lib.
272 1834 343 1856 xn.
359 1826 412 1857 tit.
429 1829 461 1858 3.
485 1827 566 1858 Dae.

238 1882 253 1901 ‘1
278 1876 399 1917 Incita]
437 1877 597 1916 Incitata,
628 1878 661 1909 id
690 1883 755 1919 est,
782 1880 893 1911 conci-

195 1930 281 1959 tata.
340 1927 476 1959 Lucret.
511 1929 521 1946 ‘
547 1929 606 1960 Vis
639 1930 744 1961 incita
775 1930 892 1962 venti.’

195 1978 294 2009 Idem.

236 2034 249 2050 ¹
270 2029 428 2071 Incitega]
452 2030 615 2072 Superius
631 2032 819 2064 monuimus
837 2034 891 2064 Ιη-

192 2079 327 2118 cz‘tegam
348 2079 476 2111 dictam
500 2081 543 2112 ab
563 2082 757 2121 integendo.
802 2084 890 2116 Quia

193 2129 338 2160 Veteres
355 2130 542 2170 Menegere,
565 2142 627 2172 pro
643 2132 782 2171 integere
799 2133 889 2164 dice-

192 2178 287 2219 bant,
309 2184 345 2212 ut
367 2181 375 2197 ‘
389 2182 637 2222 Reciprocum'
662 2193 723 2223 pro
746 2185 754 2201 ‘
773 2193 890 2224 repro-

193 2237 267 2259 cum
281 2228 302 2259 :⁷
323 2231 333 2247 ‘
347 2231 564 2271 reciperare‚'
588 2242 649 2272 pro
672 2232 681 2249 ‘
696 2242 855 2273 reparare
870 2234 892 2265 ι’

193 2280 202 2294 ⁴
216 2277 448 2320 concipilare‚’
467 2290 527 2321 pro
543 2283 552 2299 ‘
567 2283 777 2323 compilare.'
806 2284 890 2315 Dic-

195 2331 230 2358 ta
246 2327 288 2358 ab
304 2328 501 2369 integendo‚
523 2333 603 2372 quia
620 2338 749 2372 partem
766 2344 889 2365 mensae

194 2381 305 2417 tegat.
349 2378 399 2408 Ea
415 2383 528 2410 autem
554 2382 748 2421 utebantur,
774 2392 816 2413 ne
842 2383 889 2413 vi-

193 2428 325 2459 narium
341 2438 413 2468 vas,
433 2434 518 2469 puta
533 2436 644 2461 crater
660 2441 814 2472 maguus,
831 2438 889 2464 aut

194 2478 357 2518 amphora
382 2479 492 2510 labem
519 2489 561 2510 ex
587 2480 691 2512 fundo
716 2482 748 2512 in
772 2492 890 2514 mensa

194 2528 378 2569 relinquat,
398 2538 474 2560 cum
501 2539 592 2570 saepe
610 2530 783 2562 videamus
799 2533 888 2573 lage-

194 2586 253 2608 nas
264 2587 388 2610 mensae
398 2579 572 2620 impositas
582 2580 744 2612 circulum
758 2581 800 2612 de
814 2583 890 2613 vino

194 2627 388 2660 describere
410 2629 443 2660 in
467 2640 600 2671 mappa.
645 2631 767 2672 Itaque
788 2641 889 2673 copo-

195 2687 266 2717 neS‚
288 2688 329 2710 ne
345 2689 478 2722 mappa,
494 2686 553 2712 aut
570 2682 707 2713 mantile
725 2684 890 2715 maculam

195 2728 285 2761 illam
312 2733 525 2773 contrahant,
550 2733 725 2773 imponunt
749 2734 891 2767 circulos

950 1072 993 1102 de
1021 1072 1133 1112 ligno:
1170 1083 1272 1114 super
1301 1074 1421 1115 quibus
1452 1078 1649 1110 statuuntur

950 1123 1091 1162 lagenae.
1135 1124 1200 1154 Sed
1228 1130 1405 1156 crescente
1430 1127 1565 1160 luxuria
1591 1130 1648 1160 lias

949 1173 1157 1204 machinulas
1173 1174 1316 1205 Romani
1333 1176 1515 1215 abjecere:
1541 1185 1586 1219 et,
1607 1190 1650 1212 ne

950 1224 1076 1255 Citreae
1092 1234 1216 1256 mensae
1234 1226 1453 1269 laederentur,
1466 1231 1493 1261 si
1510 1231 1583 1262 sine
1601 1232 1648 1262 in-

950 1274 1070 1315 citegis
1097 1283 1245 1306 crateres
1269 1278 1443 1317 impositos
1461 1281 1559 1313 nndae
1577 1292 1649 1312 sus·

951 1324 1546 1366 tinerent,Gausapasinsternebant.
1563 1332 1650 1362 Pau-

951 1384 1050 1414 peres
1067 1385 1160 1414 vero,
1177 1384 1212 1407 ut
1231 1382 1325 1417 puto²
1341 1379 1507 1420 incitegas
1522 1382 1649 1413 retinu-

951 1430 1062 1457 erunt.
1109 1428 1296 1459 Martialis:
1322 1433 1330 1445 ‘
1348 1430 1504 1462 Nobilius
1532 1433 1649 1464 villosa

951 1480 1070 1516 tegant
1089 1477 1148 1508 tibi
1167 1488 1316 1519 gausapa
1331 1480 1464 1513 citrum.
1500 1483 1648 1514 Orbibus

953 1525 986 1556 in
1001 1527 1125 1557 nostris
1141 1528 1288 1559 circulus
1305 1538 1379 1560 esse
1395 1532 1531 1571 potest)
1560 1533 1648 1565 Nam

954 1581 1067 1616 potest
1082 1577 1224 1618 intelligi
1247 1579 1395 1621 incitega
1411 1591 1472 1622 per
1486 1582 1648 1615 clrculum

953 1627 1055 1657 illum.
1089 1628 1158 1658 Sed
1176 1628 1257 1659 nihil
1273 1630 1415 1671 impedit
1431 1637 1466 1662 et
1482 1634 1648 1666 maculam

951 1677 1150 1709 circularem
1179 1690 1331 1711 vasorum
1362 1682 1570 1715 vinariorum
1601 1685 1650 1715 in-

955 1728 1131 1768 telligere:
1157 1734 1192 1760 et
1218 1731 1392 1772 incitegae,
1415 1737 1452 1764 ut
1470 1738 1564 1773 puto,
1580 1744 1647 1766 non

948 1785 1044 1810 erant
1062 1780 1179 1811 circuli
1201 1783 1330 1821 specie.
1377 1784 1484 1815 Porro
1500 1785 1648 1826 incitega

948 1838 966 1859 a
982 1829 1110 1861 Graecis
1128 1837 1268 1862 vocatur
1288 1833 1455 1872 ἐγγυθήκη.
1504 1835 1647 1867 Polemo

945 1881 1144 1920 περιηγητής·
1171 1881 1327 1921 ἐγγυθήκη
1351 1883 1400 1914 καὶ
1423 1885 1471 1915 ἐπ’
1484 1885 1580 1922 αὐτῆς
1594 1886 1649 1916 κύ-

945 1936 1072 1963 πελλον.
1110 1933 1157 1963 Ut
1174 1934 1355 1966 manifesto
1371 1942 1536 1976 appareat
1553 1937 1647 1976 ἐγγυ-

946 1982 1042 2019 θήκην
1067 1983 1230 2024 ὑπόστημα
1258 1996 1345 2018 esse.
1399 1987 1505 2018 Dicta
1531 1993 1643 2020 autem

946 2035 1040 2074 quasi
1057 2034 1232 2074 ἀγγοθήκη.
1278 2037 1323 2067 Et
1340 2036 1385 2067 ita
1403 2038 1585 2069 vocabatur
1602 2039 1645 2069 ab

946 2082 1198 2116 Alexandrinis.
1244 2084 1430 2116 Athenaeus
1449 2097 1456 2116 :
1492 2086 1511 2123 ἡ
1542 2087 1567 2116 δ’
1597 2088 1648 2117 ὑπ’

943 2133 1167 2175 Ἀλεξανδρέων
1191 2135 1367 2174 καλουμένη
1387 2136 1558 2176 ἀγγοθήκη,
1580 2137 1644 2178 τρί-

944 2183 1043 2222 γωνός
1058 2187 1136 2221 ἐστι,
1153 2187 1233 2217 κατὰ
1252 2186 1349 2225 μέσον
1371 2186 1473 2226 κοίλη,
1499 2187 1645 2226 δέχεσθαι

944 2235 1093 2274 δυναμένη
1110 2237 1300 2274 ἐντιθέμενον
1320 2236 1473 2277 κεράμιον.
1512 2238 1645 2278 ’Ἔχουσι

944 2285 976 2316 δὲ
990 2289 1108 2323 ταύτην
1123 2286 1223 2324 οἱμὲν
1247 2287 1378 2323 πένητες
1404 2287 1538 2327 ξυλίνην,
1561 2289 1589 2319 οἵ
1610 2288 1643 2319 δὲ

943 2336 1086 2367 πλούσιοι
1110 2338 1246 2378 χαλκῆν,
1262 2337 1281 2373 ἢ
1297 2337 1442 2377 ἀργυρᾶν.
1487 2339 1642 2370 Vocatur

944 2392 1057 2417 autem
1071 2387 1112 2417 ab
1126 2387 1303 2417 Herodoto
1318 2387 1549 2429 ὑποκρητήριον.
1575 2389 1642 2420 Cu-

939 2436 996 2475 jus
1023 2436 1165 2467 nominis
1192 2447 1295 2468 causa
1322 2437 1464 2469 obscura
1488 2449 1553 2470 non
1578 2445 1643 2471 est.

943 2487 1012 2516 Jos.
1029 2486 1111 2517 Scal.

986 2536 1144 2577 Incitega]
1176 2536 1230 2568 Ab
1260 2537 1463 2578 integend03
1494 2541 1639 2572 Veteres

944 2585 1031 2616 enim
1049 2587 1215 2625 incitegere
1237 2597 1296 2627 pro
1313 2589 1450 2628 integere
1467 2590 1642 2630 dicebant,

944 2640 983 2666 ut
1014 2636 1023 2652 ‘
1043 2636 1252 2676 reciprocum
1268 2637 1275 2648 '
1307 2648 1368 2678 pro
1390 2640 1398 2655 ‘
1419 2649 1595 2679 reprocum
1612 2641 1639 2671 :¹

944 2690 954 2703 ‘
970 2686 1185 2727 reciperare‚’
1209 2692 1217 2705 ‘
1235 2690 1437 2729 reparare:’
1461 2695 1468 2707 ‘
1488 2692 1639 2730 concipi*

946 2736 1037 2777 lare‚’
1059 2738 1288 2779 ‘compilare'
1333 2740 1474 2780 Incitega
1497 2742 1537 2772 ab
1555 2742 1638 2773 ἰηιοἒ
