1835 2906
360 137 423 167 ne
456 133 727 166 VERBORUM
762 131 1166 165 SlGNlFch'rIONE
1201 134 1298 165 mn.
1330 134 1424 164 xi1.
1539 123 1623 166 483

234 244 332 285 rege
368 230 622 281 constituta,
656 230 703 272 in
736 241 826 285 qua
853 228 1008 270 liceret
1041 226 1083 267 ei
1114 227 1368 281 suffragium
1396 227 1521 277 ferre,
1552 229 1627 282 qui

234 311 322 340 non
344 298 519 339 tulisset
548 298 592 338 in
624 310 734 340 sua:
764 296 923 350 nequis
955 295 1066 337 civis
1097 295 1288 348 suffragii
1314 296 1414 349 jure
1436 296 1628 349 privare-

236 372 333 407 tur:
364 378 465 406 nam
502 365 685 406 sciscito
721 363 944 416 significat
975 362 1237 404 sententiam
1275 360 1429 412 dicito,
1453 374 1506 402 ac
1541 361 1630 402 suf-

237 433 422 486 fragium
456 433 592 474 ferto:
624 432 737 472 unde
772 432 882 472 scita
915 429 1080 483 plebis.
1141 428 1230 470 Sed
1266 428 1311 469 in
1350 442 1403 469 ea
1435 429 1631 470 centuria

236 512 380 553 neque
414 504 614 541 censetur
645 498 936 553 quisquam,¹0
964 509 1109 550 neque
1145 496 1344 537 centurio
1378 496 1631 549 praeficitur,

238 580 379 622 neque
415 567 673 609 centurialis
714 569 864 620 potest
913 577 1028 615 esse,
1069 564 1176 617 quia
1211 576 1341 604 nemo
1379 568 1524 605 certus
1566 569 1632 604 est

240 635 337 689 ejus
354 636 564 677 centuriae
582 648 592 677 :
624 639 696 676 est
715 637 860 674 autem
882 631 926 673 N
930 632 1184 686 iquiscivit,
1205 631 1289 671 nisi
1306 630 1407 684 quis
1430 631 1577 672 scivit.

185 703 383 745 Nivemx
423 703 599 745 Verrius
641 703 937 755 interpretatur
984 714 1133 741 novum
1185 713 1232 739 ex
1267 698 1444 749 Graeco,
1485 698 1560 752 qui
1590 698 1634 739 id

239 784 346 812 neon
366 770 506 812 dicunt
530 768 587 811 N.
602 770 814 826 significat
834 769 910 810 da.

186 838 350 880 Nivem
386 840 695 894 interpretatur
723 851 885 880 novum
919 849 976 878 ex
1011 835 1187 886 Graeco,
1208 834 1324 890 quod
1358 834 1426 876 illi
1457 833 1634 888 [ΡΑυῑΗ

243 906 400 948 dicunt
416 905 502 947 νέον.
746 923 751 927 ·

189 972 301 1014 Nixi
327 973 401 1015 Dii
435 974 786 1028 appellabantur,
807 984 922 1026 quos
955 972 1171 1025 putabant
1200 970 1433 1025 praesidere
1468 969 1637 1024 parien-

244 1041 352 1081 tium
374 1041 571 1083 nixibus.

190 1106 301 1148 Nixi
324 1108 402 1149 Dii
422 1114 438 1137 y
473 1108 746 1163 appellantur
764 1107 847 1149 tria
874 1108 1000 1160 signa
1020 1107 1062 1148 in
1085 1106 1313 1160 Capitolio
1343 1110 1445 1146 ante
1476 1103 1642 1157 [FEST.

247 1175 417 1216 caellam
451 1175 666 1216 Minervae
688 1175 873 1227 genibus
903 1175 1030 1223 nixa,
1061 1174 1178 1215 velut
1211 1172 1503 1226 praesidentes
1523 1170 1640 1224 pari-

248 1242 415 1282 entium
431 1243 617 1283 nixibus
637 1255 646 1283 :
678 1254 777 1295 quae
801 1242 976 1294 signa,¹¹
1000 1244 1097 1283 sunt
1121 1241 1197 1294 qui
1216 1246 1229 1262 ²
1251 1239 1475 1281 memoriae
1497 1237 1642 1292 prodi-

795 1369 1042 1382 OO‘OON‘OOOO

238 1454 276 1481 10
300 1450 386 1482 Ead.
402 1449 457 1481 ed.
474 1449 731 1489 quicquam—ll
758 1448 839 1480 Vet.
856 1447 931 1478 cod.
946 1457 1013 1479 sua.

848 1566 989 1599 NOTAE

236 1651 249 1665 Γ(
277 1643 405 1683 Nivem]
442 1643 476 1673 N
479 1643 557 1674 irem
583 1642 711 1674 Verrius
737 1641 893 1682 interpre-

194 1698 281 1725 tatur
292 1702 401 1724 novum
417 1702 456 1723 ex
474 1693 584 1723 Graeco
600 1693 652 1732 qui
664 1693 696 1723 id
708 1691 778 1724 νέον
788 1692 893 1723 dicunt

201 1746 235 1775 Ν
238 1766 345 1775 .....
357 1744 516 1784 significat
529 1744 568 1773 da
582 1763 590 1772 .
603 1765 611 1774 .
623 1766 630 1774 .
647 1766 654 1773 .
667 1743 724 1774 Ita
749 1741 895 1774 scheda».

196 1794 263 1826 Sed
282 1795 347 1825 ista
364 1793 399 1823 N
402 1813 489 1825 .....
502 1814 509 1822 .
521 1793 678 1834 significat
690 1794 730 1824 du
733 1813 825 1824 .....
828 1798 897 1824 tam

197 1845 262 1876 huc
280 1854 345 1875 non
370 1843 541 1884 pertinere
558 1848 688 1874 certum
706 1848 772 1884 est,
797 1853 897 1884 quam

198 1904 263 1935 quo
279 1893 473 1934 pertineant
485 1894 662 1925 incertum.
678 1894 767 1925 Puto
783 1899 896 1925 tamen

200 1943 332 1974 divulsa
349 1943 390 1974 ab
406 1952 446 1973 eo
462 1944 590 1984 capite,
606 1943 661 1974 ubi
678 1944 721 1974 de
731 1944 897 1975 noctiluca.

199 1993 265 2024 Sed
289 2002 348 2023 cur
371 2002 390 2023 a
416 1992 494 2033 νέον,
523 1993 620 2033 nivis,
645 1993 727 2024 nix?
753 1993 803 2024 An
821 1994 900 2035 quia

201 2048 271 2073 tum
289 2047 419 2073 tantum
432 2043 489 2073 nix
503 2047 554 2074 est
569 2043 647 2074 dum
663 2053 751 2074 nova
766 2050 831 2083 est,
842 2053 899 2075 ne-

201 2103 266 2134 que
302 2093 335 2123 in
362 2093 525 2134 liquorem
554 2095 725 2126 resoluta?
776 2094 900 2134 Nugae.

202 2143 270 2174 Nix
285 2148 338 2174 est
353 2143 394 2174 ab
411 2143 565 2174 obsoleto
592 2143 655 2183 νὶψ,
680 2143 779 2184 νιφός.
805 2144 901 2175 Vela

203 2194 306 2233 ninxi,
323 2197 391 2224 uta.
408 2197 417 2210 ‘
433 2193 538 2234 duxi,’
554 2194 563 2211 ‘
575 2194 670 2226 dux!
693 2195 765 2228 Jul.
794 2194 900 2226 Scali-

203 2252 263 2282 ger
277 2243 414 2274 volebat
431 2253 505 2275 esse
523 2253 584 2284 per
599 2254 774 2286 syncopen
791 2253 833 2275 ex
850 2245 900 2275 ni-

203 2294 261 2323 ris.
291 2293 387 2324 Nivis
401 2298 514 2325 antem
535 2304 553 2325 a
564 2295 702 2335 ninguis,
714 2305 780 2336 quo
794 2295 902 2327 utitur

207 2344 345 2374 Lucret.
376 2344 477 2375 Idem.

248 2401 260 2421 Υ
298 2395 381 2425 Nixi
416 2395 476 2425 Dii
508 2395 638 2435 [Nixii]
669 2396 878 2428 Glossarium
894 2406 902 2426 :

208 2446 217 2462 ‘
232 2445 343 2483 Nixae,
358 2444 481 2475 ὢδῖνες.’
527 2445 567 2476 In
594 2445 673 2486 fine,
687 2456 753 2486 quoe
769 2446 812 2476 ibi
834 2446 905 2477 sub-

200 2496 290 2534 jecta
308 2495 431 2533 suerint
448 2505 581 2526 mensoe:
605 2496 668 2527 hoc
696 2502 762 2536 est,
785 2496 904 2536 oppig-

210 2551 327 2577 nerata
356 2546 558 2588 argentariis
600 2547 905 2578 Corinthiensibus.

211 2597 349 2628 Deinde
375 2606 416 2628 ex
440 2602 572 2628 vetusto
595 2597 700 2628 libro:
725 2598 834 2629 Etiam
853 2597 906 2638 qui

210 2650 301 2687 capta
311 2647 475 2678 Corintho:
490 2648 554 2679 hoc
564 2652 627 2687 est,
638 2648 725 2679 Sunt
738 2648 839 2679 etiam
851 2647 907 2688 qui

215 2696 329 2729 dicant
347 2703 448 2739 capta
458 2697 633 2737 Corintho,
648 2699 711 2730 διο.
735 2698 802 2730 Jos.
829 2697 911 2729 δραι,

990 1641 1072 1673 Nixi
1084 1640 1160 1682 Dii]
1179 1641 1242 1672 Vel
1257 1640 1341 1671 ηἰπίἱ
1357 1649 1376 1671 a
1390 1638 1541 1680 nitendo,
1557 1640 1647 1681 quod

949 1691 1081 1722 nixibus
1098 1690 1302 1731 parientium
1321 1689 1538 1730 praesideant.
1575 1690 1649 1719 Nitz'

951 1742 1039 1773 enim
1079 1741 1216 1781 proprie
1253 1740 1296 1771 de
1341 1739 1566 1779 parientibus,
1613 1743 1649 1770 et

950 1795 1056 1835 nixus,
1075 1799 1205 1834 partus.
1229 1792 1327 1832 Virg.
1343 1801 1394 1823 ιν.
1417 1791 1546 1830 Georg.
1563 1790 1573 1807 ‘
1590 1794 1650 1821 aut

951 1844 1056 1875 foetus
1082 1843 1214 1875 nixibus
1236 1840 1365 1874 edunt.’
1409 1840 1477 1872 Ubi
1491 1839 1649 1871 Servius:

951 1896 961 1913 ‘
974 1894 1134 1933 NixibnS‚
1159 1892 1326 1934 partubus
1342 1901 1362 1922 a
1377 1890 1538 1922 nitendo:
1561 1889 1651 1921 unde

952 1950 987 1978 et
1003 1945 1103 1977 enixa
1118 1943 1282 1976 dicimus?
1305 1943 1415 1974 Nixos
1430 1946 1541 1973 autem
1559 1941 1651 1972 Deos

952 1996 1045 2036 legas
1060 1995 1148 2036 apud
1166 1993 1334 2025 Ovid.1x.
1358 1991 1502 2022 Metam.
1522 1991 1532 2007 ‘
1546 1990 1652 2021 Fessa

953 2045 1061 2080 malis,
1080 2044 1291 2084 tendensque
1308 2041 1350 2073 ad
1364 2041 1487 2072 coelum
1504 2040 1654 2079 brachia,

953 2105 1075 2136 magno
1118 2093 1295 2132 Lucinam,
1337 2091 1502 2131 nixusque
1541 2099 1652 2130 pare8‚

955 2146 1100 2176 clamore
1117 2141 1294 2175 vocatam?
1317 2141 1400 2173 Dac-

997 2199 1009 2214 z
1034 2195 1112 2230 Quae
1132 2193 1224 2232 signa
1245 2195 1317 2223 sunt
1341 2191 1410 2232 qui]
1435 2190 1553 2230 Lego:
1586 2198 1653 2228 quoe

954 2245 1060 2286 signa,
1088 2247 1160 2274 sunt
1188 2242 1240 2284 qui
1271 2242 1424 2273 memorioe
1448 2240 1654 2281 prodiderint,

956 2295 1112 2327 Antiocho
1127 2303 1201 2333 rege
1218 2293 1321 2333 Syriae
1329 2294 1485 2332 superato,
1499 2290 1549 2320 M.
1566 2289 1655 2319 Atti-

956 2345 1033 2376 lium
1051 2343 1209 2375 subtracta
1231 2343 1340 2382 populo
1357 2342 1446 2372 Rom.
1466 2341 1658 2381 adportasse,

957 2399 1048 2436 atque
1058 2394 1112 2425 ubi
1126 2396 1197 2424 sunt
1212 2391 1357 2432 posuisse.
1402 2391 1510 2421 Etiam
1532 2390 1585 2431 qui
1607 2390 1656 2419 di-

958 2449 1029 2476 cant
1044 2448 1134 2484 capta
1149 2442 1297 2473 Corintho
1312 2442 1439 2472 advecta
1452 2441 1519 2480 huc,
1530 2450 1597 2481 quae
1611 2439 1656 2470 ibi

957 2493 1221 2533 subjectafuerz'nt
1242 2501 1365 2523 mensoe.
1411 2489 1487 2521 Hoc
1504 2495 1571 2529 est,
1585 2495 1655 2520 sum

958 2545 1052 2576 etium
1065 2543 1131 2584 qui,
1141 2545 1193 2583 ἱςε.
1216 2541 1360 2580 Subjecta
1374 2549 1498 2580 mensoe‚
1510 2540 1572 2571 hoc
1589 2545 1656 2578 est,

960 2605 1034 2636 quae
1051 2594 1096 2625 ibi
1120 2593 1346 2634 oppignerata
1372 2591 1571 2632 argentariis
1592 2591 1656 2621 Co·

961 2645 1215 2678 rinthiensibus.
1242 2643 1338 2675 Idem.
