1835 2906
205 96 290 135 414

661 106 812 137 SEXTI
848 103 1048 138 POMPEII
1086 107 1222 138 FESTI

208 198 542 254 Metaplasticos
557 205 591 231 ¹4
603 198 616 222 f
643 201 803 244 dicitur
825 201 943 256 apud
961 201 1098 255 po'e'tas
1114 202 1306 257 usurpari
1326 202 1373 243 id
1385 203 1502 258 quod
1520 217 1650 257 prop-

263 273 325 308 ter
354 269 667 310 necessitatem
699 271 824 311 metri
854 277 1010 311 mutare
1042 277 1353 311 consueverunt:
1383 271 1502 326 quod
1531 272 1650 312 idem

262 335 548 376 barbarismus
569 336 720 377 dicitur
742 337 783 377 in
804 337 937 379 soluta
959 339 1160 380 oratione
1179 338 1490 379 conscribenda.
1511 370 1519 378 .
1539 370 1547 378 .
1568 369 1577 378 .

209 401 349 444 Meta.
374 434 382 442 .
403 434 412 442 .
429 433 438 442 .
460 417 525 444 ca.
550 435 584 444 ..
607 435 615 443 .
639 412 697 446 ει]ζ
724 431 788 446 ...
810 407 995 446 cariore.

726 473 872 514 dicare
891 475 952 514 ait
974 474 1152 524 Ennius,

728 674 871 726 accip.

208 739 369 780 Metari
390 739 555 780 castrah
587 740 800 791 dicuntur,
816 742 936 794 quod
955 743 1088 783 metis
1102 742 1360 795 diriguntur.

209 805 402 848 Metellii
432 807 629 848 dicuntur
647 809 691 848 in
711 821 757 849 re
779 809 997 850 militari&
1028 811 1156 863 quasi
1168 810 1439 851 mercenarii.

1031 437 1040 447 .
1061 437 1069 446 .
1088 436 1098 446 .
1129 410 1404 459 perventura.
1438 436 1447 445 .
1464 436 1473 446 .
1489 436 1498 445 .
1532 404 1651 461 quod.

1186 541 1231 582 id
1246 546 1325 582 est.

948 608 1060 649 abus
1082 612 1147 649 ut.

1242 681 1399 731 gratza.
1647 705 1657 715 .

1477 742 1655 796 [PAUL.

1500 809 1653 852 Attius

262 874 482 915 annalium
502 875 715 927 vigesimo
747 876 988 929 septimo‚¹⁶
1018 877 1210 924 calones,
1226 877 1481 930 famulique,
1503 878 1655 918 metel-

262 943 394 996 lique,
416 943 690 996 caculaeque,
713 956 740 983 a
759 956 846 997 quo
877 957 1031 997 genere
1060 944 1284 985 hominum
1317 943 1512 986 Caecilia:
1531 944 1657 985 fami-

265 1010 336 1051 liae
357 1022 599 1062 cognomen
622 1014 795 1063 putatur
816 1011 1018 1053 ductum:
1035 1018 1067 1042 ¹⁷
1098 1011 1206 1067 quod
1225 1020 1296 1054 est.
1313 1041 1347 1052 ..
1368 1043 1376 1052 .

811 1119 950 1130 oooooo

253 1198 291 1227 14
315 1194 403 1225 Vide
422 1196 628 1227 Notas.—15
654 1196 800 1228 Quidam
829 1202 898 1229 vet.
921 1197 980 1229 lib.
1008 1200 1040 1229 ἑτι
1067 1200 1134 1238 lege
1159 1199 1388 1231 minema—16
1412 1198 1555 1231 Quidam
1583 1199 1658 1231 libri
1718 1201 1721 1203 ’

953 1119 1050 1130 ”or-e

209 1239 320 1271 Attius
333 1239 367 1269 in
381 1240 571 1270 annal.—l7
598 1238 654 1270 Al.
670 1241 798 1271 dictum.
845 1241 934 1271 Vide
950 1240 1011 1273 inf.

870 1338 1011 1370 NOTAE

209 1398 436 1430 transferetur
452 1400 670 1441 improprium
687 1401 774 1432 erit.'
797 1401 906 1433 Item:

209 1450 218 1465 ‘
234 1449 437 1489 Metaphora
463 1450 551 1481 enim
576 1456 635 1482 aut
660 1457 835 1483 vacantem
853 1463 909 1484 oc-

210 1507 338 1537 cupare
365 1499 475 1529 locum
500 1500 615 1536 debet,
640 1506 697 1532 aut
721 1502 747 1532 si
772 1503 805 1533 in
830 1504 909 1534 alie-

211 1557 289 1579 num
315 1549 420 1588 venit,
441 1551 517 1591 plus
542 1552 653 1583 valere
677 1563 717 1584 eo
735 1553 823 1594 quod
851 1563 908 1584 ex-

212 1599 332 1639 pellit.’
356 1600 438 1631 Dae.

254 1649 267 1667 f
286 1650 375 1680 Meta
400 1672 407 1680 .
424 1673 431 1681 .
447 1673 454 1680 .
471 1674 478 1682 .
502 1651 608 1691 stices]
649 1653 910 1693 Memphi-astices

211 1699 374 1740 scriptum
404 1700 508 1732 fnisse
540 1702 686 1742 videtur,
717 1704 777 1734 sed
819 1714 910 1735 men-

212 1751 306 1790 dose,
337 1761 398 1791 pro
428 1753 687 1795 Metwhrasstce,
718 1755 770 1785 vel
806 1755 910 1785 Meta-

208 1802 330 1842 phrasi,
346 1803 399 1833 vel
416 1813 477 1843 pro
498 1804 678 1844 Metastasi,
697 1806 749 1836 vel
767 1805 909 1837 Metabu-

210 1852 259 1883 si:
284 1852 504 1893 interpretari
529 1858 641 1885 autem
668 1856 910 1894 existimamus,

211 1912 287 1934 cum
305 1903 415 1943 poe'tae
433 1909 576 1944 propter
587 1906 826 1937 necessitatem
842 1916 911 1937 rne-

211 1953 256 1984 tri
273 1954 363 1984 alind
382 1964 442 1995 pro
459 1955 523 1985 alio
541 1961 681 1995 ponunt.
710 1957 787 1988 Ant.
804 1957 889 1995 Aug.

254 2004 385 2035 Illeta..
402 2028 409 2036 .
423 2028 430 2036 .
443 2005 551 2045 stices]
576 2006 710 2038 Scribe:
738 2008 909 2048 Illelaplas-

211 2055 288 2085 ticos
316 2055 433 2086 dicitur
458 2057 539 2095 apud
566 2057 672 2096 poetas
702 2058 847 2098 usurpari
877 2058 911 2088 id

211 2107 290 2144 quod
303 2109 430 2146 propter
439 2107 648 2137 necessitatem
665 2109 756 2138 metri
767 2111 886 2139 mutant
900 2120 909 2138 .·

211 2157 290 2194 quod
305 2156 386 2186 idem
401 2157 609 2188 barbarismus
629 2158 744 2188 dicitur
759 2159 793 2188 in
811 2160 911 2190 soluta

212 2206 353 2236 oratione
368 2206 595 2239 conscribenda.
619 2208 692 2239 Jos.
707 2208 796 2238 Scal.

255 2257 506 2297 Meeaplasticos]
530 2258 778 2298 Metaplasmus
809 2268 829 2288 a
856 2270 910 2297 με·

212 2306 396 2343 ταπλάττω,
448 2307 664 2347 transformo,
712 2314 909 2339 transmuto.

215 2357 361 2389 Quintil.
376 2358 433 2389 lib.
451 2368 475 2389 1.
492 2368 565 2399 cap.
580 2361 610 2390 8.
626 2361 634 2376 ‘
651 2359 909 2399 Depreliendat-

215 2416 279 2446 que
310 2417 383 2447 quae
415 2408 571 2445 barbara,
604 2419 679 2450 quae
711 2409 908 2450 impropria,

213 2466 288 2496 quae
306 2462 424 2488 contra
448 2459 557 2499 legem
579 2459 738 2500 loquendi
755 2465 832 2490 sunt
850 2469 909 2500 po-

213 2505 292 2543 sita,
315 2515 382 2537 non
405 2513 442 2538 ut
459 2518 501 2539 ex
518 2509 567 2540 his
584 2510 700 2551 utique
716 2510 908 2550 improben-

215 2561 268 2586 tur
294 2557 419 2597 poiitae,
449 2560 582 2601 quibus,
609 2561 687 2602 quia
712 2562 911 2602 plerumque

214 2612 323 2638 metro
348 2609 475 2640 servire
498 2618 675 2651 coguntur.
701 2613 785 2643 adeo
800 2614 909 2653 ignos-

215 2658 318 2698 citur,
342 2663 378 2690 ut
404 2659 485 2691 vitia
508 2660 581 2700 ipsa
605 2662 678 2693 aliis
703 2663 735 2693 in
761 2663 908 2694 carmine

963 1403 1248 1443 appellationibus
1278 1403 1505 1435 nominentur.
1548 1403 1660 1433 Meta-

963 1454 1111 1494 plasmos
1142 1455 1230 1485 enim
1260 1459 1296 1485 et
1332 1454 1597 1493 schematismos,
1624 1457 1660 1483 et

964 1503 1146 1542 schemata,
1173 1508 1208 1534 ut
1229 1504 1313 1543 dixi,
1338 1513 1508 1542 vocamus,
1535 1508 1570 1534 et
1590 1504 1658 1533 lau-

967 1553 1042 1583 dem
1062 1553 1198 1585 virtutis
1222 1553 1419 1584 necessitati
1440 1552 1580 1591 damus‚'
1596 1556 1661 1583 estc.

965 1603 1050 1634 Dae.

1010 1660 1022 1681 Β
1050 1655 1138 1685 Metu
1154 1676 1161 1683 .
1172 1679 1180 1686 .
1197 1679 1204 1686 .
1217 1666 1263 1686 ca.
1277 1675 1285 1685 .
1302 1677 1310 1685 .
1326 1678 1333 1686 .
1348 1655 1382 1695 α]
1408 1655 1527 1685 Metarz'
1559 1658 1661 1685 castra

966 1706 1068 1736 vocari
1081 1715 1099 1735 α
1116 1706 1216 1737 metis.
1241 1705 1333 1736 Nilnil
1349 1705 1439 1736 aliud
1457 1705 1566 1735 video.
1592 1706 1661 1736 Ne-

965 1766 1029 1797 que
1046 1756 1134 1786 enim
1152 1757 1304 1787 Doctiss.
1336 1756 1480 1787 Merulae
1506 1756 1661 1786 assentiri

965 1817 1113 1847 possum,
1129 1807 1184 1847 qui
1204 1807 1236 1837 in
1252 1808 1342 1838 hisce
1361 1807 1538 1838 ruderibus
1555 1808 1662 1838 latere

965 1857 1099 1897 putavit
1111 1856 1336 1897 fragmentum
1352 1858 1464 1897 Ennii,
1479 1858 1561 1889 Dico
1577 1859 1662 1897 queis

964 1908 1043 1938 lumc
1058 1907 1161 1938 dicare
1172 1908 1265 1948 cupit.
1296 1908 1405 1939 Idem.

1007 1956 1021 1977 ¹²
1045 1958 1164 1989 Metari
1185 1957 1304 1997 castra]
1330 1959 1451 1990 ,Metari
1473 1959 1552 1989 nihil
1571 1957 1660 1989 aliud

965 2013 1030 2048 est,
1046 2018 1145 2049 quam
1168 2009 1335 2050 dividere,
1363 2020 1476 2041 secare
1500 2010 1566 2040 suis
1587 2009 1660 2039 tini-

965 2059 1024 2089 bus
1051 2065 1085 2091 et
1112 2061 1221 2091 metis.
1266 2059 1351 2091 Inde
1372 2061 1541 2090 ‘metator
1563 2068 1659 2098 agro-

966 2118 1037 2139 rum
1051 2109 1058 2122 ’
1081 2110 1238 2140 Ciceroni
1255 2109 1442 2151 estfinz‘tor,
1454 2110 1508 2140 cui
1521 2109 1568 2140 rei
1583 2118 1660 2148 gru-

965 2170 1020 2191 ma
1045 2165 1080 2191 et
1111 2160 1318 2201 decempeda
1345 2161 1525 2192 serviebat.
1570 2160 1660 2191 Hinc

967 2210 1186 2251 ‘degrumare
1212 2210 1323 2251 vian1‚'
1351 2215 1386 2241 et
1411 2212 1420 2228 ‘
1438 2210 1661 2251 decempeda-

966 2261 1040 2292 tor'
1066 2272 1125 2302 pro
1140 2267 1319 2293 metatore.
1344 2262 1441 2292 Idem.

1006 2311 1014 2332 ἱ
1037 2311 1173 2351 Metelli]
1197 2312 1428 2343 Glossarium:
1461 2312 1470 2329 ‘
1486 2312 1661 2350 Metellus,

961 2361 1100 2399 μίσθιος.’
1122 2363 1192 2393 Jos.
1210 2362 1293 2394 Scal.

1012 2413 1153 2454 Metelli]
1199 2413 1432 2444 Glossarium:
1473 2418 1481 2430 ‘
1500 2411 1659 2442 Metellus

961 2463 1102 2502 μίσθιος,’
1129 2464 1371 2494 mercenarius.
1418 2462 1457 2492 In
1480 2461 1566 2491 fine:
1593 2461 1659 2490 Coe-

961 2514 1041 2544 cilz'oe
1054 2513 1189 2551 familioe
1199 2522 1366 2552 cognomen
1379 2515 1509 2552 putatur·
1522 2512 1658 2541 ductum.

966 2564 1079 2595 Aliter
1094 2563 1238 2602 scliedae,
1265 2563 1345 2594 ubi:
1372 2562 1506 2592 Coecz'lioe
1523 2561 1656 2598 familicr

964 2623 1127 2653 cognomen
1150 2617 1241 2653 putat
1266 2614 1390 2644 ductum
1424 2613 1502 2651 quod
1536 2615 1612 2641 esc..
1628 2633 1657 2640 ..

964 2663 1193 2695 Desideratur
1231 2667 1359 2694 tantum
1398 2671 1461 2692 vox
1502 2662 1659 2693 Metellus.
