1835 2906
358 150 420 179 DE
454 146 724 178 VERBORUM
759 141 1163 175 SIGNIFICA'PIONE
1198 141 1294 172 Llss.
1328 139 1435 170 X1V.

1545 128 1632 170 635

190 246 476 288 Praetextatis
497 243 625 285 nefas
648 245 740 284 erat
761 242 974 283 obscoeno
987 239 1116 280 verbo
1138 238 1216 287 uti,
1238 237 1424 290 ideoque
1446 237 1635 288 praetex-

247 318 412 356 tatum³
451 311 738 366 appellabant
773 320 1032 357 sermonem,
1069 307 1145 359 qui
1181 305 1290 346 nihil
1327 303 1636 345 obscoenitatis

243 382 441 423 haberet.

188 446 520 492 Praetextum4¹¹
543 457 782 488 sermonem
807 443 986 498 quidam
1008 445 1166 496 putant
1186 440 1288 489 dici,
1308 438 1428 493 quod
1475 437 1637 492 [FEST.

244 516 520 570 praetextatis
543 514 664 555 nefas
685 513 741 554 sit
761 513 983 552 obscoeno
1007 510 1138 551 verbo
1162 508 1254 549 uti:
1286 509 1378 557 alii,
1411 505 1528 561 quod
1559 517 1639 545 nu-

230 584 449 640 bentibus
471 581 684 636 depositis
715 579 946 634 praetextis
967 591 994 619 a
1013 576 1291 618 multitudine
1313 587 1542 629 puerorum
1561 573 1641 613 ob-

246 665 402 694 scoena
422 651 675 692 clamentur.

798 766 933 778 eeeeeee

937 764 1034 777 ooooo

232 871 251 899 3
276 869 355 900 Vet.
372 867 430 899 lib.
445 868 708 908 praetextum—4
724 865 805 896 Vet.
820 863 876 895 lib.
893 863 1140 900 Praemiacum,
1154 858 1247 902 quod
1262 861 1295 890 et
1311 855 1406 888 malit
1423 854 1514 886 Scal.

798 1000 803 1005 '
835 999 977 1032 NOTAE

194 1108 296 1146 atque
310 1102 478 1143 Terentii,
506 1101 515 1118 ‘
530 1099 691 1143 palliatae'
715 1099 891 1132 dicuntur:

194 1161 202 1173 ⁴
218 1154 363 1195 togatae'
382 1163 474 1192 vero,
492 1157 528 1184 et
554 1154 562 1170 ‘
578 1150 781 1193 praetextae‚'
806 1160 895 1191 qnae,

196 1210 397 1247 argumento
413 1205 455 1235 ab
484 1203 622 1235 urbanis
651 1203 752 1233 rebus
773 1207 895 1235 sumto,

197 1257 249 1287 vel
266 1256 308 1286 de
326 1255 452 1295 togatis
471 1254 560 1289 viris,
578 1253 632 1284 vel
648 1253 690 1283 de
712 1256 896 1293 praetexta-

196 1306 239 1337 tis
269 1307 384 1346 pueris
409 1310 444 1335 et
462 1304 581 1345 puellis
607 1303 807 1344 compositae
825 1300 898 1332 fue·

194 1360 286 1388 runt.
332 1356 386 1386 De
424 1355 474 1385 liis
516 1353 681 1385 Horatius
712 1353 745 1383 in
788 1352 896 1382 Arte:

199 1407 377 1447 ‘Vestigia
405 1406 526 1437 Graeca
548 1404 633 1435 Ausi
662 1404 836 1442 deserere,
864 1406 899 1433 et

199 1457 375 1489 celebrare
398 1456 587 1487 domestica
613 1454 719 1489 facta,
745 1453 810 1484 Vel
839 1452 898 1493 qni

196 1512 394 1549 praetextas,
412 1507 465 1536 vel
493 1506 547 1547 qui
571 1505 718 1536 docuere
743 1501 896 1545 togatas.‘

198 1558 287 1589 Vide
302 1555 551 1597 ‘Togatarumss
571 1556 651 1587 Ant.
667 1555 755 1594 Aug.

243 1607 433 1648 Proetextoe]
455 1607 525 1638 Pro
545 1610 760 1648 proetextatae.
786 1605 898 1636 Hora-

198 1660 284 1692 tius:
310 1662 318 1676 ‘
333 1659 396 1690 Vel
410 1658 466 1699 qui
482 1662 682 1699 praetextas,
700 1658 752 1688 vel
765 1656 822 1698 qui
839 1656 898 1688 do-

200 1719 302 1742 cuere
321 1707 482 1750 togatas.'
526 1708 568 1738 Id
583 1712 649 1744 est,
667 1712 900 1748 praetextatas.

203 1761 341 1792 Fabulae
370 1764 569 1800 argumento
591 1760 743 1790 Romano
769 1763 828 1789 aut
849 1762 900 1788 to-

203 1817 292 1852 gatae
329 1815 387 1842 aut
420 1814 650 1850 praetextatae.
718 1808 902 1839 Comoediae

204 1863 351 1905 quidem,
380 1867 526 1902 togatae:
558 1860 750 1901 Tragoediae
789 1864 903 1891 autem

203 1918 434 1955 praetextatae.
481 1910 641 1943 Afranius
683 1915 718 1941 et
754 1910 902 1941 Titinius

203 1969 395 2005 togatarum
414 1961 525 2003 poe'tae
548 1961 717 1993 dicuntur.
762 1960 903 1995 Ennius,

204 2015 388 2049 Pacuvius,
441 2014 558 2044 Attius
610 2016 903 2053 praetextatarum.

206 2067 296 2098 Nam
328 2065 455 2096 Ennius
485 2062 690 2103 Scipionem,
731 2060 903 2092 Pacuvius

203 2118 361 2151 Paulum,
388 2116 503 2147 Attius
531 2115 690 2148 Brutum,
718 2117 754 2144 et
783 2111 904 2143 AEnea-

207 2169 280 2208 das,
306 2178 364 2198 seu
390 2166 532 2197 Decium
555 2163 752 2204 Tragoedias
783 2162 905 2192 docue-

207 2225 296 2250 runt.
340 2219 431 2258 Ergo
448 2226 512 2248 non
531 2214 750 2247 mediocritei·
777 2217 906 2250 errant,

208 2270 265 2309 qui
280 2268 322 2300 ad
340 2268 426 2298 lmnc
444 2267 539 2298 Festi
556 2267 680 2305 locum,
702 2265 783 2295 item
801 2263 842 2294 ad
859 2263 907 2293 lo-

207 2329 282 2350 cum
314 2322 519 2358 togatarum,
546 2319 680 2355 togatas
717 2314 760 2344 de
786 2312 910 2353 togatis

210 2369 303 2406 viris,
340 2371 565 2409 praetextatas
613 2364 655 2396 de
708 2363 821 2404 pueris
869 2372 909 2393 ac

210 2419 332 2462 puellis
350 2416 566 2460 praetextatis
584 2414 788 2454 compositas
806 2411 910 2443 fuisse

213 2467 432 2501 annotarunt.
457 2466 529 2507 Ipsi
546 2465 707 2497 viderint.
725 2473 764 2494 an
782 2462 909 2502 Scipio,

211 2523 352 2556 Brutus,
388 2518 526 2556 Decius,
561 2516 618 2557 qui
656 2524 692 2546 se
723 2514 908 2548 devotavit,

211 2572 309 2614 pueri
322 2569 467 2601 habendi
484 2569 550 2598 sint
568 2578 576 2598 ι
600 2571 689 2597 etan
703 2565 909 2599 Lucretiam,

213 2633 289 2655 cnm
316 2631 353 2652 se
378 2618 599 2652 interficeret,
623 2616 769 2657 pucilam
790 2618 911 2655 putan-

215 2674 294 2705 dum
309 2674 366 2704 sit.
411 2670 499 2701 Haec
514 2673 592 2699 sunt
607 2667 685 2698 viris
702 2672 738 2697 et
754 2665 912 2706 gravissi-

215 2723 278 2755 mis
303 2727 339 2754 et
363 2721 476 2762 magni
501 2719 535 2751 in
558 2718 665 2750 literis
691 2716 832 2748 nominis
864 2715 911 2746 in-

949 1098 1064 1139 digna.
1110 1095 1212 1127 Ratio
1239 1094 1272 1124 in
1300 1092 1434 1133 promtu
1450 1092 1513 1120 est.
1556 1086 1649 1128 Toga

951 1149 1066 1190 populi
1090 1154 1151 1182 est,
1170 1151 1205 1177 et
1230 1143 1396 1185 populare
1413 1142 1650 1180 argumentum

951 1197 1146 1230 Comoediis.
1172 1196 1361 1226 Praetextae
1378 1190 1650 1230 magistratuum,

951 1259 1028 1290 quae
1065 1251 1144 1278 sunt
1181 1244 1389 1286 gravissimae
1417 1248 1585 1282 personae,
1613 1243 1649 1268 et

953 1300 1128 1333 cothurno,
1146 1306 1213 1328 non
1230 1303 1329 1326 socco
1347 1297 1449 1333 aptae,
1466 1290 1532 1328 vel,
1548 1288 1652 1331 quod,

954 1355 992 1381 ut
1011 1350 1057 1381 ait
1075 1348 1240 1380 Asconius
1263 1345 1296 1376 in
1325 1349 1478 1385 praetura
1501 1340 1652 1375 Urbana,

955 1404 1123 1441 praetexta
1139 1399 1361 1428 honestorum
1386 1396 1472 1427 erat,
1496 1395 1578 1432 toga
1605 1390 1653 1421 vi-

955 1452 1087 1481 liorum.
1111 1450 1179 1479 Jos.
1197 1447 1282 1478 Scal.

997 1500 1011 1520 ¹¹
1037 1496 1287 1536 Proetextatum]
1321 1495 1378 1526 Ita
1415 1493 1517 1529 malo,
1554 1500 1655 1533 quam

954 1554 1173 1584 Proelextum:
1196 1548 1286 1590 quod
1303 1546 1360 1583 ait,
1386 1543 1551 1585 depositis
1569 1551 1657 1583 prae-

953 1602 1069 1642 textis,
1078 1610 1162 1643 quas
1175 1599 1308 1631 scilicet
1320 1597 1481 1628 Fortunae
1490 1593 1657 1634 Virginali

953 1652 1181 1692 deponebant,
1208 1653 1247 1680 ut
1263 1657 1367 1688 supra
1384 1644 1581 1677 monuimus.
1606 1644 1657 1674 Id.

998 1703 1196 1734 Proetextum
1243 1697 1428 1738 sermonem]
1503 1695 1659 1727 Priorem

957 1754 1052 1786 Festi
1078 1751 1281 1784 sententiam
1319 1749 1456 1788 ineptus
1483 1746 1660 1777 mutilator

958 1805 1145 1845 amplerms,
1159 1802 1237 1843 quia
1248 1800 1383 1832 scilicet
1393 1798 1479 1829 falsa
1489 1801 1550 1829 est.
1563 1797 1660 1828 Prae-

958 1855 1045 1887 texti
1061 1855 1132 1885 sive
1149 1850 1349 1893 praetextati
1366 1857 1549 1883 sermones,
1572 1857 1659 1888 prae-

959 1911 1091 1938 textata
1107 1904 1225 1942 verba,
1242 1901 1348 1933 verba
1360 1899 1533 1934 obscoena,
1547 1897 1661 1939 qualia

959 1962 1056 1989 erant
1073 1966 1124 1992 ea,
1141 1964 1216 1996 quae
1240 1952 1363 1994 puellis
1380 1949 1585 1982 nubentibus
1602 1947 1662 1979 de-

958 2008 1078 2050 positis
1094 2004 1274 2048 praetextis
1299 2012 1318 2033 a
1342 1999 1561 2032 multitudine
1579 2006 1662 2038 pue-

960 2068 1073 2090 rorum
1102 2055 1326 2088 canebantur.
1372 2050 1461 2082 Vide
1490 2050 1500 2067 ⁴
1514 2049 1660 2080 Fescen-

960 2108 1053 2140 nini.'
1075 2108 1214 2138 Sueton.
1229 2105 1372 2144 Vespas.
1388 2105 1441 2133 22.
1453 2102 1462 2118 ⁴
1474 2100 1558 2131 Erat
1574 2098 1663 2130 enim

961 2159 1151 2191 dicacitatis
1179 2156 1347 2197 plurimae,
1371 2157 1406 2184 et
1435 2151 1483 2182 sic
1511 2148 1663 2181 scurrilis

961 2221 1000 2242 ac
1016 2209 1173 2243 sordidae,
1189 2211 1279 2238 utne
1295 2201 1511 2246 praetextatis
1524 2201 1662 2243 quidem

964 2261 1074 2293 verbis
1091 2255 1305 2290 abstineret-⁹
1329 2254 1417 2285 Vide
1433 2251 1588 2284 Macrob.
1604 2250 1665 2282 lib.

964 2321 1004 2343 11.
1027 2311 1098 2341 Sat.
1115 2319 1148 2340 c.
1170 2311 1200 2339 l.
1225 2306 1354 2338 Eadem
1380 2305 1389 2322 ‘
1404 2302 1507 2335 verba
1530 2299 1663 2341 nupta’

965 2362 1007 2392 ab
1023 2360 1139 2391 eadem
1158 2358 1289 2388 ratione
1307 2364 1410 2395 snpra
1427 2352 1562 2384 vocavit
1581 2352 1663 2383 Fes-

965 2416 1029 2442 tus.
1074 2410 1119 2440 Et
1135 2408 1144 2425 ‘
1160 2406 1304 2438 Veneris
1334 2401 1522 2441 voeabu1a‚’
1552 2402 1666 2433 Varro

966 2462 999 2493 in
1017 2460 1143 2501 Agatli.
1167 2463 1174 2475 ‘
1188 2459 1296 2497 Virgo
1323 2456 1365 2486 de
1393 2453 1548 2486 convivio
1564 2453 1668 2484 abdu-

965 2517 1074 2543 catur.
1106 2509 1190 2541 Ideo
1207 2507 1296 2549 quod
1314 2505 1460 2546 majores
1476 2502 1584 2535 nostri
1601 2502 1667 2535 vir-

964 2562 1050 2602 ginis
1066 2558 1197 2591 aeerbae
1226 2566 1322 2588 aures
1349 2554 1494 2586 Veneris
1520 2553 1667 2586 vocabu-

965 2614 1006 2644 lis
1023 2610 1128 2642 imbui
1152 2604 1361 2639 noluerunt.'
1406 2605 1461 2636 De
1488 2603 1667 2645 praetextis

966 2660 1142 2702 depositis,
1158 2667 1242 2699 quas
1257 2657 1414 2688 Fortunae
1429 2653 1592 2696 Virginali
1606 2652 1666 2685 de-

969 2711 1152 2755 ponebant,
1167 2701 1238 2751 jam
1254 2716 1369 2749 supra.
1393 2706 1475 2738 Dac.
