1835 2906
328 185 390 214 DE
424 180 695 213 VERBORUM
729 175 1135 211 SlGNlF'ICATIONE
1169 177 1260 207 LlB.
1292 177 1366 207 111.

185 279 450 330 vinctusque
471 281 607 318 esset.

1480 165 1563 207 157

668 274 802 315 Hunc
821 271 1103 313 Herculaneo
1121 270 1238 311 nodo
1253 277 1266 292 ²
1289 272 1478 312 vinctum
1499 269 1565 309 vir

187 347 317 386 solvit
335 345 493 386 ominis
514 343 676 397 gratia:
721 346 771 382 ut
789 340 852 381 sic
871 340 968 393 ipse
997 339 1104 379 felix
1125 338 1185 379 sit
1204 338 1247 378 in
1275 337 1564 391 suscipiendis

184 413 348 462 liberis,
369 417 418 454 ut
437 413 520 453 fuit
549 410 781 459 Hercules,
803 408 880 462 qui
904 417 1027 448 LXX.
1048 406 1215 446 liberos
1236 405 1441 458 reliquit.³

131 479 344 533 Cingulus
376 479 668 535 appellabant
692 477 909 525 homines,
931 474 1008 529 qui
1032 474 1077 514 in
1104 472 1174 514 his
1202 473 1331 522 locis,
1353 473 1432 513 ubi
1453 473 1566 524 cingi

190 548 358 598 solet,¹2
376 549 483 589 satis
502 551 603 588 sunt
624 550 793 586 tenues.

132 615 338 657 Cinxiaeb
371 615 558 656 ‚Iunonis
594 625 755 654 nomen
791 614 991 652 sanctum
1027 609 1268 650 habebatur
1306 606 1351 646 in
1387 605 1570 658 nuptiis,

186 684 306 737 quod
328 683 451 724 initio
481 680 673 734 conjugii
694 678 855 720 solutio
877 681 969 718 erat
997 676 1174 729 cinguli,
1195 687 1280 729 quo
1302 685 1417 714 nova
1438 676 1572 724 nupta

188 755 282 792 erat
302 751 458 791 cincta.

132 819 346 860 Circanea
364 822 416 847 ¹³⁰
437 816 594 858 dicitur
617 816 731 865 avis,
755 827 857 868 quae
880 813 1029 854 volans
1050 811 1277 853 circuitum
1294 808 1411 850 facit.

132 885 355 936 (ἥτε-1163]11
376 885 533 926 circuli
555 898 613 925 ex
634 896 719 924 aere
740 884 858 924 facti.

133 954 472 995 circumluvium
489 958 503 974 Ε
519 952 595 1006 jus
617 950 896 1004 praediorum.

133 1021 315 1074 Cispius
335 1033 462 1061 mons
476 1019 490 1043 f
506 1020 549 1059 in
564 1020 674 1059 urbe
697 1017 941 1070 Esquilinae
961 1014 1144 1068 regionis
1167 1013 1219 1053 de
1239 1012 1406 1052 nomine
1428 1008 1575 1062 cujus·

190 1089 290 1129 dam
312 1087 500 1127 hominis
515 1090 549 1116 ¹4
569 1085 729 1126 dictus.

134 1156 330 1197 Cisterua
345 1160 359 1183 g
382 1155 503 1195 dicta
524 1157 604 1202 est,
627 1151 743 1207 quod
763 1152 828 1192 cis
850 1151 964 1191 inest
984 1149 1098 1189 infra
1118 1153 1291 1188 terram.

734 1253 870 1266 eeeeeee

874 1252 970 1264 ooooo

135 1364 144 1371 ·
177 1325 215 1354 12
238 1323 299 1353 ‘In
317 1323 384 1353 Ms.
401 1323 520 1353 melius
536 1322 589 1352 ubi
619 1321 705 1360 cingi
727 1319 848 1350 solent?
874 1319 1044 1350 Dac.—l3
1072 1295 1405 1347 AliiCircenda.-'-14
1431 1310 1498 1342 Pro
1525 1319 1577 1339 cu-

125 1367 252 1403 ‚jusdam
267 1366 398 1397 hominis
416 1367 470 1396 alii
487 1365 616 1396 habent
634 1364 735 1404 Cispii
750 1362 926 1402 Anagnini.

787 1457 927 1491 NOTAE

178 1534 193 1550 a
217 1528 280 1564 Qui
296 1527 411 1558 LXX.
438 1526 548 1557 liberos
569 1525 712 1565 reliquit]
738 1523 828 1555 Mul-

138 1587 173 1611 to
196 1581 310 1620 plures
328 1582 548 1609 numerantur
575 1576 634 1607 filil
659 1574 831 1612 Herculis,

137 1630 196 1661 sed
211 1639 267 1660 eos
287 1638 414 1667 omnes,
437 1628 480 1658 de
497 1627 616 1669 quibus
634 1626 687 1657 hic
710 1626 830 1656 Festus

135 1680 296 1720 loquitur,
325 1689 367 1709 ex
394 1677 636 1719 quinquaginta
660 1675 832 1705 sororibus

136 1731 270 1761 Thestii
285 1729 417 1759 filiabus
431 1727 590 1768 suscepit.
629 1726 714 1756 Vide
728 1724 831 1765 Apol-

140 1781 209 1811 lod.
224 1780 280 1810 lib.
294 1789 335 1810 ιι.
360 1779 458 1809 Idem.

179 1831 194 1851 b
220 1829 359 1869 Cinxz'oe]
383 1829 509 1858 Tamen
522 1827 632 1857 Varro
656 1823 745 1865 apud
764 1822 832 1854 Au-

139 1882 311 1921 gustinum
340 1880 382 1910 de
410 1877 512 1909 Civit.
538 1877 597 1908 lib.
615 1885 666 1906 tv.
692 1876 834 1915 cap.ll.

139 1933 188 1962 ait
218 1932 227 1948 ί
247 1931 485 1970 Virginensem
513 1929 623 1959 Deam
641 1925 758 1964 fnisse,
784 1923 838 1955 cui

140 1981 287 2021 virgines
311 1979 485 2010 solvebant
501 1976 641 2009 zonam-²
686 1973 838 2007 Eandem

141 2032 321 2062 Fortunam
335 2029 546 2069 Virginalem
562 2025 739 2058 vocabant.
775 2023 840 2055 Ar-

140 2081 279 2112 nobins:
303 2079 497 2119 ‘Virgilium
511 2077 642 2118 togulas
657 2076 841 2106 Fortunam

141 2129 285 2161 defertis
305 2130 346 2160 ad
369 2127 603 2169 Vii·ginalem.'
649 2127 737 2158 Nam
755 2135 839 2165 unp-

142 2180 265 2211 tiarum
282 2184 415 2219 tempus
439 2177 626 2218 virginibus
650 2175 738 2206 idem
763 2179 839 2205 erat

143 2240 184 2261 ac
214 2230 328 2270 pueris
358 2227 514 2270 tyrocinii
541 2216 624 2257 diesi
669 2226 719 2256 Eo
749 2224 838 2255 enim

143 2285 298 2319 tempore
326 2278 472 2309 foeminae
496 2281 707 2318 praetextum
735 2275 840 2315 depo-

144 2330 284 2360 nebant.
305 2330 374 2359 Jos.
391 2327 473 2359 Scal.

190 2378 331 2418 Cinxioe]
354 2377 444 2409 Juno
469 2376 596 2417 nuptiis
624 2375 842 2415 praesidebat.

146 2429 250 2461 Ovid.
271 2429 279 2445 ‘
295 2428 533 2466 Junonemque
557 2425 638 2456 toris
655 2435 728 2466 quae
753 2434 840 2465 prae-

144 2480 233 2512 sidet
260 2479 328 2509 alta
352 2475 504 2508 maritis.’
562 2475 662 2506 Unde
689 2473 843 2514 pronuba

147 2530 273 2561 dicitur
290 2532 324 2560 et
341 2527 481 2569 jugalis.
527 2526 688 2565 Virg.1v.
715 2523 843 2555 AEneid.

144 2580 276 2619 ‘prima
300 2583 334 2609 et
368 2577 482 2608 Tellus
513 2579 548 2606 et
575 2574 728 2614 pronuba
755 2573 843 2605 Juno

147 2631 246 2660 Dant
275 2627 426 2669 signum?
482 2626 528 2656 Et
557 2624 658 2655 alibi:
694 2623 844 2655 ‘Junoni

151 2686 230 2710 ante
262 2680 354 2719 alias,
371 2678 424 2710 cui
446 2677 558 2709 vincta
580 2675 711 2715 jugalia
728 2673 843 2705 curae!

152 2730 235 2761 Dae.

925 1526 937 1541 0
963 1520 1130 1560 Circanea]
1146 1518 1202 1549 Sic
1219 1515 1402 1557 generatim
1420 1523 1498 1545 aves
1511 1522 1582 1543 om·

884 1582 942 1603 nes
959 1572 1068 1602 dictas
1085 1574 1169 1610 puto
1184 1577 1259 1609 quae
1275 1566 1423 1607 praedam
1440 1564 1581 1594 circum·=

885 1621 997 1653 eundo
1027 1621 1184 1653 lustrant,
1220 1622 1257 1648 nt
1283 1617 1404 1647 milvus
1435 1614 1579 1651 aliaeque

885 1682 964 1703 aves
981 1680 1138 1710 rapaces,
1161 1679 1180 1700 a
1200 1667 1355 1706 εἰνεαηάο,
1372 1664 1583 1696 circumeun-

888 1724 943 1754 do.
968 1722 1067 1752 Idem.

928 1772 942 1793 ‘¹
969 1769 1117 1810 Circites]
1151 1769 1230 1800 Non
1259 1768 1367 1798 solum
1395 1762 1515 1796 circuli
1539 1771 1581 1792 ex

888 1832 955 1854 aere
980 1821 1076 1856 facti,
1103 1819 1162 1850 sed
1187 1823 1222 1848 et
1246 1816 1354 1858 quivis
1377 1814 1432 1846 alii
1456 1812 1585 1844 circuli.

892 1874 979 1904 Vide
997 1873 1005 1889 ‘
1021 1866 1250 1902 Cesticellus.’
1273 1867 1371 1896 Idem.

934 1928 948 1943 Θ
973 1916 1229 1956 Circumluvium]
1253 1916 1337 1946 Cum
1363 1917 1459 1954 parte
1475 1911 1586 1951 aliqua

893 1973 1036 2004 divisum
1068 1969 1193 2001 flumen
1226 1975 1341 2006 agrum
1373 1962 1511 2002 alicujus
1539 1961 1587 1990 ita

891 2024 1009 2061 ambit,
1042 2026 1081 2053 ut
1110 2019 1253 2051 inferius
1281 2017 1411 2047 unitum
1436 2014 1529 2043 illum
1552 2012 1586 2041 in

890 2074 1010 2105 insulae
1025 2071 1167 2102 formam
1185 2067 1332 2107 redigat.
1374 2066 1383 2081 ‘
1399 2062 1585 2094 Circumlu-

889 2124 1022 2155 viouem
1036 2121 1044 2135 '
1063 2123 1163 2151 vocat
1178 2118 1311 2149 Cicero.
1337 2114 1434 2144 Idem.

935 2173 946 2194 f
966 2172 1090 2212 Cispius
1116 2166 1218 2206 mons]
1245 2168 1330 2198 Eum
1355 2164 1445 2194 inter
1467 2159 1587 2199 Esqui-

891 2223 951 2255 lini
970 2223 1073 2254 colles
1100 2222 1255 2250 numerat
1274 2216 1413 2246 Noster,
1441 2208 1529 2241 unde
1553 2212 1589 2238 et

894 2273 1103 2315 Esquilinum
1126 2272 1276 2299 montem
1304 2262 1442 2302 Cispium
1463 2264 1498 2289 et
1525 2258 1589 2297 Op-

890 2325 978 2365 pium
1001 2322 1130 2352 dictum
1162 2317 1289 2348 volunt.
1335 2312 1424 2343 Vide
1454 2307 1590 2348 ‘Septi-

895 2372 1050 2406 montio.'
1109 2371 1295 2401 Diversum
1326 2370 1439 2396 tamen
1477 2360 1589 2391 facere

897 2425 1033 2455 videtur
1067 2422 1178 2451 Varro
1206 2418 1264 2448 lib·
1287 2425 1339 2447 lv.
1375 2411 1589 2453 ‘Esquilinus

896 2473 1088 2510 Sexticeps.
1136 2467 1268 2508 Cispius
1292 2473 1386 2496 mons
1412 2461 1591 2501 Septiceps

898 2524 988 2564 apud
1014 2520 1120 2552 aedem
1135 2516 1278 2551 Junonis
1299 2514 1437 2546 Lucinae
1462 2511 1519 2542 ubi
1538 2510 1591 2540 AE=

898 2574 1046 2604 ditumus
1061 2569 1189 2599 habere
1206 2564 1318 2597 solet.’
1342 2564 1441 2595 Idem.

941 2628 955 2649 g
981 2619 1142 2659 Cisterna]
1179 2615 1279 2649 Quod
1306 2615 1351 2646 sit
1379 2614 1427 2644 cis
1455 2616 1591 2647 terram,

898 2671 994 2712 quasi
1018 2670 1195 2700 cisterrena.
1247 2666 1313 2697 Sed
1340 2664 1447 2704 magis
1476 2663 1590 2702 placet

899 2732 973 2752 esse
990 2731 1008 2751 a
1024 2720 1113 2751 cista.
1160 2717 1245 2749 Quae
1261 2715 1445 2752 sacculum,
1462 2719 1589 2742 crumee
