1835 2906
360 165 421 195 DE
456 163 727 195 VERBORUM
760 154 1167 193 SiGNlFICAT'iONE
1201 162 1292 192 [ΑΒ.
1326 163 1431 192 XIV.

1546 154 1630 195 563

180 259 315 300 Pater
335 257 579 311 patrimusb
618 258 850 299 dicebatur
888 256 1007 311 apud
1048 257 1270 312 antiquos,
1301 259 1378 312 qui
1410 271 1508 300 cum
1533 259 1628 313 jam

236 328 333 380 ipse
354 331 483 379 pater
503 331 639 376 esset,
659 326 853 368 habebat
875 325 1009 367 etiam
1029 328 1121 367 tum
1142 330 1326 379 patrem.

181 394 393 436 Patronus
433 392 517 433 abc
547 393 726 449 antiquis
763 407 834 434 cur
865 392 996 434 dictus
1022 393 1079 434 sit
1114 394 1418 446 manifestum3
1449 395 1552 448 quia
1584 400 1631 435 ut

230 468 371 516 patres
395 459 602 516 filiorum,
632 461 686 502 sic
716 460 791 502 la'6
821 462 1036 503 numerari
1073 462 1183 503 inter
1221 460 1410 502 dominos
1441 460 1631 502 clientum

237 536 539 571 consueverunt.

181 598 337 639 Patres
349 595 367 619 ‘¹
389 601 614 639 senatores
629 597 727 639 ideo
745 597 961 651 appellati
976 601 1092 646 sunt,
1111 595 1218 650 quia
1234 608 1433 649 agrorum
1454 596 1633 649 [PAUL.

226 669 380 719 partes
401 666 692 707 attribuebant
712 665 999 715 tenuioribus,
1015 678 1067 706 ac
1088 664 1240 706 liberis
1256 664 1463 717 propriis.

184 730 336 774 Patres
355 733 620 789 appellantur
640 747 698 775 ex
718 734 880 788 quibus
901 734 1094 775 Senatus
1114 738 1302 784 constat‚⁷
1324 746 1420 788 quos
1469 732 1634 786 [Fsss'r.

237 801 357 842 initio
375 800 487 842 urbis
507 802 696 844 conditae
717 801 936 844 Romulus
971 814 1013 844 c.
1050 800 1211 857 delegit,
1237 807 1275 842 et
1306 801 1360 842 sic
1394 800 1633 855 appellavit,

237 882 421 923 quorum
449 871 638 912 consilio
663 874 794 926 atque
806 870 1032 925 prudentia
1063 869 1287 924 respublica
1316 867 1634 910 administrare-

233 941 305 978 tur
325 943 456 992 atque
487 937 805 994 gubernaretur,
841 939 989 994 quique
1026 952 1233 992 agrorum
1249 938 1264 962 ⁸
1301 942 1454 992 partes
1503 937 1636 979 adtri-

240 1004 403 1046 buerent
433 1006 682 1048 tenuioribus
702 1007 879 1061 perinde
901 1020 954 1048 ac
980 1006 1148 1055 liberis,
1177 1020 1226 1046 ac
1253 1003 1449 1059 pecunias
1478 1003 1634 1045 divide-

238 1080 343 1124 rent,
376 1074 520 1124 etenim
551 1074 751 1116 solebant
780 1074 876 1127 jam
907 1073 1009 1115 inde
1046 1087 1073 1114 a
1112 1073 1294 1114 Romulo
1329 1071 1501 1112 nunznzis
1541 1072 1636 1112 auri

239 1147 361 1195 atque
379 1142 544 1194 argenti
566 1142 724 1194 signati
744 1140 1030 1182 ultramarinis
1058 1141 1134 1191 uti,
1165 1139 1212 1180 id
1242 1139 1351 1195 quod
1377 1140 1574 1194 publicae
1594 1144 1637 1180 et

239 1209 422 1261 privatae
444 1208 625 1250 rationes
646 1209 1022 1250 commentariorum
1043 1209 1202 1250 docent.

185 1273 368 1316 Patrum
388 1288 610 1317 commune
626 1282 640 1299 ⁶
662 1290 751 1316 cum
774 1276 924 1331 populo
940 1274 1196 1332 suffiagium,
1212 1273 1357 1330 quibus
1369 1271 1636 1328 suffraganti-

242 1339 313 1382 bus
317 1341 380 1396 fit
394 1341 541 1397 populi
570 1342 726 1386 scitum.

794 1463 1029 1476 eeeoaeeeeeeee

228 1552 249 1579 6
273 1547 336 1579 Ed.
352 1548 442 1580 Scal.
463 1548 492 1579 si
514 1548 638 1580 hia—⁷
664 1548 749 1580 Ead.
765 1548 819 1580 ed.
842 1559 881 1579 ex
902 1548 1012 1589 quibus
1039 1549 1184 1581 Senatus,

1243 1549 1452 1579 Constat.——8
1476 1547 1560 1579 Ead.
1583 1548 1635 1579 ed⁴

179 1591 254 1633 quin
267 1601 415 1631 agrorum
434 1595 542 1632 partes
564 1592 790 1624 adtribuerant.
825 1591 913 1623 Vide
931 1592 1052 1623 Notas.

838 1710 978 1743 NOTAE

227 1798 241 1819 ¹³
265 1799 364 1830 Pater
385 1800 556 1841 patrimus]
587 1799 675 1832 Vide
710 1799 884 1832 ‘Matrimi

188 1858 226 1880 ac
243 1849 404 1890 patrimi.’
427 1851 524 1881 Idem.

227 1904 241 1919 ⁰
265 1899 424 1931 Patronus
443 1901 493 1936 ab,
513 1900 581 1941 δῖα]
606 1900 666 1932 Ait
683 1910 702 1931 a
723 1903 813 1941 patre
828 1910 886 1941 pa-

186 1952 302 1980 tronos
318 1949 398 1990 dici,
413 1951 492 1991 quia
514 1950 690 1981 clientium
708 1950 809 1981 veluti
827 1960 885 1990 pa-

185 2003 254 2031 tres
271 2004 362 2032 sunt.
397 2001 487 2032 Hinc
498 2002 608 2032 Varro
620 2001 654 2032 in
668 2010 708 2032 ea
720 2001 886 2040 oratione,

185 2060 284 2091 quam
301 2051 390 2083 dixit
407 2052 498 2092 apud
517 2052 683 2084 Consules
709 2051 742 2081 in
759 2051 886 2082 Lentu-

185 2099 277 2131 lum:
300 2101 464 2132 ‘Patrem
491 2102 655 2142 primum:
680 2105 798 2141 postea
829 2110 886 2140 pa-

185 2153 319 2181 tronum
336 2152 480 2191 primum
492 2161 611 2182 nomen
625 2151 772 2183 habere:
787 2151 884 2181 Idem.

227 2200 243 2221 ¹¹
265 2201 394 2242 Patres]
417 2201 533 2234 Infra:
558 2203 672 2234 Patres
694 2203 886 2242 appellantur·

186 2252 347 2292 exquibus
363 2253 496 2285 Senatus
511 2257 577 2285 est:
601 2253 773 2293 quosinz'tio
793 2253 887 2284 Urbis

185 2302 318 2333 conditoe
346 2303 497 2335 Romulus
529 2304 566 2334 C.
595 2304 723 2343 delegit,
759 2313 887 2343 quorum

186 2353 314 2384 consilio
329 2356 420 2393 atque
443 2354 609 2393 prudentia
626 2354 721 2393 Resp.
736 2354 886 2385 adminis-

187 2407 339 2443 traretur,
352 2408 444 2444 atque
456 2404 647 2435 tenuioribus
655 2413 801 2443 agrorum
813 2413 887 2444 par-

187 2458 232 2485 tes
247 2455 490 2486 attribuerentur
502 2456 630 2496 perinde
641 2465 677 2485 ac
697 2454 804 2485 liberis
816 2464 887 2495 pro-

183 2504 277 2545 priis,
304 2515 341 2536 ac
367 2505 484 2535 nummi
509 2505 790 2536 distribuerentur.-
814 2505 887 2545 quia

188 2555 323 2585 solebant
331 2554 401 2593 jam
414 2555 485 2586 inde
500 2566 519 2586 a
541 2556 673 2586 Romulo
687 2556 820 2586 nummis
834 2565 886 2586 ar-

185 2605 275 2643 genti
288 2605 409 2644 signati
419 2604 636 2636 ultramarinis
650 2605 709 2645 uti,
721 2606 801 2645 quod
811 2605 887 2645 pub—

191 2656 259 2685 licoe
289 2658 319 2686 et
347 2656 479 2696 privatoe
502 2656 638 2687 rationes
661 2657 780 2688 docent.
836 2657 885 2686 Ex

190 2706 242 2736 his
268 2707 514 2752 cognoscimus,
534 2716 638 2749 quare
661 2708 782 2738 Festus
805 2707 887 2738 velit

942 1799 1064 1830 Patres
1090 1798 1213 1837 dictos,
1241 1796 1345 1838 quod,
1373 1801 1534 1836 tanquam
1551 1794 1639 1830 filiis,

941 1850 1032 1891 plebi
1060 1855 1095 1880 et
1119 1859 1217 1889 agros
1239 1848 1468 1879 attribuerent
1492 1852 1527 1877 et
1545 1855 1644 1876 num«

941 1910 1012 1931 mos
1026 1899 1240 1940 largirentur.
1254 1898 1342 1930 Nam
1355 1898 1398 1929 de
1411 1896 1640 1928 ultramarinis

941 1952 1085 1983 nummis
1098 1949 1267 1991 argenteis
1282 1953 1413 1980 certum
1428 1952 1491 1979 est.
1507 1947 1640 1977 Plinius

942 2002 1000 2034 lib.
1020 2010 1158 2032 xxxin.
1173 2010 1247 2041 cap.
1263 2002 1294 2030 3.
1317 1999 1326 2015 ⁴
1339 1998 1406 2032 Qui
1430 2007 1520 2029 nunc
1536 1997 1640 2028 victo-

941 2052 1045 2082 riatus
1057 2051 1261 2092 appellatur,
1278 2050 1351 2090 lege
1370 2047 1489 2079 Clodia
1505 2056 1641 2089 percus-

940 2111 995 2132 sus
1015 2106 1080 2131 est.
1125 2099 1237 2130 Antea
1253 2099 1340 2130 enini
1357 2098 1409 2128 hic
1427 2106 1581 2129 nummus
1598 2105 1641 2127 ex

941 2151 1078 2191 Illyrico
1099 2150 1275 2188 advectus,
1291 2149 1413 2180 mercis
1440 2149 1516 2179 loco
1540 2146 1641 2178 habe-

940 2202 1060 2233 batur.’
1082 2203 1152 2232 Jos.
1169 2200 1251 2232 Scul.

984 2253 1113 2293 Patres]
1139 2252 1189 2281 Ex
1213 2252 1262 2281 liis
1292 2250 1537 2290 cognoscimus,
1560 2248 1642 2279 Fes-

941 2308 1012 2334 tum
1031 2310 1147 2343 patres
1164 2302 1272 2333 dictos
1299 2301 1442 2332 voluisse
1459 2310 1478 2330 a
1497 2303 1642 2340 paterno

940 2352 1077 2393 affectu,
1107 2352 1196 2393 quod
1227 2350 1451 2386 tenuioribus,
1482 2353 1644 2390 tanquam

940 2403 1071 2443 liberis,
1096 2406 1132 2433 et
1155 2412 1252 2442 agros
1280 2401 1509 2432 attribuerent
1533 2403 1567 2430 et
1585 2407 1642 2438 pe-

940 2454 1057 2485 cunias
1077 2453 1295 2493 largirentur.
1340 2451 1435 2482 Idem
1451 2450 1592 2481 Sallust.
1608 2450 1642 2480 in

942 2504 1041 2535 Catil.
1065 2507 1073 2520 ‘
1090 2503 1134 2534 Hi
1159 2503 1213 2533 vel
1230 2506 1330 2533 aetate
1349 2502 1401 2532 vel
1419 2510 1509 2532 curae
1527 2500 1641 2530 simili-

942 2554 1059 2585 tudine
1076 2560 1189 2595 patres
1205 2550 1490 2593 appellabantur!
1514 2552 1641 2582 Verum

944 2609 1009 2643 est,
1026 2604 1114 2645 quod
1133 2603 1179 2633 ait
1196 2603 1238 2633 de
1255 2601 1397 2633 nummis
1413 2601 1642 2632 ultramarinis

946 2656 1128 2696 argenteis.
1174 2654 1265 2685 Plin.
1280 2654 1301 2685 l.
1316 2662 1451 2685 xxxiii.
1468 2662 1497 2684 c.
1515 2655 1545 2682 3.
1562 2653 1640 2683 Dae.

987 2710 1000 2726 e
1024 2706 1158 2737 Patrum
1182 2704 1353 2745 commune]
1388 2703 1477 2735 Vide
1501 2703 1510 2719 ‘
1526 2701 1641 2743 populi
