<?xml version="1.0" encoding="UTF-8"?>
<!DOCTYPE html PUBLIC "-//W3C//DTD XHTML 1.0 Transitional//EN"
    "http://www.w3.org/TR/xhtml1/DTD/xhtml1-transitional.dtd">
<html xmlns="http://www.w3.org/1999/xhtml" xml:lang="en" lang="en">
 <head>
  <title>
</title>
<meta http-equiv="Content-Type" content="text/html;charset=utf-8" />
  <meta name='ocr-system' content='tesseract 3.04.00' />
  <meta name='ocr-capabilities' content='ocr_page ocr_carea ocr_par ocr_line ocrx_word'/>
</head>
<body>
  <div class='ocr_page' id='page_1' title='image "./mverriiflacciqua01verruoft/mverriiflacciqua01verruoft_0266.png"; bbox 0 0 1835 2906; ppageno 0'>
   <div class='ocr_carea' id='block_1_1' title="bbox 183 117 269 159">
    <p class='ocr_par' dir='ltr' id='par_1_1' title="bbox 183 117 269 159">
     <span class='ocr_line' id='line_1_1' title="bbox 183 117 269 159; baseline -0.012 0"><span class='ocrx_word' id='word_1_1' title='bbox 183 117 269 159; x_wconf 79' lang='lat'><strong>256</strong></span> 
     </span>
    </p>
   </div>
   <div class='ocr_carea' id='block_1_2' title="bbox 624 122 1182 156">
    <p class='ocr_par' dir='ltr' id='par_1_2' title="bbox 624 122 1182 156">
     <span class='ocr_line' id='line_1_2' title="bbox 624 122 1182 156; baseline -0.007 0"><span class='ocrx_word' id='word_1_2' title='bbox 624 125 772 156; x_wconf 78' lang='lat' dir='ltr'><strong>SEXTl</strong></span> <span class='ocrx_word' id='word_1_3' title='bbox 808 125 901 155; x_wconf 87' lang='grc' dir='ltr'><strong>ΡΟΜ</strong></span> <span class='ocrx_word' id='word_1_4' title='bbox 913 123 1008 154; x_wconf 86' lang='lat' dir='ltr'><strong>PEll</strong></span> <span class='ocrx_word' id='word_1_5' title='bbox 1045 122 1182 153; x_wconf 83' lang='lat' dir='ltr'><strong>FESTI</strong></span> 
     </span>
    </p>
   </div>
   <div class='ocr_carea' id='block_1_3' title="bbox 188 211 1624 271">
    <p class='ocr_par' dir='ltr' id='par_1_3' title="bbox 188 211 1624 271">
     <span class='ocr_line' id='line_1_3' title="bbox 188 211 1624 271; baseline -0.002 -8"><span class='ocrx_word' id='word_1_6' title='bbox 188 211 379 271; x_wconf 74' lang='lat' dir='ltr'><strong>Fal&#39;sius,</strong></span> <span class='ocrx_word' id='word_1_7' title='bbox 400 225 441 262; x_wconf 85' lang='lat' dir='ltr'><strong>et</strong></span> <span class='ocrx_word' id='word_1_8' title='bbox 462 220 499 261; x_wconf 92' lang='lat' dir='ltr'>F</span> <span class='ocrx_word' id='word_1_9' title='bbox 501 220 667 270; x_wconf 79' lang='lat' dir='ltr'><strong>alsior,p</strong></span> <span class='ocrx_word' id='word_1_10' title='bbox 689 233 788 261; x_wconf 91' lang='lat' dir='ltr'><strong>cum</strong></span> <span class='ocrx_word' id='word_1_11' title='bbox 812 217 1126 260; x_wconf 78' lang='lat' dir='ltr'>rationabiliter</span> <span class='ocrx_word' id='word_1_12' title='bbox 1139 216 1228 258; x_wconf 89' lang='lat' dir='ltr'><strong>dici</strong></span> <span class='ocrx_word' id='word_1_13' title='bbox 1248 218 1434 271; x_wconf 87' lang='lat' dir='ltr'>possint,</span> <span class='ocrx_word' id='word_1_14' title='bbox 1456 231 1539 258; x_wconf 92' lang='lat' dir='ltr'><strong>non</strong></span> <span class='ocrx_word' id='word_1_15' title='bbox 1561 221 1624 260; x_wconf 84' lang='lat' dir='ltr'><strong>ta-</strong></span> 
     </span>
    </p>
   </div>
   <div class='ocr_carea' id='block_1_4' title="bbox 241 285 851 331">
    <p class='ocr_par' dir='ltr' id='par_1_4' title="bbox 241 285 851 331">
     <span class='ocr_line' id='line_1_4' title="bbox 241 285 851 331; baseline -0.007 0"><span class='ocrx_word' id='word_1_16' title='bbox 241 303 340 331; x_wconf 86' lang='lat' dir='ltr'><strong>men</strong></span> <span class='ocrx_word' id='word_1_17' title='bbox 357 289 515 330; x_wconf 86' lang='lat' dir='ltr'><strong>suntin</strong></span> <span class='ocrx_word' id='word_1_18' title='bbox 534 285 851 330; x_wconf 82' lang='lat' dir='ltr'><strong>consuetudine.</strong></span> 
     </span>
    </p>
   </div>
   <div class='ocr_carea' id='block_1_5' title="bbox 188 351 1627 407">
    <p class='ocr_par' dir='ltr' id='par_1_5' title="bbox 188 351 1627 407">
     <span class='ocr_line' id='line_1_5' title="bbox 188 351 1627 407; baseline -0.004 -9"><span class='ocrx_word' id='word_1_19' title='bbox 188 358 356 398; x_wconf 82' lang='lat' dir='ltr'><strong>Famaq</strong></span> <span class='ocrx_word' id='word_1_20' title='bbox 387 370 414 398; x_wconf 90' lang='lat' dir='ltr'><strong>a</strong></span> <span class='ocrx_word' id='word_1_21' title='bbox 448 356 578 397; x_wconf 82' lang='lat' dir='ltr'><strong>fando</strong></span> <span class='ocrx_word' id='word_1_22' title='bbox 604 356 749 398; x_wconf 86' lang='lat' dir='ltr'><strong>dicta:</strong></span> <span class='ocrx_word' id='word_1_23' title='bbox 790 356 854 396; x_wconf 92' lang='lat' dir='ltr'><strong>sic</strong></span> <span class='ocrx_word' id='word_1_24' title='bbox 876 352 991 407; x_wconf 87' lang='lat' dir='ltr'><strong>apud</strong></span> <span class='ocrx_word' id='word_1_25' title='bbox 1019 351 1218 402; x_wconf 83' lang='lat' dir='ltr'><strong>Graecos,</strong></span> <span class='ocrx_word' id='word_1_26' title='bbox 1239 352 1334 405; x_wconf 80' lang='grc' dir='ltr'>φήμη</span> <span class='ocrx_word' id='word_1_27' title='bbox 1366 353 1436 392; x_wconf 79' lang='grc' dir='ltr'><strong>ἀπὸ</strong></span> <span class='ocrx_word' id='word_1_28' title='bbox 1463 355 1525 400; x_wconf 81' lang='grc' dir='ltr'><strong>τῆς</strong></span> <span class='ocrx_word' id='word_1_29' title='bbox 1552 351 1627 400; x_wconf 73' lang='grc' dir='ltr'><strong>φά-</strong></span> 
     </span>
    </p>
   </div>
   <div class='ocr_carea' id='block_1_6' title="bbox 243 442 347 473">
    <p class='ocr_par' dir='ltr' id='par_1_6' title="bbox 243 442 347 473">
     <span class='ocr_line' id='line_1_6' title="bbox 243 442 347 473; baseline 0.01 -9"><span class='ocrx_word' id='word_1_30' title='bbox 243 442 347 473; x_wconf 84' lang='grc' dir='ltr'><strong><em>σεως.</em></strong></span> 
     </span>
    </p>
   </div>
   <div class='ocr_carea' id='block_1_7' title="bbox 186 488 1469 541">
    <p class='ocr_par' dir='ltr' id='par_1_7' title="bbox 186 488 1469 541">
     <span class='ocr_line' id='line_1_7' title="bbox 186 488 1469 541; baseline -0.004 -7"><span class='ocrx_word' id='word_1_31' title='bbox 186 492 536 535; x_wconf 81' lang='lat' dir='ltr'><strong>Famelicosam4</strong></span> <span class='ocrx_word' id='word_1_32' title='bbox 553 498 564 514; x_wconf 57' lang='grc' dir='ltr'><strong><em>Γ</em></strong></span> <span class='ocrx_word' id='word_1_33' title='bbox 594 497 769 540; x_wconf 85' lang='lat' dir='ltr'><strong>terram,</strong></span> <span class='ocrx_word' id='word_1_34' title='bbox 793 493 951 530; x_wconf 86' lang='lat' dir='ltr'><strong>terram</strong></span> <span class='ocrx_word' id='word_1_35' title='bbox 973 488 1210 541; x_wconf 78' lang='lat' dir='ltr'>palustrem</span> <span class='ocrx_word' id='word_1_36' title='bbox 1236 488 1469 529; x_wconf 84' lang='lat' dir='ltr'><strong>vocabant.</strong></span> 
     </span>
    </p>
   </div>
   <div class='ocr_carea' id='block_1_8' title="bbox 185 557 929 612">
    <p class='ocr_par' dir='ltr' id='par_1_8' title="bbox 185 557 929 612">
     <span class='ocr_line' id='line_1_8' title="bbox 185 557 929 612; baseline -0.009 -10"><span class='ocrx_word' id='word_1_37' title='bbox 185 560 400 612; x_wconf 88' lang='lat' dir='ltr'><strong>Famella,</strong></span> <span class='ocrx_word' id='word_1_38' title='bbox 423 560 727 601; x_wconf 85' lang='lat' dir='ltr'>diminutivum</span> <span class='ocrx_word' id='word_1_39' title='bbox 750 570 776 598; x_wconf 90' lang='lat' dir='ltr'><strong>a</strong></span> <span class='ocrx_word' id='word_1_40' title='bbox 796 557 929 598; x_wconf 84' lang='lat' dir='ltr'><strong>sama.</strong></span> 
     </span>
    </p>
   </div>
   <div class='ocr_carea' id='block_1_9' title="bbox 187 622 1631 948">
    <p class='ocr_par' dir='ltr' id='par_1_9' title="bbox 187 622 1631 948">
     <span class='ocr_line' id='line_1_9' title="bbox 187 622 1629 676; baseline -0.005 -7"><span class='ocrx_word' id='word_1_41' title='bbox 187 628 374 669; x_wconf 82' lang='lat' dir='ltr'><strong>Familia</strong></span> <span class='ocrx_word' id='word_1_42' title='bbox 390 633 542 669; x_wconf 83' lang='lat' dir='ltr'><strong>antea⁵</strong></span> <span class='ocrx_word' id='word_1_43' title='bbox 560 633 571 648; x_wconf 78' lang='lat'>⁵</span> <span class='ocrx_word' id='word_1_44' title='bbox 602 628 647 667; x_wconf 91' lang='lat' dir='ltr'><strong>in</strong></span> <span class='ocrx_word' id='word_1_45' title='bbox 662 625 812 666; x_wconf 87' lang='lat' dir='ltr'><strong>liberis</strong></span> <span class='ocrx_word' id='word_1_46' title='bbox 826 622 1073 664; x_wconf 85' lang='lat' dir='ltr'><strong>hominibus</strong></span> <span class='ocrx_word' id='word_1_47' title='bbox 1091 622 1327 672; x_wconf 80' lang='lat' dir='ltr'><strong>dicebatur,</strong></span> <span class='ocrx_word' id='word_1_48' title='bbox 1345 635 1525 676; x_wconf 90' lang='lat' dir='ltr'><strong>quorum</strong></span> <span class='ocrx_word' id='word_1_49' title='bbox 1539 622 1629 663; x_wconf 88' lang='lat' dir='ltr'><strong>dux</strong></span> 
     </span>
     <span class='ocr_line' id='line_1_10' title="bbox 242 687 1630 749; baseline -0.005 -13"><span class='ocrx_word' id='word_1_50' title='bbox 242 699 284 736; x_wconf 85' lang='lat' dir='ltr'><strong>et</strong></span> <span class='ocrx_word' id='word_1_51' title='bbox 314 695 520 749; x_wconf 83' lang='lat' dir='ltr'><strong>princeps</strong></span> <span class='ocrx_word' id='word_1_52' title='bbox 551 693 720 748; x_wconf 87' lang='lat' dir='ltr'><strong>generis</strong></span> <span class='ocrx_word' id='word_1_53' title='bbox 749 692 991 733; x_wconf 86' lang='lat' dir='ltr'><strong>vocabatur</strong></span> <span class='ocrx_word' id='word_1_54' title='bbox 1017 694 1153 743; x_wconf 87' lang='lat' dir='ltr'><strong>pater,</strong></span> <span class='ocrx_word' id='word_1_55' title='bbox 1184 693 1227 730; x_wconf 87' lang='lat' dir='ltr'><strong>et</strong></span> <span class='ocrx_word' id='word_1_56' title='bbox 1252 693 1390 731; x_wconf 83' lang='lat' dir='ltr'><strong>mater</strong></span> <span class='ocrx_word' id='word_1_57' title='bbox 1420 687 1630 730; x_wconf 72' lang='lat' dir='ltr'><strong>familiae-⁶</strong></span> 
     </span>
     <span class='ocr_line' id='line_1_11' title="bbox 242 756 1631 810; baseline -0.005 -6"><span class='ocrx_word' id='word_1_58' title='bbox 242 763 372 804; x_wconf 84' lang='lat' dir='ltr'>Unde</span> <span class='ocrx_word' id='word_1_59' title='bbox 399 762 579 803; x_wconf 65' lang='lat' dir='ltr'><strong>familiae</strong></span> <span class='ocrx_word' id='word_1_60' title='bbox 613 760 821 801; x_wconf 89' lang='lat' dir='ltr'><strong>nobilium</strong></span> <span class='ocrx_word' id='word_1_61' title='bbox 846 757 1182 810; x_wconf 87' lang='lat' dir='ltr'><strong>Pompiliorum,</strong></span> <span class='ocrx_word' id='word_1_62' title='bbox 1205 756 1501 807; x_wconf 87' lang='lat' dir='ltr'><strong>Valeriorum,</strong></span> <span class='ocrx_word' id='word_1_63' title='bbox 1523 756 1631 797; x_wconf 87' lang='lat' dir='ltr'><strong>Cor·</strong></span> 
     </span>
     <span class='ocr_line' id='line_1_12' title="bbox 241 824 1630 878; baseline -0.004 -7"><span class='ocrx_word' id='word_1_64' title='bbox 241 830 468 878; x_wconf 87' lang='lat' dir='ltr'><strong>neliorum,</strong></span> <span class='ocrx_word' id='word_1_65' title='bbox 489 833 531 869; x_wconf 87' lang='lat' dir='ltr'><strong>et</strong></span> <span class='ocrx_word' id='word_1_66' title='bbox 550 828 786 869; x_wconf 82' lang='lat' dir='ltr'><strong>familiares</strong></span> <span class='ocrx_word' id='word_1_67' title='bbox 806 839 863 867; x_wconf 87' lang='lat' dir='ltr'><strong>ex</strong></span> <span class='ocrx_word' id='word_1_68' title='bbox 884 825 1038 866; x_wconf 86' lang='lat' dir='ltr'><strong>eadem</strong></span> <span class='ocrx_word' id='word_1_69' title='bbox 1058 824 1250 865; x_wconf 83' lang='lat' dir='ltr'><strong>familia:</strong></span> <span class='ocrx_word' id='word_1_70' title='bbox 1279 828 1432 878; x_wconf 85' lang='lat' dir='ltr'><strong>postea</strong></span> <span class='ocrx_word' id='word_1_71' title='bbox 1452 825 1535 866; x_wconf 92' lang='lat' dir='ltr'><strong>hoc</strong></span> <span class='ocrx_word' id='word_1_72' title='bbox 1555 838 1630 865; x_wconf 92' lang='lat' dir='ltr'><strong>no-</strong></span> 
     </span>
     <span class='ocr_line' id='line_1_13' title="bbox 245 891 1630 948; baseline -0.006 -9"><span class='ocrx_word' id='word_1_73' title='bbox 245 899 356 939; x_wconf 91' lang='lat' dir='ltr'><strong>mine</strong></span> <span class='ocrx_word' id='word_1_74' title='bbox 377 898 506 938; x_wconf 86' lang='lat' dir='ltr'><strong>etiam</strong></span> <span class='ocrx_word' id='word_1_75' title='bbox 538 896 693 937; x_wconf 85' lang='lat' dir='ltr'><strong>famuli</strong></span> <span class='ocrx_word' id='word_1_76' title='bbox 724 893 939 948; x_wconf 86' lang='lat' dir='ltr'><strong>appellari</strong></span> <span class='ocrx_word' id='word_1_77' title='bbox 962 896 1201 945; x_wconf 86' lang='lat' dir='ltr'><strong>coeperunt,</strong></span> <span class='ocrx_word' id='word_1_78' title='bbox 1223 896 1467 947; x_wconf 85' lang='lat' dir='ltr'><strong>permutata</strong></span> <span class='ocrx_word' id='word_1_79' title='bbox 1487 891 1510 932; x_wconf 96' lang='lat' dir='ltr'>I</span> <span class='ocrx_word' id='word_1_80' title='bbox 1532 905 1630 932; x_wconf 87' lang='lat' dir='ltr'><strong>cum</strong></span> 
     </span>
    </p>
   </div>
   <div class='ocr_carea' id='block_1_10' title="bbox 245 966 450 1006">
    <p class='ocr_par' dir='ltr' id='par_1_10' title="bbox 245 966 450 1006">
     <span class='ocr_line' id='line_1_14' title="bbox 245 966 450 1006; baseline -0.01 0"><span class='ocrx_word' id='word_1_81' title='bbox 245 966 288 1006; x_wconf 90' lang='lat' dir='ltr'>V</span> <span class='ocrx_word' id='word_1_82' title='bbox 311 966 450 1006; x_wconf 84' lang='lat' dir='ltr'><strong>litera.</strong></span> 
     </span>
    </p>
   </div>
   <div class='ocr_carea' id='block_1_11' title="bbox 190 1027 1223 1084">
    <p class='ocr_par' dir='ltr' id='par_1_11' title="bbox 190 1027 1223 1084">
     <span class='ocr_line' id='line_1_15' title="bbox 190 1027 1223 1084; baseline -0.008 -9"><span class='ocrx_word' id='word_1_83' title='bbox 190 1033 441 1075; x_wconf 84' lang='lat' dir='ltr'><strong>Familiaris</strong></span> <span class='ocrx_word' id='word_1_84' title='bbox 458 1034 468 1054; x_wconf 65' lang='lat'>²</span> <span class='ocrx_word' id='word_1_85' title='bbox 500 1032 742 1080; x_wconf 86' lang='lat' dir='ltr'><strong>Romanus,</strong></span> <span class='ocrx_word' id='word_1_86' title='bbox 762 1030 957 1084; x_wconf 86' lang='lat' dir='ltr'><strong>privatus</strong></span> <span class='ocrx_word' id='word_1_87' title='bbox 981 1027 1223 1070; x_wconf 77' lang='lat' dir='ltr'><strong>Romanus.</strong></span> 
     </span>
    </p>
   </div>
   <div class='ocr_carea' id='block_1_12' title="bbox 192 1101 593 1151">
    <p class='ocr_par' dir='ltr' id='par_1_12' title="bbox 192 1101 593 1151">
     <span class='ocr_line' id='line_1_16' title="bbox 192 1101 593 1151; baseline -0.007 -9"><span class='ocrx_word' id='word_1_88' title='bbox 192 1101 410 1151; x_wconf 81' lang='lat' dir='ltr'><strong>Famino‚¹¹</strong></span> <span class='ocrx_word' id='word_1_89' title='bbox 441 1101 593 1141; x_wconf 83' lang='lat' dir='ltr'><strong>dicito.</strong></span> 
     </span>
    </p>
   </div>
   <div class='ocr_carea' id='block_1_13' title="bbox 798 1205 913 1218">
    <p class='ocr_par' dir='ltr' id='par_1_13' title="bbox 798 1205 913 1218">
     <span class='ocr_line' id='line_1_17' title="bbox 798 1205 913 1218; baseline 0 -2"><span class='ocrx_word' id='word_1_90' title='bbox 798 1205 913 1218; x_wconf 55' lang='lat'><strong>‘‘‘‘‘‘</strong></span> 
     </span>
    </p>
   </div>
   <div class='ocr_carea' id='block_1_14' title="bbox 918 1205 1030 1216">
    <p class='ocr_par' dir='ltr' id='par_1_14' title="bbox 918 1205 1030 1216">
     <span class='ocr_line' id='line_1_18' title="bbox 918 1205 1030 1216; baseline -0.009 0"><span class='ocrx_word' id='word_1_91' title='bbox 918 1205 1030 1216; x_wconf 58' lang='lat' dir='ltr'><strong>eeeeee</strong></span> 
     </span>
    </p>
   </div>
   <div class='ocr_carea' id='block_1_15' title="bbox 232 1290 1633 1330">
    <p class='ocr_par' dir='ltr' id='par_1_15' title="bbox 232 1290 1633 1330">
     <span class='ocr_line' id='line_1_19' title="bbox 232 1290 1633 1330; baseline -0.007 0"><span class='ocrx_word' id='word_1_92' title='bbox 232 1301 251 1330; x_wconf 78' lang='lat'>4</span> <span class='ocrx_word' id='word_1_93' title='bbox 277 1298 332 1329; x_wconf 90' lang='lat' dir='ltr'><strong>Al.</strong></span> <span class='ocrx_word' id='word_1_94' title='bbox 354 1296 567 1328; x_wconf 73' lang='lat' dir='ltr'><strong>Familicosnm</strong></span> <span class='ocrx_word' id='word_1_95' title='bbox 585 1296 637 1326; x_wconf 90' lang='lat' dir='ltr'><strong>vel</strong></span> <span class='ocrx_word' id='word_1_96' title='bbox 658 1295 921 1327; x_wconf 80' lang='lat' dir='ltr'><strong>Famicosam.—5</strong></span> <span class='ocrx_word' id='word_1_97' title='bbox 947 1293 1109 1327; x_wconf 67' lang='lat' dir='ltr'><strong>Quaedam</strong></span> <span class='ocrx_word' id='word_1_98' title='bbox 1127 1293 1201 1324; x_wconf 81' lang='lat' dir='ltr'><strong>edd.</strong></span> <span class='ocrx_word' id='word_1_99' title='bbox 1222 1292 1353 1323; x_wconf 76' lang='lat' dir='ltr'><strong>Familia</strong></span> <span class='ocrx_word' id='word_1_100' title='bbox 1368 1294 1536 1323; x_wconf 64' lang='grc' dir='ltr'><strong>(ιω-εω-ῦ</strong></span> <span class='ocrx_word' id='word_1_101' title='bbox 1553 1290 1633 1322; x_wconf 78' lang='lat' dir='ltr'><strong>Qui-</strong></span> 
     </span>
    </p>
   </div>
   <div class='ocr_carea' id='block_1_16' title="bbox 191 1340 526 1377">
    <p class='ocr_par' dir='ltr' id='par_1_16' title="bbox 191 1340 526 1377">
     <span class='ocr_line' id='line_1_20' title="bbox 191 1340 526 1377; baseline -0.012 -4"><span class='ocrx_word' id='word_1_102' title='bbox 191 1342 270 1373; x_wconf 83' lang='lat' dir='ltr'><strong>dam</strong></span> <span class='ocrx_word' id='word_1_103' title='bbox 287 1340 526 1377; x_wconf 80' lang='lat' dir='ltr'><strong>librisamz&#39;lias.</strong></span> 
     </span>
    </p>
   </div>
   <div class='ocr_carea' id='block_1_17' title="bbox 845 1443 981 1476">
    <p class='ocr_par' dir='ltr' id='par_1_17' title="bbox 845 1443 981 1476">
     <span class='ocr_line' id='line_1_21' title="bbox 845 1443 981 1476; baseline -0.022 0"><span class='ocrx_word' id='word_1_104' title='bbox 845 1443 981 1476; x_wconf 72' lang='lat' dir='ltr'><strong>NO&#39;FAE</strong></span> 
     </span>
    </p>
   </div>
   <div class='ocr_carea' id='block_1_18' title="bbox 192 1532 894 2725">
    <p class='ocr_par' dir='ltr' id='par_1_18' title="bbox 192 1532 890 1723">
     <span class='ocr_line' id='line_1_22' title="bbox 235 1532 887 1572; baseline -0.006 -7"><span class='ocrx_word' id='word_1_105' title='bbox 235 1538 251 1559; x_wconf 74' lang='lat' dir='ltr'>P</span> <span class='ocrx_word' id='word_1_106' title='bbox 277 1534 401 1565; x_wconf 70' lang='lat' dir='ltr'><strong>Falsius</strong></span> <span class='ocrx_word' id='word_1_107' title='bbox 421 1537 450 1564; x_wconf 78' lang='lat' dir='ltr'><strong>et</strong></span> <span class='ocrx_word' id='word_1_108' title='bbox 467 1532 604 1572; x_wconf 86' lang='lat' dir='ltr'><strong>Falsior]</strong></span> <span class='ocrx_word' id='word_1_109' title='bbox 627 1533 701 1563; x_wconf 86' lang='lat' dir='ltr'><strong>Vox</strong></span> <span class='ocrx_word' id='word_1_110' title='bbox 717 1532 887 1563; x_wconf 78' lang='lat' dir='ltr'><strong>rationabi-</strong></span> 
     </span>
     <span class='ocr_line' id='line_1_23' title="bbox 192 1582 890 1623; baseline -0.003 -9"><span class='ocrx_word' id='word_1_111' title='bbox 192 1585 265 1615; x_wconf 73' lang='lat' dir='ltr'><strong>liter</strong></span> <span class='ocrx_word' id='word_1_112' title='bbox 280 1590 331 1615; x_wconf 85' lang='lat' dir='ltr'><strong>est</strong></span> <span class='ocrx_word' id='word_1_113' title='bbox 356 1584 477 1622; x_wconf 78' lang='lat' dir='ltr'><strong>Pauli3</strong></span> <span class='ocrx_word' id='word_1_114' title='bbox 508 1594 573 1623; x_wconf 82' lang='lat' dir='ltr'><strong>qua</strong></span> <span class='ocrx_word' id='word_1_115' title='bbox 596 1583 699 1614; x_wconf 86' lang='lat' dir='ltr'><strong>etiam</strong></span> <span class='ocrx_word' id='word_1_116' title='bbox 722 1583 778 1613; x_wconf 89' lang='lat' dir='ltr'><strong>alii</strong></span> <span class='ocrx_word' id='word_1_117' title='bbox 802 1582 890 1613; x_wconf 89' lang='lat' dir='ltr'><strong>infe-</strong></span> 
     </span>
     <span class='ocr_line' id='line_1_24' title="bbox 193 1634 890 1666; baseline -0.004 0"><span class='ocrx_word' id='word_1_118' title='bbox 193 1635 288 1666; x_wconf 82' lang='lat' dir='ltr'><strong>rioris</strong></span> <span class='ocrx_word' id='word_1_119' title='bbox 304 1639 391 1666; x_wconf 88' lang='lat' dir='ltr'><strong>notae</strong></span> <span class='ocrx_word' id='word_1_120' title='bbox 403 1634 623 1666; x_wconf 80' lang='lat' dir='ltr'><strong>Grammatici</strong></span> <span class='ocrx_word' id='word_1_121' title='bbox 638 1638 789 1664; x_wconf 83' lang='lat' dir='ltr'><strong>utuntur.</strong></span> <span class='ocrx_word' id='word_1_122' title='bbox 824 1634 890 1663; x_wconf 90' lang='lat' dir='ltr'><strong>Vo—</strong></span> 
     </span>
     <span class='ocr_line' id='line_1_25' title="bbox 193 1683 763 1723; baseline -0.004 -7"><span class='ocrx_word' id='word_1_123' title='bbox 193 1686 255 1716; x_wconf 86' lang='lat' dir='ltr'><strong>luit</strong></span> <span class='ocrx_word' id='word_1_124' title='bbox 271 1685 385 1716; x_wconf 87' lang='lat' dir='ltr'><strong>dicere</strong></span> <span class='ocrx_word' id='word_1_125' title='bbox 402 1684 573 1723; x_wconf 74' lang='grc' dir='ltr'>ἀναλόγως.</span> <span class='ocrx_word' id='word_1_126' title='bbox 596 1685 663 1714; x_wconf 66' lang='lat'><em>210⁸.</em></span> <span class='ocrx_word' id='word_1_127' title='bbox 679 1683 763 1714; x_wconf 82' lang='lat' dir='ltr'><strong>Scal-</strong></span> 
     </span>
    </p>

    <p class='ocr_par' dir='ltr' id='par_1_19' title="bbox 193 1732 890 1871">
     <span class='ocr_line' id='line_1_26' title="bbox 235 1732 889 1775; baseline -0.003 -10"><span class='ocrx_word' id='word_1_128' title='bbox 235 1742 250 1762; x_wconf 67' lang='lat' dir='ltr'><strong>q</strong></span> <span class='ocrx_word' id='word_1_129' title='bbox 273 1735 386 1775; x_wconf 86' lang='lat' dir='ltr'><strong>Fama]</strong></span> <span class='ocrx_word' id='word_1_130' title='bbox 414 1735 442 1765; x_wconf 84' lang='lat' dir='ltr'><strong>A</strong></span> <span class='ocrx_word' id='word_1_131' title='bbox 460 1735 588 1766; x_wconf 89' lang='lat' dir='ltr'><strong>Dorico</strong></span> <span class='ocrx_word' id='word_1_132' title='bbox 604 1732 692 1772; x_wconf 83' lang='grc' dir='ltr'>φάμα</span> <span class='ocrx_word' id='word_1_133' title='bbox 715 1744 775 1774; x_wconf 89' lang='lat' dir='ltr'><strong>pro</strong></span> <span class='ocrx_word' id='word_1_134' title='bbox 791 1733 889 1773; x_wconf 78' lang='grc' dir='ltr'><strong><em>φήμη,</em></strong></span> 
     </span>
     <span class='ocr_line' id='line_1_27' title="bbox 194 1782 890 1826; baseline -0.004 -10"><span class='ocrx_word' id='word_1_135' title='bbox 194 1784 282 1826; x_wconf 87' lang='lat' dir='ltr'><strong>quod</strong></span> <span class='ocrx_word' id='word_1_136' title='bbox 299 1794 319 1815; x_wconf 82' lang='lat' dir='ltr'><strong>a</strong></span> <span class='ocrx_word' id='word_1_137' title='bbox 334 1784 423 1823; x_wconf 81' lang='grc' dir='ltr'>φημί.</span> <span class='ocrx_word' id='word_1_138' title='bbox 469 1784 567 1816; x_wconf 82' lang='lat' dir='ltr'><strong>Istud</strong></span> <span class='ocrx_word' id='word_1_139' title='bbox 585 1794 603 1814; x_wconf 86' lang='lat' dir='ltr'><strong>a</strong></span> <span class='ocrx_word' id='word_1_140' title='bbox 619 1782 700 1823; x_wconf 76' lang='grc' dir='ltr'><strong>φάω,</strong></span> <span class='ocrx_word' id='word_1_141' title='bbox 725 1783 811 1814; x_wconf 75' lang='lat' dir='ltr'><strong>[inde</strong></span> <span class='ocrx_word' id='word_1_142' title='bbox 829 1784 890 1814; x_wconf 86' lang='lat' dir='ltr'><strong>La-</strong></span> 
     </span>
     <span class='ocr_line' id='line_1_28' title="bbox 193 1834 507 1871; baseline -0.003 -6"><span class='ocrx_word' id='word_1_143' title='bbox 193 1835 299 1865; x_wconf 81' lang='lat' dir='ltr'><strong>tinum</strong></span> <span class='ocrx_word' id='word_1_144' title='bbox 315 1834 396 1871; x_wconf 78' lang='lat' dir='ltr'><strong>sari.</strong></span> <span class='ocrx_word' id='word_1_145' title='bbox 420 1835 507 1865; x_wconf 88' lang='lat' dir='ltr'><strong>Dac.</strong></span> 
     </span>
    </p>

    <p class='ocr_par' dir='ltr' id='par_1_20' title="bbox 194 1882 890 2024">
     <span class='ocr_line' id='line_1_29' title="bbox 237 1882 888 1923; baseline -0.006 -8"><span class='ocrx_word' id='word_1_146' title='bbox 237 1889 248 1903; x_wconf 64' lang='lat' dir='ltr'>r</span> <span class='ocrx_word' id='word_1_147' title='bbox 283 1883 519 1923; x_wconf 77' lang='lat' dir='ltr'><strong>Famelicosmn]</strong></span> <span class='ocrx_word' id='word_1_148' title='bbox 566 1882 607 1913; x_wconf 88' lang='lat' dir='ltr'><strong>Id</strong></span> <span class='ocrx_word' id='word_1_149' title='bbox 645 1887 709 1919; x_wconf 88' lang='lat' dir='ltr'><strong>est,</strong></span> <span class='ocrx_word' id='word_1_150' title='bbox 751 1882 888 1912; x_wconf 87' lang='lat' dir='ltr'><strong>aridam.</strong></span> 
     </span>
     <span class='ocr_line' id='line_1_30' title="bbox 194 1932 890 1972; baseline -0.006 -6"><span class='ocrx_word' id='word_1_151' title='bbox 194 1935 306 1966; x_wconf 81' lang='lat' dir='ltr'><strong>Gloss.</strong></span> <span class='ocrx_word' id='word_1_152' title='bbox 331 1935 340 1951; x_wconf 87' lang='lat'>‘</span> <span class='ocrx_word' id='word_1_153' title='bbox 357 1934 560 1972; x_wconf 81' lang='lat' dir='ltr'><strong>Famelicus,</strong></span> <span class='ocrx_word' id='word_1_154' title='bbox 583 1932 766 1971; x_wconf 76' lang='grc' dir='ltr'>λιμόξηρος.”</span> <span class='ocrx_word' id='word_1_155' title='bbox 804 1933 813 1948; x_wconf 90' lang='lat'>‘</span> <span class='ocrx_word' id='word_1_156' title='bbox 831 1933 890 1962; x_wconf 80' lang='lat' dir='ltr'><strong>Fa-</strong></span> 
     </span>
     <span class='ocr_line' id='line_1_31' title="bbox 194 1983 665 2024; baseline -0.006 -8"><span class='ocrx_word' id='word_1_157' title='bbox 194 1985 328 2021; x_wconf 72' lang='lat' dir='ltr'><strong>mefice,</strong></span> <span class='ocrx_word' id='word_1_158' title='bbox 352 1983 543 2024; x_wconf 78' lang='grc' dir='ltr'>λιμοξήρως.’</span> <span class='ocrx_word' id='word_1_159' title='bbox 568 1984 665 2014; x_wconf 83' lang='lat' dir='ltr'><strong>Idem.</strong></span> 
     </span>
    </p>

    <p class='ocr_par' dir='ltr' id='par_1_21' title="bbox 194 2031 894 2725">
     <span class='ocr_line' id='line_1_32' title="bbox 236 2031 891 2074; baseline -0.005 -9"><span class='ocrx_word' id='word_1_160' title='bbox 236 2039 247 2053; x_wconf 74' lang='lat'>⁵</span> <span class='ocrx_word' id='word_1_161' title='bbox 272 2034 405 2065; x_wconf 80' lang='lat' dir='ltr'><strong>Familia</strong></span> <span class='ocrx_word' id='word_1_162' title='bbox 420 2034 527 2074; x_wconf 78' lang='lat' dir='ltr'><strong>antea]</strong></span> <span class='ocrx_word' id='word_1_163' title='bbox 543 2032 708 2066; x_wconf 73' lang='lat' dir='ltr'><strong>Quaedam</strong></span> <span class='ocrx_word' id='word_1_164' title='bbox 725 2031 891 2063; x_wconf 79' lang='lat' dir='ltr'><strong>editiones</strong></span> 
     </span>
     <span class='ocr_line' id='line_1_33' title="bbox 194 2085 891 2124; baseline -0.003 -9"><span class='ocrx_word' id='word_1_165' title='bbox 194 2085 320 2116; x_wconf 77' lang='lat' dir='ltr'><strong>liabent</strong></span> <span class='ocrx_word' id='word_1_166' title='bbox 346 2085 479 2115; x_wconf 82' lang='lat' dir='ltr'><strong>Familia</strong></span> <span class='ocrx_word' id='word_1_167' title='bbox 493 2094 609 2121; x_wconf 79' lang='lat' dir='ltr'><strong>aurea;</strong></span> <span class='ocrx_word' id='word_1_168' title='bbox 634 2093 699 2124; x_wconf 88' lang='lat' dir='ltr'><strong>qua</strong></span> <span class='ocrx_word' id='word_1_169' title='bbox 724 2092 758 2113; x_wconf 89' lang='lat' dir='ltr'><strong>re</strong></span> <span class='ocrx_word' id='word_1_170' title='bbox 783 2088 891 2114; x_wconf 83' lang='lat' dir='ltr'><strong>motus</strong></span> 
     </span>
     <span class='ocr_line' id='line_1_34' title="bbox 194 2133 890 2173; baseline -0.007 -6"><span class='ocrx_word' id='word_1_171' title='bbox 194 2136 249 2169; x_wconf 87' lang='lat' dir='ltr'><strong>Jo.</strong></span> <span class='ocrx_word' id='word_1_172' title='bbox 287 2136 469 2173; x_wconf 87' lang='lat' dir='ltr'><strong>Meursius,</strong></span> <span class='ocrx_word' id='word_1_173' title='bbox 512 2133 714 2173; x_wconf 80' lang='lat' dir='ltr'><strong>Pliilologici</strong></span> <span class='ocrx_word' id='word_1_174' title='bbox 752 2133 890 2164; x_wconf 78' lang='lat' dir='ltr'><strong>auctarii</strong></span> 
     </span>
     <span class='ocr_line' id='line_1_35' title="bbox 194 2183 891 2227; baseline -0.006 -10"><span class='ocrx_word' id='word_1_175' title='bbox 194 2197 269 2227; x_wconf 89' lang='lat' dir='ltr'><strong>cap.</strong></span> <span class='ocrx_word' id='word_1_176' title='bbox 288 2189 338 2217; x_wconf 87' lang='lat'><strong>11.</strong></span> <span class='ocrx_word' id='word_1_177' title='bbox 356 2186 563 2217; x_wconf 86' lang='lat' dir='ltr'><strong>existimavit</strong></span> <span class='ocrx_word' id='word_1_178' title='bbox 586 2186 594 2202; x_wconf 93' lang='lat'>‘</span> <span class='ocrx_word' id='word_1_179' title='bbox 613 2183 748 2215; x_wconf 86' lang='lat' dir='ltr'><strong>servos’</strong></span> <span class='ocrx_word' id='word_1_180' title='bbox 765 2183 891 2223; x_wconf 83' lang='lat' dir='ltr'><strong>simpli-</strong></span> 
     </span>
     <span class='ocr_line' id='line_1_36' title="bbox 196 2232 891 2275; baseline -0.004 -9"><span class='ocrx_word' id='word_1_181' title='bbox 196 2237 282 2268; x_wconf 79' lang='lat' dir='ltr'><strong>citer</strong></span> <span class='ocrx_word' id='word_1_182' title='bbox 306 2237 314 2252; x_wconf 90' lang='lat'>‘</span> <span class='ocrx_word' id='word_1_183' title='bbox 333 2235 517 2271; x_wconf 86' lang='lat' dir='ltr'><strong>familiam,’</strong></span> <span class='ocrx_word' id='word_1_184' title='bbox 535 2239 570 2266; x_wconf 89' lang='lat' dir='ltr'><strong>at</strong></span> <span class='ocrx_word' id='word_1_185' title='bbox 585 2236 594 2252; x_wconf 90' lang='lat'>‘</span> <span class='ocrx_word' id='word_1_186' title='bbox 610 2233 795 2275; x_wconf 82' lang='lat' dir='ltr'><strong>ingenuos,’</strong></span> <span class='ocrx_word' id='word_1_187' title='bbox 818 2234 826 2250; x_wconf 85' lang='lat'>‘</span> <span class='ocrx_word' id='word_1_188' title='bbox 844 2232 891 2263; x_wconf 86' lang='lat' dir='ltr'><strong>fa-</strong></span> 
     </span>
     <span class='ocr_line' id='line_1_37' title="bbox 196 2282 891 2325; baseline -0.004 -9"><span class='ocrx_word' id='word_1_189' title='bbox 196 2287 319 2316; x_wconf 85' lang='lat' dir='ltr'><strong>miliam</strong></span> <span class='ocrx_word' id='word_1_190' title='bbox 362 2284 516 2317; x_wconf 89' lang='lat' dir='ltr'><strong>auream’</strong></span> <span class='ocrx_word' id='word_1_191' title='bbox 554 2284 730 2325; x_wconf 86' lang='lat' dir='ltr'><strong>appellari.</strong></span> <span class='ocrx_word' id='word_1_192' title='bbox 791 2282 891 2316; x_wconf 81' lang='lat' dir='ltr'><strong>Quod</strong></span> 
     </span>
     <span class='ocr_line' id='line_1_38' title="bbox 196 2335 890 2375; baseline -0.007 -9"><span class='ocrx_word' id='word_1_193' title='bbox 196 2335 333 2375; x_wconf 86' lang='lat' dir='ltr'><strong>probari</strong></span> <span class='ocrx_word' id='word_1_194' title='bbox 364 2346 430 2366; x_wconf 93' lang='lat' dir='ltr'><strong>non</strong></span> <span class='ocrx_word' id='word_1_195' title='bbox 459 2339 584 2375; x_wconf 84' lang='lat' dir='ltr'><strong>potest,</strong></span> <span class='ocrx_word' id='word_1_196' title='bbox 613 2338 647 2364; x_wconf 87' lang='lat' dir='ltr'><strong>et</strong></span> <span class='ocrx_word' id='word_1_197' title='bbox 675 2337 806 2364; x_wconf 89' lang='lat' dir='ltr'><strong>certum</strong></span> <span class='ocrx_word' id='word_1_198' title='bbox 838 2337 890 2362; x_wconf 84' lang='lat' dir='ltr'><strong>est</strong></span> 
     </span>
     <span class='ocr_line' id='line_1_39' title="bbox 198 2384 891 2425; baseline -0.001 -11"><span class='ocrx_word' id='word_1_199' title='bbox 198 2384 335 2414; x_wconf 82' lang='lat' dir='ltr'><strong>Festum</strong></span> <span class='ocrx_word' id='word_1_200' title='bbox 361 2386 551 2425; x_wconf 79' lang='lat' dir='ltr'><strong>scripsisse,</strong></span> <span class='ocrx_word' id='word_1_201' title='bbox 576 2384 711 2415; x_wconf 77' lang='lat' dir='ltr'><strong>Familia</strong></span> <span class='ocrx_word' id='word_1_202' title='bbox 726 2386 830 2421; x_wconf 74' lang='lat' dir='ltr'><strong>antea,</strong></span> <span class='ocrx_word' id='word_1_203' title='bbox 854 2387 891 2413; x_wconf 88' lang='lat' dir='ltr'><strong>ut</strong></span> 
     </span>
     <span class='ocr_line' id='line_1_40' title="bbox 198 2432 892 2474; baseline 0 -11"><span class='ocrx_word' id='word_1_204' title='bbox 198 2433 229 2464; x_wconf 87' lang='lat' dir='ltr'><strong>in</strong></span> <span class='ocrx_word' id='word_1_205' title='bbox 247 2433 384 2474; x_wconf 85' lang='lat' dir='ltr'><strong>antiqua</strong></span> <span class='ocrx_word' id='word_1_206' title='bbox 399 2435 658 2466; x_wconf 80' lang='lat' dir='ltr'><strong>Mediolanensi.</strong></span> <span class='ocrx_word' id='word_1_207' title='bbox 704 2434 745 2465; x_wconf 92' lang='lat' dir='ltr'><strong>Id</strong></span> <span class='ocrx_word' id='word_1_208' title='bbox 770 2432 892 2474; x_wconf 86' lang='lat' dir='ltr'><strong>probat</strong></span> 
     </span>
     <span class='ocr_line' id='line_1_41' title="bbox 197 2482 894 2523; baseline 0 -10"><span class='ocrx_word' id='word_1_209' title='bbox 197 2483 387 2523; x_wconf 81' lang='lat' dir='ltr'><strong>antithesis,</strong></span> <span class='ocrx_word' id='word_1_210' title='bbox 412 2485 421 2501; x_wconf 90' lang='lat'>‘</span> <span class='ocrx_word' id='word_1_211' title='bbox 441 2485 579 2515; x_wconf 78' lang='lat' dir='ltr'><strong>Familia</strong></span> <span class='ocrx_word' id='word_1_212' title='bbox 595 2489 695 2515; x_wconf 83' lang='lat' dir='ltr'><strong>antea</strong></span> <span class='ocrx_word' id='word_1_213' title='bbox 711 2484 743 2514; x_wconf 91' lang='lat' dir='ltr'><strong>in</strong></span> <span class='ocrx_word' id='word_1_214' title='bbox 767 2482 894 2521; x_wconf 85' lang='lat' dir='ltr'><strong>liberis,</strong></span> 
     </span>
     <span class='ocr_line' id='line_1_42' title="bbox 199 2533 893 2566; baseline -0.001 -2"><span class='ocrx_word' id='word_1_215' title='bbox 199 2536 263 2564; x_wconf 73' lang='grc' dir='ltr'><strong>διο.</strong></span> <span class='ocrx_word' id='word_1_216' title='bbox 308 2533 436 2564; x_wconf 85' lang='lat' dir='ltr'><strong>Postea</strong></span> <span class='ocrx_word' id='word_1_217' title='bbox 457 2535 520 2565; x_wconf 89' lang='lat' dir='ltr'><strong>hoc</strong></span> <span class='ocrx_word' id='word_1_218' title='bbox 552 2534 707 2566; x_wconf 62' lang='lat' dir='ltr'><strong>nomine!</strong></span> <span class='ocrx_word' id='word_1_219' title='bbox 755 2534 893 2565; x_wconf 85' lang='lat' dir='ltr'><strong>Familia</strong></span> 
     </span>
     <span class='ocr_line' id='line_1_43' title="bbox 200 2582 894 2623; baseline 0 -9"><span class='ocrx_word' id='word_1_220' title='bbox 200 2589 252 2615; x_wconf 82' lang='lat' dir='ltr'><strong>est</strong></span> <span class='ocrx_word' id='word_1_221' title='bbox 268 2588 374 2614; x_wconf 86' lang='lat' dir='ltr'><strong>coetus</strong></span> <span class='ocrx_word' id='word_1_222' title='bbox 390 2584 571 2623; x_wconf 87' lang='lat' dir='ltr'><strong>hominnm,</strong></span> <span class='ocrx_word' id='word_1_223' title='bbox 590 2594 609 2615; x_wconf 84' lang='lat' dir='ltr'><strong>a</strong></span> <span class='ocrx_word' id='word_1_224' title='bbox 632 2585 756 2616; x_wconf 76' lang='lat' dir='ltr'><strong>Graeco</strong></span> <span class='ocrx_word' id='word_1_225' title='bbox 782 2582 894 2623; x_wconf 76' lang='grc' dir='ltr'>ὁμιλία,</span> 
     </span>
     <span class='ocr_line' id='line_1_44' title="bbox 201 2633 892 2673; baseline 0 -10"><span class='ocrx_word' id='word_1_226' title='bbox 201 2639 237 2664; x_wconf 91' lang='lat' dir='ltr'><strong>et</strong></span> <span class='ocrx_word' id='word_1_227' title='bbox 254 2633 300 2663; x_wconf 87' lang='lat' dir='ltr'><strong>ita</strong></span> <span class='ocrx_word' id='word_1_228' title='bbox 316 2635 451 2673; x_wconf 84' lang='lat' dir='ltr'><strong>proprie</strong></span> <span class='ocrx_word' id='word_1_229' title='bbox 469 2639 569 2664; x_wconf 82' lang='lat' dir='ltr'><strong>antea</strong></span> <span class='ocrx_word' id='word_1_230' title='bbox 587 2634 764 2664; x_wconf 80' lang='lat' dir='ltr'><strong>dicebatur</strong></span> <span class='ocrx_word' id='word_1_231' title='bbox 788 2635 892 2665; x_wconf 74' lang='lat' dir='ltr'><strong>series</strong></span> 
     </span>
     <span class='ocr_line' id='line_1_45' title="bbox 203 2683 893 2725; baseline -0.001 -11"><span class='ocrx_word' id='word_1_232' title='bbox 203 2683 371 2714; x_wconf 78' lang='lat' dir='ltr'><strong>hominum</strong></span> <span class='ocrx_word' id='word_1_233' title='bbox 387 2683 534 2722; x_wconf 76' lang='lat' dir='ltr'><strong>ejusdem</strong></span> <span class='ocrx_word' id='word_1_234' title='bbox 552 2684 758 2725; x_wconf 82' lang='lat' dir='ltr'><strong>generis‚qui</strong></span> <span class='ocrx_word' id='word_1_235' title='bbox 774 2684 893 2724; x_wconf 83' lang='lat' dir='ltr'><strong>singuli</strong></span> 
     </span>
    </p>
   </div>
   <div class='ocr_carea' id='block_1_19' title="bbox 938 1527 1642 2664">
    <p class='ocr_par' dir='ltr' id='par_1_22' title="bbox 938 1527 1642 2321">
     <span class='ocr_line' id='line_1_46' title="bbox 944 1527 1635 1568; baseline -0.009 -6"><span class='ocrx_word' id='word_1_236' title='bbox 944 1531 1125 1562; x_wconf 80' lang='lat' dir='ltr'><strong>familiares</strong></span> <span class='ocrx_word' id='word_1_237' title='bbox 1165 1529 1378 1568; x_wconf 83' lang='lat' dir='ltr'><strong>dicebantur,</strong></span> <span class='ocrx_word' id='word_1_238' title='bbox 1418 1527 1473 1558; x_wconf 88' lang='lat' dir='ltr'><strong>ubi</strong></span> <span class='ocrx_word' id='word_1_239' title='bbox 1516 1530 1635 1556; x_wconf 76' lang='lat' dir='ltr'><strong>notun·</strong></span> 
     </span>
     <span class='ocr_line' id='line_1_47' title="bbox 943 1577 1635 1619; baseline -0.009 -7"><span class='ocrx_word' id='word_1_240' title='bbox 943 1582 1022 1612; x_wconf 84' lang='lat' dir='ltr'><strong>dnm</strong></span> <span class='ocrx_word' id='word_1_241' title='bbox 1043 1581 1201 1619; x_wconf 75' lang='lat' dir='ltr'><strong>familiam</strong></span> <span class='ocrx_word' id='word_1_242' title='bbox 1233 1580 1371 1610; x_wconf 82' lang='lat' dir='ltr'><strong>Festum</strong></span> <span class='ocrx_word' id='word_1_243' title='bbox 1401 1577 1538 1613; x_wconf 81' lang='lat' dir='ltr'><strong>dixisse,</strong></span> <span class='ocrx_word' id='word_1_244' title='bbox 1562 1585 1635 1615; x_wconf 81' lang='lat' dir='ltr'><strong>quae</strong></span> 
     </span>
     <span class='ocr_line' id='line_1_48' title="bbox 946 1627 1637 1674; baseline -0.01 -10"><span class='ocrx_word' id='word_1_245' title='bbox 946 1634 1081 1674; x_wconf 77' lang='lat' dir='ltr'><strong>proprie</strong></span> <span class='ocrx_word' id='word_1_246' title='bbox 1109 1642 1186 1671; x_wconf 79' lang='lat' dir='ltr'><strong>gens</strong></span> <span class='ocrx_word' id='word_1_247' title='bbox 1208 1636 1272 1661; x_wconf 86' lang='lat' dir='ltr'><strong>est.</strong></span> <span class='ocrx_word' id='word_1_248' title='bbox 1315 1630 1371 1661; x_wconf 88' lang='lat' dir='ltr'><strong>Sic</strong></span> <span class='ocrx_word' id='word_1_249' title='bbox 1393 1628 1481 1669; x_wconf 85' lang='lat' dir='ltr'><strong>apud</strong></span> <span class='ocrx_word' id='word_1_250' title='bbox 1507 1627 1637 1659; x_wconf 87' lang='lat' dir='ltr'><strong>Livium</strong></span> 
     </span>
     <span class='ocr_line' id='line_1_49' title="bbox 945 1676 1637 1714; baseline -0.01 0"><span class='ocrx_word' id='word_1_251' title='bbox 945 1684 1001 1714; x_wconf 88' lang='lat' dir='ltr'><strong>lib.</strong></span> <span class='ocrx_word' id='word_1_252' title='bbox 1020 1692 1061 1714; x_wconf 83' lang='lat' dir='ltr'><strong>n.</strong></span> <span class='ocrx_word' id='word_1_253' title='bbox 1077 1683 1119 1713; x_wconf 91' lang='lat' dir='ltr'><strong>de</strong></span> <span class='ocrx_word' id='word_1_254' title='bbox 1138 1682 1265 1712; x_wconf 80' lang='lat' dir='ltr'><strong>Fabiis:</strong></span> <span class='ocrx_word' id='word_1_255' title='bbox 1291 1684 1299 1697; x_wconf 92' lang='lat'><em>‘</em></span> <span class='ocrx_word' id='word_1_256' title='bbox 1314 1680 1415 1711; x_wconf 85' lang='lat' dir='ltr'><strong>Ibant</strong></span> <span class='ocrx_word' id='word_1_257' title='bbox 1431 1678 1526 1708; x_wconf 79' lang='lat' dir='ltr'><strong>nnius</strong></span> <span class='ocrx_word' id='word_1_258' title='bbox 1542 1676 1637 1708; x_wconf 83' lang='lat' dir='ltr'><strong>fami-</strong></span> 
     </span>
     <span class='ocr_line' id='line_1_50' title="bbox 945 1727 1637 1771; baseline -0.012 -6"><span class='ocrx_word' id='word_1_259' title='bbox 945 1734 997 1765; x_wconf 80' lang='lat' dir='ltr'><strong>liae</strong></span> <span class='ocrx_word' id='word_1_260' title='bbox 1025 1732 1153 1764; x_wconf 57' lang='lat' dir='ltr'><strong>duces?</strong></span> <span class='ocrx_word' id='word_1_261' title='bbox 1199 1731 1282 1762; x_wconf 88' lang='lat' dir='ltr'><strong>Inde</strong></span> <span class='ocrx_word' id='word_1_262' title='bbox 1310 1735 1425 1771; x_wconf 83' lang='lat' dir='ltr'><strong>postea</strong></span> <span class='ocrx_word' id='word_1_263' title='bbox 1437 1729 1566 1765; x_wconf 77' lang='lat' dir='ltr'><strong>familia</strong></span> <span class='ocrx_word' id='word_1_264' title='bbox 1596 1727 1637 1757; x_wconf 82' lang='lat' dir='ltr'><strong>ad</strong></span> 
     </span>
     <span class='ocr_line' id='line_1_51' title="bbox 946 1780 1640 1823; baseline -0.012 -7"><span class='ocrx_word' id='word_1_265' title='bbox 946 1793 1059 1816; x_wconf 86' lang='lat' dir='ltr'><strong>servos</strong></span> <span class='ocrx_word' id='word_1_266' title='bbox 1084 1789 1119 1814; x_wconf 90' lang='lat' dir='ltr'><strong>et</strong></span> <span class='ocrx_word' id='word_1_267' title='bbox 1143 1782 1345 1823; x_wconf 83' lang='lat' dir='ltr'><strong>gladiatores</strong></span> <span class='ocrx_word' id='word_1_268' title='bbox 1370 1780 1580 1814; x_wconf 83' lang='lat' dir='ltr'><strong>translatum,</strong></span> <span class='ocrx_word' id='word_1_269' title='bbox 1604 1782 1640 1808; x_wconf 88' lang='lat' dir='ltr'><strong>et</strong></span> 
     </span>
     <span class='ocr_line' id='line_1_52' title="bbox 938 1831 1642 1874; baseline -0.011 -8"><span class='ocrx_word' id='word_1_270' title='bbox 938 1835 1075 1874; x_wconf 80' lang='lat' dir='ltr'><strong>samiliae</strong></span> <span class='ocrx_word' id='word_1_271' title='bbox 1091 1842 1264 1864; x_wconf 72' lang='lat' dir='ltr'><strong>servorum</strong></span> <span class='ocrx_word' id='word_1_272' title='bbox 1281 1836 1314 1862; x_wconf 87' lang='lat' dir='ltr'><strong>et</strong></span> <span class='ocrx_word' id='word_1_273' title='bbox 1335 1831 1559 1871; x_wconf 85' lang='lat' dir='ltr'><strong>gladiatorum</strong></span> <span class='ocrx_word' id='word_1_274' title='bbox 1577 1838 1642 1859; x_wconf 84' lang='lat' dir='ltr'><strong>coe·</strong></span> 
     </span>
     <span class='ocr_line' id='line_1_53' title="bbox 947 1880 1640 1918; baseline -0.013 -2"><span class='ocrx_word' id='word_1_275' title='bbox 947 1891 999 1915; x_wconf 88' lang='lat' dir='ltr'><strong>tus</strong></span> <span class='ocrx_word' id='word_1_276' title='bbox 1016 1884 1097 1915; x_wconf 90' lang='lat' dir='ltr'><strong>dicti</strong></span> <span class='ocrx_word' id='word_1_277' title='bbox 1115 1888 1204 1914; x_wconf 88' lang='lat' dir='ltr'><strong>sunt.</strong></span> <span class='ocrx_word' id='word_1_278' title='bbox 1251 1881 1373 1913; x_wconf 78' lang='lat' dir='ltr'><strong>Cicero</strong></span> <span class='ocrx_word' id='word_1_279' title='bbox 1395 1882 1403 1896; x_wconf 91' lang='lat'>‘</span> <span class='ocrx_word' id='word_1_280' title='bbox 1420 1880 1640 1918; x_wconf 82' lang='lat' dir='ltr'><strong>gladiatorum</strong></span> 
     </span>
     <span class='ocr_line' id='line_1_54' title="bbox 946 1928 1639 1972; baseline -0.012 -7"><span class='ocrx_word' id='word_1_281' title='bbox 946 1933 1108 1965; x_wconf 62' lang='lat' dir='ltr'><strong>familiael</strong></span> <span class='ocrx_word' id='word_1_282' title='bbox 1148 1932 1249 1972; x_wconf 82' lang='lat' dir='ltr'><strong>Apul.</strong></span> <span class='ocrx_word' id='word_1_283' title='bbox 1262 1931 1394 1971; x_wconf 86' lang='lat' dir='ltr'><strong>apolog.</strong></span> <span class='ocrx_word' id='word_1_284' title='bbox 1412 1930 1420 1946; x_wconf 81' lang='lat'><strong>⁴</strong></span> <span class='ocrx_word' id='word_1_285' title='bbox 1439 1928 1639 1962; x_wconf 80' lang='lat' dir='ltr'><strong>Quindecim</strong></span> 
     </span>
     <span class='ocr_line' id='line_1_55' title="bbox 946 1978 1639 2021; baseline -0.012 -6"><span class='ocrx_word' id='word_1_286' title='bbox 946 1984 1043 2016; x_wconf 89' lang='lat' dir='ltr'><strong>liberi</strong></span> <span class='ocrx_word' id='word_1_287' title='bbox 1070 1983 1218 2014; x_wconf 85' lang='lat' dir='ltr'><strong>homines</strong></span> <span class='ocrx_word' id='word_1_288' title='bbox 1244 1981 1385 2021; x_wconf 84' lang='lat' dir='ltr'><strong>populus</strong></span> <span class='ocrx_word' id='word_1_289' title='bbox 1411 1984 1476 2015; x_wconf 89' lang='lat' dir='ltr'><strong>est,</strong></span> <span class='ocrx_word' id='word_1_290' title='bbox 1499 1978 1639 2009; x_wconf 75' lang='lat' dir='ltr'><strong>totidem</strong></span> 
     </span>
     <span class='ocr_line' id='line_1_56' title="bbox 946 2029 1638 2072; baseline -0.013 -6"><span class='ocrx_word' id='word_1_291' title='bbox 946 2035 1034 2066; x_wconf 84' lang='lat' dir='ltr'><strong>servi</strong></span> <span class='ocrx_word' id='word_1_292' title='bbox 1052 2033 1192 2072; x_wconf 78' lang='lat' dir='ltr'><strong>familia,</strong></span> <span class='ocrx_word' id='word_1_293' title='bbox 1209 2031 1348 2062; x_wconf 87' lang='lat' dir='ltr'><strong>totidem</strong></span> <span class='ocrx_word' id='word_1_294' title='bbox 1366 2029 1468 2060; x_wconf 85' lang='lat' dir='ltr'><strong>vincti</strong></span> <span class='ocrx_word' id='word_1_295' title='bbox 1486 2030 1638 2069; x_wconf 81' lang='lat' dir='ltr'><strong>ergastu-</strong></span> 
     </span>
     <span class='ocr_line' id='line_1_57' title="bbox 947 2076 1639 2116; baseline -0.013 0"><span class='ocrx_word' id='word_1_296' title='bbox 947 2085 1038 2116; x_wconf 69' lang='lat' dir='ltr'><strong>lum!</strong></span> <span class='ocrx_word' id='word_1_297' title='bbox 1072 2083 1158 2115; x_wconf 91' lang='lat' dir='ltr'><strong>Inde</strong></span> <span class='ocrx_word' id='word_1_298' title='bbox 1175 2083 1277 2113; x_wconf 82' lang='lat' dir='ltr'><strong>etiam</strong></span> <span class='ocrx_word' id='word_1_299' title='bbox 1296 2080 1382 2111; x_wconf 85' lang='lat' dir='ltr'><strong>servi</strong></span> <span class='ocrx_word' id='word_1_300' title='bbox 1399 2079 1480 2110; x_wconf 86' lang='lat' dir='ltr'><strong>dicti</strong></span> <span class='ocrx_word' id='word_1_301' title='bbox 1497 2082 1573 2108; x_wconf 81' lang='lat' dir='ltr'><strong>sunt</strong></span> <span class='ocrx_word' id='word_1_302' title='bbox 1589 2076 1639 2108; x_wconf 82' lang='lat' dir='ltr'><strong>su·</strong></span> 
     </span>
     <span class='ocr_line' id='line_1_58' title="bbox 948 2127 1638 2168; baseline -0.013 -2"><span class='ocrx_word' id='word_1_303' title='bbox 948 2135 1042 2166; x_wconf 90' lang='lat' dir='ltr'><strong>muli.</strong></span> <span class='ocrx_word' id='word_1_304' title='bbox 1087 2134 1215 2163; x_wconf 84' lang='lat' dir='ltr'><strong>Tamen</strong></span> <span class='ocrx_word' id='word_1_305' title='bbox 1239 2130 1324 2161; x_wconf 85' lang='lat' dir='ltr'><strong>infra</strong></span> <span class='ocrx_word' id='word_1_306' title='bbox 1340 2129 1459 2159; x_wconf 78' lang='lat' dir='ltr'><strong>Festus</strong></span> <span class='ocrx_word' id='word_1_307' title='bbox 1482 2139 1500 2159; x_wconf 85' lang='lat' dir='ltr'><strong>a</strong></span> <span class='ocrx_word' id='word_1_308' title='bbox 1516 2137 1549 2158; x_wconf 89' lang='lat' dir='ltr'><strong>se</strong></span> <span class='ocrx_word' id='word_1_309' title='bbox 1566 2127 1638 2168; x_wconf 87' lang='lat' dir='ltr'><strong>ipso</strong></span> 
     </span>
     <span class='ocr_line' id='line_1_59' title="bbox 948 2178 1640 2224; baseline -0.013 -7"><span class='ocrx_word' id='word_1_310' title='bbox 948 2185 1120 2224; x_wconf 86' lang='lat' dir='ltr'><strong>dissentit,</strong></span> <span class='ocrx_word' id='word_1_311' title='bbox 1155 2183 1266 2222; x_wconf 86' lang='lat' dir='ltr'><strong>aitque</strong></span> <span class='ocrx_word' id='word_1_312' title='bbox 1303 2180 1463 2211; x_wconf 85' lang='lat' dir='ltr'><strong>familiam</strong></span> <span class='ocrx_word' id='word_1_313' title='bbox 1491 2188 1564 2209; x_wconf 85' lang='lat' dir='ltr'><strong>esse</strong></span> <span class='ocrx_word' id='word_1_314' title='bbox 1598 2178 1640 2209; x_wconf 86' lang='lat' dir='ltr'><strong>ab</strong></span> 
     </span>
     <span class='ocr_line' id='line_1_60' title="bbox 947 2229 1638 2271; baseline -0.009 -6"><span class='ocrx_word' id='word_1_315' title='bbox 947 2235 1039 2265; x_wconf 86' lang='lat' dir='ltr'><strong>Osco</strong></span> <span class='ocrx_word' id='word_1_316' title='bbox 1055 2233 1155 2271; x_wconf 72' lang='lat' dir='ltr'><strong>firmet</strong></span> <span class='ocrx_word' id='word_1_317' title='bbox 1176 2232 1247 2262; x_wconf 83' lang='lat' dir='ltr'><strong>sive</strong></span> <span class='ocrx_word' id='word_1_318' title='bbox 1263 2230 1378 2268; x_wconf 85' lang='lat' dir='ltr'><strong>famul,</strong></span> <span class='ocrx_word' id='word_1_319' title='bbox 1392 2229 1425 2260; x_wconf 91' lang='lat' dir='ltr'><strong>id</strong></span> <span class='ocrx_word' id='word_1_320' title='bbox 1444 2234 1496 2260; x_wconf 89' lang='lat' dir='ltr'><strong>est</strong></span> <span class='ocrx_word' id='word_1_321' title='bbox 1521 2238 1638 2260; x_wconf 76' lang='lat' dir='ltr'><strong>servus.</strong></span> 
     </span>
     <span class='ocr_line' id='line_1_61' title="bbox 946 2279 1606 2321; baseline -0.011 -6"><span class='ocrx_word' id='word_1_322' title='bbox 946 2285 1034 2315; x_wconf 88' lang='lat' dir='ltr'><strong>Vide</strong></span> <span class='ocrx_word' id='word_1_323' title='bbox 1058 2285 1066 2300; x_wconf 78' lang='lat'><strong><em>⁴</em></strong></span> <span class='ocrx_word' id='word_1_324' title='bbox 1086 2282 1224 2321; x_wconf 83' lang='lat' dir='ltr'><strong>fanmli‚’</strong></span> <span class='ocrx_word' id='word_1_325' title='bbox 1243 2286 1277 2312; x_wconf 88' lang='lat' dir='ltr'><strong>et</strong></span> <span class='ocrx_word' id='word_1_326' title='bbox 1295 2281 1339 2311; x_wconf 88' lang='lat' dir='ltr'><strong>ibi</strong></span> <span class='ocrx_word' id='word_1_327' title='bbox 1357 2284 1485 2311; x_wconf 81' lang='lat' dir='ltr'><strong>notata.</strong></span> <span class='ocrx_word' id='word_1_328' title='bbox 1511 2279 1606 2310; x_wconf 86' lang='lat' dir='ltr'><strong>Idem.</strong></span> 
     </span>
    </p>

    <p class='ocr_par' dir='ltr' id='par_1_23' title="bbox 988 2328 1642 2371">
     <span class='ocr_line' id='line_1_62' title="bbox 988 2328 1642 2371; baseline -0.008 -8"><span class='ocrx_word' id='word_1_329' title='bbox 988 2336 997 2353; x_wconf 79' lang='grc' dir='ltr'><strong>ῑ</strong></span> <span class='ocrx_word' id='word_1_330' title='bbox 1024 2331 1218 2370; x_wconf 76' lang='lat' dir='ltr'><strong>Familiaris]</strong></span> <span class='ocrx_word' id='word_1_331' title='bbox 1242 2329 1402 2371; x_wconf 75' lang='lat' dir='ltr'><strong>Ejusdem</strong></span> <span class='ocrx_word' id='word_1_332' title='bbox 1420 2329 1568 2360; x_wconf 86' lang='lat' dir='ltr'><strong>familiae.</strong></span> <span class='ocrx_word' id='word_1_333' title='bbox 1591 2328 1642 2360; x_wconf 82' lang='lat' dir='ltr'><strong>Id.</strong></span> 
     </span>
    </p>

    <p class='ocr_par' dir='ltr' id='par_1_24' title="bbox 946 2378 1641 2664">
     <span class='ocr_line' id='line_1_63' title="bbox 989 2378 1640 2420; baseline -0.009 -6"><span class='ocrx_word' id='word_1_334' title='bbox 989 2387 1002 2402; x_wconf 74' lang='lat'><strong>¹¹</strong></span> <span class='ocrx_word' id='word_1_335' title='bbox 1027 2381 1172 2420; x_wconf 82' lang='lat' dir='ltr'><strong>Famino]</strong></span> <span class='ocrx_word' id='word_1_336' title='bbox 1189 2380 1287 2418; x_wconf 85' lang='lat' dir='ltr'><strong>Cato,</strong></span> <span class='ocrx_word' id='word_1_337' title='bbox 1303 2389 1379 2419; x_wconf 90' lang='lat' dir='ltr'><strong>cap.</strong></span> <span class='ocrx_word' id='word_1_338' title='bbox 1396 2381 1468 2410; x_wconf 75' lang='grc'><strong>141.</strong></span> <span class='ocrx_word' id='word_1_339' title='bbox 1492 2380 1501 2395; x_wconf 92' lang='lat'>‘</span> <span class='ocrx_word' id='word_1_340' title='bbox 1517 2378 1640 2410; x_wconf 84' lang='lat' dir='ltr'><strong>Janum</strong></span> 
     </span>
     <span class='ocr_line' id='line_1_64' title="bbox 946 2427 1641 2473; baseline -0.009 -9"><span class='ocrx_word' id='word_1_341' title='bbox 946 2433 1134 2473; x_wconf 84' lang='lat' dir='ltr'><strong>Jovemque</strong></span> <span class='ocrx_word' id='word_1_342' title='bbox 1152 2431 1228 2461; x_wconf 85' lang='lat' dir='ltr'><strong>vino</strong></span> <span class='ocrx_word' id='word_1_343' title='bbox 1252 2439 1356 2470; x_wconf 84' lang='lat' dir='ltr'><strong>prece</strong></span> <span class='ocrx_word' id='word_1_344' title='bbox 1379 2427 1514 2464; x_wconf 81' lang='lat' dir='ltr'><strong>famine,</strong></span> <span class='ocrx_word' id='word_1_345' title='bbox 1529 2429 1576 2459; x_wconf 73' lang='lat' dir='ltr'><strong>sic</strong></span> <span class='ocrx_word' id='word_1_346' title='bbox 1592 2427 1641 2458; x_wconf 89' lang='lat' dir='ltr'><strong>di-</strong></span> 
     </span>
     <span class='ocr_line' id='line_1_65' title="bbox 948 2477 1639 2519; baseline -0.007 -7"><span class='ocrx_word' id='word_1_347' title='bbox 948 2481 1038 2514; x_wconf 65' lang='lat' dir='ltr'><strong>cito!</strong></span> <span class='ocrx_word' id='word_1_348' title='bbox 1085 2483 1128 2513; x_wconf 91' lang='lat' dir='ltr'><strong>Et</strong></span> <span class='ocrx_word' id='word_1_349' title='bbox 1144 2479 1237 2517; x_wconf 86' lang='lat' dir='ltr'><strong>alibi,</strong></span> <span class='ocrx_word' id='word_1_350' title='bbox 1261 2484 1268 2496; x_wconf 76' lang='lat'>⁸</span> <span class='ocrx_word' id='word_1_351' title='bbox 1284 2480 1347 2511; x_wconf 88' lang='lat' dir='ltr'><strong>hoc</strong></span> <span class='ocrx_word' id='word_1_352' title='bbox 1369 2480 1444 2510; x_wconf 92' lang='lat' dir='ltr'><strong>vino</strong></span> <span class='ocrx_word' id='word_1_353' title='bbox 1468 2477 1639 2519; x_wconf 68' lang='lat' dir='ltr'><strong>praefami-</strong></span> 
     </span>
     <span class='ocr_line' id='line_1_66' title="bbox 948 2528 1640 2564; baseline -0.009 0"><span class='ocrx_word' id='word_1_354' title='bbox 948 2532 1015 2564; x_wconf 87' lang='lat' dir='ltr'><strong>no.’</strong></span> <span class='ocrx_word' id='word_1_355' title='bbox 1060 2531 1159 2563; x_wconf 87' lang='lat' dir='ltr'><strong>Unde</strong></span> <span class='ocrx_word' id='word_1_356' title='bbox 1185 2530 1383 2562; x_wconf 86' lang='lat' dir='ltr'><strong>Lexicorum</strong></span> <span class='ocrx_word' id='word_1_357' title='bbox 1408 2528 1640 2559; x_wconf 77' lang='lat' dir='ltr'><strong>sarcinatores</strong></span> 
     </span>
     <span class='ocr_line' id='line_1_67' title="bbox 949 2577 1641 2620; baseline -0.007 -8"><span class='ocrx_word' id='word_1_358' title='bbox 949 2581 1091 2612; x_wconf 87' lang='lat' dir='ltr'><strong>ridicule</strong></span> <span class='ocrx_word' id='word_1_359' title='bbox 1108 2580 1219 2611; x_wconf 88' lang='lat' dir='ltr'><strong>vinum</strong></span> <span class='ocrx_word' id='word_1_360' title='bbox 1237 2577 1469 2620; x_wconf 82' lang='lat' dir='ltr'><strong>praefaminum</strong></span> <span class='ocrx_word' id='word_1_361' title='bbox 1495 2577 1559 2608; x_wconf 83' lang='lat' dir='ltr'><strong>dici</strong></span> <span class='ocrx_word' id='word_1_362' title='bbox 1585 2587 1641 2616; x_wconf 84' lang='lat' dir='ltr'><strong>pu-</strong></span> 
     </span>
     <span class='ocr_line' id='line_1_68' title="bbox 950 2631 1196 2664; baseline -0.016 -1"><span class='ocrx_word' id='word_1_363' title='bbox 950 2636 1074 2664; x_wconf 85' lang='lat' dir='ltr'><strong>tarunt.</strong></span> <span class='ocrx_word' id='word_1_364' title='bbox 1101 2631 1196 2661; x_wconf 79' lang='lat' dir='ltr'><strong>Idem.</strong></span> 
     </span>
    </p>
   </div>
  </div>
 </body>
</html>
