1835 2906
173 125 258 168 142

620 133 769 164 SEXTI
802 131 1005 163 POMPEII
1040 129 1177 161 FESTI

174 225 484 274 Cassiculum,³
516 224 758 273 reticulum,
788 236 814 263 a
846 222 1048 264 cassibus
1068 233 1150 274 per
1170 218 1510 261 deminutionem
1532 217 1623 259 dic-

233 298 342 335 tum.

177 360 396 402 Cassilam
413 360 425 382 t
453 358 622 413 antiqui
645 371 726 412 pro
746 356 923 398 casside
946 356 1188 410 ponebant.

178 427 319 469 Casta
339 428 458 469 mola
471 433 488 449 ¹¹
509 439 645 480 genus
679 425 898 474 sacrificii,
919 424 1039 478 quod
1058 422 1255 466 vestales
1277 421 1469 475 virgines
1490 421 1626 463 sacie-

233 496 348 536 bant.

178 562 407 604 Castrensi
428 574 595 604 corona
610 567 627 583 Χ
661 560 920 609 donabatur,
941 560 1014 614 qui
1047 559 1215 613 primus
1249 558 1442 600 hostium
1479 561 1627 598 castra

233 630 472 683 pugnando
494 629 730 679 introisset,
753 629 824 669 cui
846 628 1010 680 insigne
1032 632 1128 668 erat
1149 639 1207 667 ex
1229 639 1334 667 auro
1356 626 1537 667 vallum.

180 696 324 738 Casus
356 697 543 737 dicimus
563 709 650 737 non
668 696 800 737 modo
823 709 890 745 ea,
914 708 1015 748 quae
1039 695 1216 736 fortuito
1237 694 1488 735 hominibus
1508 691 1627 732 acci-

236 765 357 814 dunt,
385 765 464 805 sed
484 764 617 805 etiam
638 763 959 804 vocabulorum
981 762 1159 812 formas,
1191 762 1296 815 quia
1330 762 1373 802 in
1396 761 1530 801 aliam
1564 762 1629 798 at-

236 846 321 885 que
344 832 477 873 aliam
497 831 660 872 cadunt
680 830 876 883 effigiem.

180 899 465 942 Catachresin
485 904 501 927 y
523 902 693 951 tropum
723 911 805 938 nos
834 896 1090 937 abusionem
1112 894 1315 943 dicimus,
1338 907 1439 934 cum
1474 891 1628 934 alienis

235 967 455 1008 abutimur
470 966 671 1020 perinde,
693 979 745 1006 ac
767 964 976 1018 propriis,
999 975 1096 1003 cum
1113 961 1293 1015 propria
1314 960 1542 1001 deficiunt.

179 1034 450 1077 Catamitum
467 1040 480 1055 ²
512 1047 593 1088 pro
616 1033 878 1087 Ganymede
907 1032 1126 1080 dixerunt,
1150 1029 1226 1082 qui
1257 1029 1344 1069 suit
1370 1027 1398 1068 J
1402 1028 1499 1070 ovis
1521 1039 1629 1067 con-

240 1103 443 1143 cubinus.

179 1169 396 1223 Catampo
415 1175 449 1199 ¹4
464 1175 480 1191 ²²
500 1183 635 1223 genus
657 1173 727 1210 est
745 1169 886 1210 lusus.

791 1278 906 1290 οοοοοο

224 1332 263 1361 14
286 1329 437 1370 Scaliger
453 1328 537 1368 legit
555 1328 714 1360 Catambo.

909 1277 1025 1289 ccccc

839 1405 978 1439 NOTIE

180 1474 338 1514 terbium,
355 1478 390 1505 et
404 1473 576 1504 Vulsinios
591 1472 761 1504 mittebat.
806 1472 882 1502 Me-

180 1525 280 1556 minit
297 1525 417 1556 Cicero
442 1533 508 1555 xu.
534 1524 658 1564 Philip.
674 1524 778 1553 ‘Tres
791 1532 884 1563 ergo,

180 1579 220 1605 ut
236 1574 319 1612 dixi,
336 1575 413 1613 viae,
431 1585 449 1605 a
465 1575 596 1614 Supero
613 1573 695 1604 mari
708 1573 883 1610 Flaminia,

180 1624 224 1654 ab
263 1623 369 1656 infero
406 1623 558 1663 Aurelia,
596 1624 713 1654 Media
747 1623 884 1655 Cassia)

184 1673 282 1704 Idem.

225 1729 236 1743 ⁵
253 1724 460 1765 Cussiculum]
477 1724 607 1755 Glossae
621 1723 763 1755 Isidori:
781 1728 789 1742 ‘
802 1724 883 1754 Cas-

183 1773 340 1811 sieulum,
358 1779 443 1813 rete,
456 1773 635 1813 jaculum.'
657 1775 726 1804 Jos.
743 1773 827 1804 Scal.

229 1823 436 1862 Cassiculum]
462 1823 489 1853 Α
517 1824 619 1854 cassis
643 1823 826 1854 cassiculus
849 1828 885 1854 et

182 1874 396 1909 cassiculum,
411 1878 479 1904 uta
496 1873 584 1904 funis
598 1873 779 1905 funiculus.
804 1875 885 1905 Duc.

226 1925 236 1944 ⁸
255 1925 436 1965 Cassillam]
456 1926 651 1965 Legendnm
668 1926 831 1960 cassidum,
850 1932 887 1957 ut

183 1973 301 2004 videre
319 1975 425 2007 multi.
447 1976 544 2016 Virg.
568 1985 621 2007 rx.
640 1975 773 2007 AEneid.
797 1979 804 1992 ‘
819 1975 886 2006 Au-

184 2033 262 2055 reus
278 2034 320 2055 ex
336 2025 482 2056 humeris
499 2030 598 2056 sonat
611 2035 721 2065 arcus,
734 2031 768 2057 et
783 2034 886 2056 aurea

185 2074 254 2104 vati
272 2074 434 2106 Cassida.'
453 2075 551 2106 Idem.

228 2129 242 2143 ¹¹
269 2125 366 2155 Casta
396 2125 491 2165 mola]
524 2124 638 2165 ἋὙνὸν
667 2126 754 2165 θῦμα.
798 2124 886 2156 Vide

187 2174 196 2191 ‘
211 2175 321 2206 mola.²
345 2175 445 2207 Idem.

228 2228 244 2243 ¹
270 2225 430 2255 Castrensi
455 2224 582 2264 corona]
607 2226 658 2256 Ex
682 2234 763 2256 auro
780 2223 884 2260 facta,

187 2273 244 2304 sed
271 2284 334 2305 non
367 2279 450 2314 tota,
482 2281 519 2307 ut
548 2280 645 2316 patet
672 2286 713 2306 ex
745 2276 885 2307 Sueton.

188 2323 333 2364 August.
349 2334 428 2364 cap.
451 2329 505 2356 25.
531 2336 571 2357 ea
589 2326 675 2357 vallo
703 2326 886 2357 decoraba-

188 2379 257 2414 tur,
273 2375 415 2416 ideoque
431 2377 567 2407 vallaris
581 2377 686 2408 dicta.
712 2377 811 2408 Idem.

231 2431 245 2451 y
272 2426 488 2466 Catachresin]
525 2428 609 2459 Cum
634 2437 698 2458 vox
721 2427 885 2468 aliquali-

188 2475 320 2506 centius
350 2485 370 2506 a
401 2477 540 2516 propria
567 2477 814 2517 significatione
845 2478 885 2508 ad

189 2525 286 2556 aliam
303 2524 509 2557 deflectitur.
554 2528 670 2558 Abusio
692 2528 813 2559 Latine
839 2528 887 2558 di-

191 2577 293 2606 citur.
320 2576 417 2606 Idem.

232 2630 244 2645 ²
270 2626 476 2667 Crttamitum]
510 2627 581 2657 Pro
602 2628 782 2660 Ganumede
798 2627 889 2660 dice-

193 2673 275 2706 bant
293 2675 496 2712 Ganamidus,
514 2671 603 2708 unde
616 2687 638 2716 g
657 2678 690 2709 in
706 2689 734 2719 c,
756 2684 791 2710 et
814 2680 833 2709 d
858 2679 891 2709 in

937 1475 959 1505 t,
981 1469 1165 1500 Catamitus.
1201 1467 1292 1499 Vide
1318 1471 1327 1485 ‘
1343 1465 1488 1498 alcedo)
1521 1465 1634 1496 plaut.

937 1520 1106 1551 Menaech.
1123 1529 1148 1550 1.
1169 1521 1201 1549 2.
1234 1524 1241 1536 ¹
1258 1519 1330 1549 ME.
1359 1518 1427 1549 Die
1445 1516 1537 1554 mihi,
1554 1524 1636 1545 nun-

937 1580 1037 1612 quam
1063 1574 1100 1601 tu
1128 1569 1240 1600 vidisti
1268 1569 1418 1600 tabulam
1448 1567 1574 1607 pictam
1603 1565 1636 1595 in

938 1622 1081 1662 pariete,
1106 1621 1174 1652 Ubi
1200 1620 1324 1662 Aquila
1351 1619 1557 1651 Catamitum
1587 1626 1637 1647 ra-

938 1677 1047 1713 peret,
1062 1677 1119 1703 aut
1130 1672 1185 1703 ubi
1199 1673 1316 1702 Venus
1331 1670 1511 1702 Adoneum
1525 1668 1545 1699 ?'
1568 1667 1637 1699 Ubi

938 1723 1026 1754 male
1059 1722 1175 1753 Lamb.
1202 1721 1410 1753 Catamitum
1442 1718 1571 1751 Priami
1600 1716 1639 1748 fi-

939 1773 1020 1804 lium
1046 1772 1144 1812 facit,
1160 1782 1234 1803 cum
1255 1781 1290 1802 re
1308 1781 1388 1803 vera
1403 1770 1500 1802 Trois
1524 1768 1640 1799 fucrit.

940 1824 1102 1856 Quamvis
1134 1833 1211 1855 eum
1247 1823 1369 1854 Cicero
1400 1818 1640 1853 Laomedontis

940 1874 1044 1909 dicat,
1062 1878 1100 1905 ut
1111 1878 1146 1906 et
1163 1877 1260 1905 vetus
1273 1874 1359 1913 cycli
1370 1872 1529 1912 scriptor,
1542 1869 1639 1909 cujus

940 1926 1003 1956 tibi
1039 1934 1155 1956 versus
1192 1924 1421 1965 lepidissimus
1467 1919 1641 1952 exhibebit

938 1975 1141 2006 Scholiastes
1154 1974 1327 2014 Euripidis
1340 1975 1372 2005 in
1385 1973 1522 2003 Oreste.
1540 1971 1639 2000 Idem.

982 2030 995 2045 ³
1021 2024 1186 2064 Catampo]
1222 2024 1384 2055 Graecum
1408 2021 1549 2055 scilicet,
1572 2019 1640 2049 κατ’

940 2074 1041 2114 ἄμφω.
1087 2074 1258 2105 Videntur
1279 2073 1384 2105 verba
1404 2071 1560 2109 duorum,
1584 2069 1640 2109 qui

941 2134 1016 2156 eum
1047 2123 1163 2155 ludum
1199 2123 1421 2155 exercebant.
1470 2119 1641 2150 Ridiculus

941 2180 993 2206 e'st
1007 2174 1148 2206 doctiss.
1167 2174 1230 2213 vir,
1249 2174 1304 2215 qni
1332 2173 1364 2204 in
1391 2171 1517 2203 Codice
1534 2170 1640 2202 ,lusti-

941 2224 1030 2256 niani
1044 2224 1130 2256 libro
1148 2225 1251 2256 tertio
1265 2225 1300 2255 in
1316 2223 1383 2254 fine
1395 2221 1582 2252 hariolatur
1598 2219 1641 2250 de

941 2284 1067 2316 genere
1084 2275 1212 2307 lusuum
1231 2275 1372 2310 dictum,
1386 2271 1475 2314 quod
1492 2271 1555 2312 ipsi
1575 2271 1642 2301 Im-

942 2325 1090 2366 peratori
1110 2335 1282 2366 nunquam
1307 2324 1339 2354 in
1363 2327 1510 2354 mentem
1540 2320 1644 2358 venit,

941 2375 1132 2416 praesertim
1155 2385 1231 2407 cum
1257 2374 1300 2405 de
1323 2373 1387 2404 hoc
1404 2372 1570 2411 Catampo
1594 2369 1640 2400 ibi

941 2426 1147 2458 mentionem
1164 2425 1240 2456 fieri
1259 2428 1369 2465 putet.
1416 2422 1555 2454 Dictum
1571 2419 1642 2450 κατ’

941 2476 1044 2516 ἄμφω,
1070 2482 1107 2507 ut
1136 2475 1204 2507 καθ’
1229 2473 1271 2507 ἕν.
1316 2473 1383 2505 Sed
1418 2477 1501 2513 puto
1530 2471 1642 2512 potins

945 2526 1095 2558 Catambo
1112 2525 1326 2558 scribendum
1350 2534 1410 2565 per
1432 2523 1468 2553 b:
1493 2521 1641 2559 καταμβὼ

943 2576 1071 2608 dictum
1092 2581 1130 2608 ut
1156 2574 1330 2614 ὀπισαμβώ.
1348 2579 1400 2605 est
1426 2578 1537 2603 antem
1556 2571 1643 2602 ὀπισ-

944 2629 1032 2666 αμβὼ
1048 2627 1067 2665 ἡ
1083 2627 1126 2659 εἷς
1148 2626 1285 2657 τούπίσω
1301 2624 1505 2664 ἀναχώρησις.
1524 2635 1640 2659 καταμ-

946 2679 991 2713 βὼ
1021 2677 1040 2715 ἡ
1056 2677 1098 2709 εἷς
1122 2677 1160 2708 τὸ
1184 2675 1267 2707 κάτω
1290 2674 1340 2706 καὶ
1363 2674 1400 2706 τὺ
1423 2673 1546 2714 πρηνές.
1565 2673 1640 2703 vide
