1835 2906
384 165 446 194 DE
481 159 751 192 VERBORUM
786 158 1192 190 SlGNlFICATlONE
1236 158 1330 187 [ΑΒ.
1364 159 1435 188 ΙΧ.

1552 148 1635 189 ‘29

183 260 297 308 lnfit,
333 258 519 312 incipit,c
552 258 628 298 sed
659 257 848 297 diversae
881 254 1220 307 significationis
1256 258 1323 295 est
1355 255 1410 294 ab
1437 266 1491 294 eo
1515 254 1634 307 quod

238 333 305 368 est
325 327 398 368 fit:
420 339 519 367 nam
542 325 640 366 infit
661 324 847 378 agentis:
883 322 934 363 fit
955 325 1100 363 autem
1119 322 1326 376 patientis
1348 324 1428 363 est.

183 395 364 445 Infiteri‚
385 407 472 435 non
500 393 647 434 fateri.

185 461 408 512 lnfitiari‚<1
430 463 640 503 creditum
661 459 879 501 fraudare.

182 530 303 572 Infra
323 531 535 571 classeme
564 528 852 582 significatur,
882 526 958 580 qui
985 525 1151 566 minore
1174 536 1359 573 summa,
1381 536 1514 577 quam
1537 537 1636 565 cen-

238 602 327 639 tum
350 603 392 640 et
409 599 560 652 viginti
580 597 765 639 millium
787 595 887 637 aeris
909 595 1030 636 censi
1049 598 1165 635 sunt.

183 666 439 720 Infrequens
454 664 467 687 f
494 665 803 719 appellabatur
824 663 966 713 miles,
989 663 1063 716 qui
1085 663 1227 711 abest,
1250 660 1446 702 abfuitve
1466 673 1491 700 a
1509 664 1522 688 ⁵
1551 661 1634 711 sig-

239 733 321 774 nis.

181 800 339 841 Infulae
355 805 370 828 ἕ
391 804 492 841 sunt
512 801 715 840 flamenta
736 799 881 848 lanea,
913 798 1076 852 quibus
1107 797 1371 847 sacerdotes,
1394 802 1437 838 et
1458 796 1633 843 home,

234 868 491 921 templaque
515 866 748 908 velabant.⁶

792 986 965 998 ‘nomene
972 986 1027 997 eoo

217 1080 235 1107 5
262 1076 301 1107 In
320 1085 425 1116 marg.
439 1075 493 1107 ed.
510 1074 740 1112 Scal.furt1'v.·e.
750 1077 807 1105 —6
832 1074 961 1105 Eadem
977 1074 1032 1105 ed.
1048 1073 1248 1105 velabantur.

833 1183 865 1214 N
872 1182 973 1214 OTAE

216 1262 230 1282 b
255 1260 425 1301 Infindere]
470 1259 638 1301 Inflrzdere,
677 1258 874 1298 intercipere.

175 1314 280 1354 Lego,
303 1313 494 1352 intersipere.
518 1311 558 1342 Id
573 1315 637 1351 est,
662 1310 873 1351 interjicere.

176 1365 257 1396 Dae.

215 1420 228 1436 ⁰
252 1415 341 1456 Infit,
357 1413 482 1454 incipit]
507 1411 603 1450 Infit,
626 1411 748 1453 inquit,
764 1411 872 1452 magis

174 1467 311 1508 proprie
325 1465 460 1495 dieitur.
482 1464 561 1495 Ant.
579 1464 665 1502 Aug.

215 1517 309 1558 Infit]
328 1516 436 1557 ’Ἀρχει
463 1514 582 1555 λέγειν,
610 1513 790 1554 ἐπιγίνεται,
821 1513 873 1555 ἄρ-

170 1579 276 1608 χεται.
300 1567 389 1605 Infe‚
402 1566 498 1606 ἄρξαι.
522 1567 592 1596 Jos.
606 1566 693 1597 Scac.

216 1619 309 1661 Infit]
334 1620 446 1650 Gloss.
465 1622 473 1636 ‘
491 1617 576 1657 infit,
593 1615 748 1656 ἅρχεται.’
771 1616 872 1655 Saepe

172 1672 313 1702 Lucret.
346 1674 381 1700 et
407 1669 503 1704 Vim.
536 1670 544 1684 ‘
561 1668 617 1698 Ita
641 1667 747 1698 farier
775 1664 873 1697 infit.'

173 1721 250 1761 Infit
266 1720 368 1751 etiam
386 1719 455 1750 κατ’
472 1719 614 1758 ἔλλειψιν
637 1728 712 1758 pro,
737 1716 799 1747 fari
826 1716 873 1746 in-

171 1771 267 1811 cipit.
293 1771 403 1802 Gloss.
421 1772 429 1787 ‘
449 1769 534 1807 infit,
548 1769 638 1809 ἄρχει
653 1767 782 1807 λέγειν]
812 1768 874 1799 Est

172 1826 285 1852 antem
303 1831 321 1851 a
336 1819 440 1851 verbo
457 1819 737 1860 substantivofi0‚
752 1818 839 1859 quod
854 1828 873 1848 a

170 1871 249 1911 φύω,
267 1873 356 1903 uude
374 1872 722 1913 antiquunifuo,sun].
747 1871 829 1901 Dac.

214 1923 228 1944 d
253 1923 409 1964 Infitiari]
450 1922 590 1964 Infitinrz'
619 1921 784 1952 creditum
812 1930 870 1951 ne·

171 1982 265 2013 gare.
300 1973 397 2003 Varr.
430 1973 439 1990 ‘
459 1972 524 2004 Qui
544 1971 684 2012 petebat
701 1975 736 2001 et
752 1971 807 2011 qui
823 1971 871 2000 in-

170 2023 369 2054 fitiabatur!
404 2023 470 2054 Sed
489 2023 625 2064 infitiare
646 2022 748 2053 etiam
767 2022 871 2052 Vete—

170 2085 224 2105 res
244 2075 372 2105 dixere.
408 2079 416 2092 ‘
434 2074 490 2105 Sei
513 2073 649 2109 infitial,
674 2073 870 2113 duplionem

171 2126 326 2158 subeito.’
352 2127 449 2157 Idem.

212 2184 225 2199 e
248 2179 340 2217 Infra
366 2177 506 2217 classem]
538 2177 614 2208 Non
643 2176 780 2207 dubium
804 2181 870 2214 est,

170 2230 248 2270 quin
265 2231 421 2269 loquatur
438 2228 479 2259 de
494 2228 602 2258 classe
618 2227 737 2268 prima,
755 2227 787 2256 in
805 2236 871 2267 qua

171 2280 397 2310 censebantur
416 2279 451 2318 ii,
473 2278 528 2318 qui
549 2282 684 2309 eentum
708 2277 809 2307 millia
827 2286 870 2307 εε-

170 2331 228 2370 ris,
243 2334 300 2360 aut
317 2339 416 2370 supra
439 2339 513 2359 eam
541 2337 702 2359 summam
720 2327 870 2368 posside-

114 2404 123 2410 t
171 2382 277 2412 bant:
303 2390 345 2411 ex
369 2379 512 2420 Dionys.
539 2382 574 2409 et
597 2378 705 2409 Livio.
740 2376 870 2407 Plinius

170 2438 284 2464 tamen
312 2440 371 2462 cx.
398 2430 462 2460 nisi
489 2428 670 2460 mendosus
700 2428 786 2458 liber
813 2428 870 2466 sit,

169 2481 305 2523 scripsit
321 2481 377 2512 lib.
395 2489 535 2511 xxqu.
551 2489 626 2519 cap.
643 2482 672 2510 3.
704 2479 869 2509 Asconius

169 2538 306 2565 centum
325 2532 427 2563 millia
444 2531 673 2562 sestertiorum
691 2530 747 2560 lib.
765 2539 820 2560 111.
836 2530 869 2560 in

169 2586 326 2616 Verrem.
349 2583 478 2615 Gellius
498 2585 570 2613 125.
588 2581 694 2612 millia
710 2581 784 2611 aeris
810 2581 868 2613 lib.

171 2645 234 2667 vn.
258 2645 334 2675 cap.
356 2638 408 2666 13.
449 2634 571 2664 Festus
598 2634 671 2663 120.
711 2631 795 2662 Haec
820 2631 869 2662 ita

171 2687 261 2717 varie
286 2687 474 2722 traduntur,
503 2685 555 2716 vel
585 2684 664 2725 quia
694 2684 868 2713 immutata

172 2741 222 2768 est
246 2735 437 2777 aestimatio,
464 2735 516 2766 vel
547 2734 623 2775 qnia
653 2742 866 2765 numerorum

929 1262 1027 1288 notas
1043 1256 1171 1288 librarii
1189 1256 1280 1287 varie
1305 1255 1526 1296 interpretati
1542 1261 1633 1288 sunt.

928 1308 1009 1338 Ant.
1031 1308 1119 1348 Aug.

972 1360 1064 1398 Infra
1079 1359 1221 1399 classem]
1246 1359 1296 1389 De
1315 1358 1424 1399 prima
1448 1358 1554 1389 classe
1578 1358 1632 1390 hic

930 1410 1052 1441 Festus
1069 1405 1236 1450 'loquitun
1261 1410 1293 1439 in
1318 1419 1385 1449 qua
1402 1409 1632 1440 censebantur

929 1461 965 1501 ii,
982 1462 1038 1502 qui
1055 1467 1192 1492 centum
1217 1461 1336 1501 viginti
1364 1460 1479 1495 millia,
1508 1461 1571 1495 vel,
1597 1466 1635 1491 ut

929 1512 1030 1543 habet
1043 1513 1186 1551 Gellius,
1200 1517 1336 1542 centum
1352 1511 1470 1551 viginti
1485 1511 1633 1552 quinque

929 1563 1032 1593 millia
1051 1563 1125 1593 aeris
1144 1561 1373 1600 possidebant.
1400 1562 1482 1591 Dae.

972 1611 985 1632 f
1005 1613 1203 1652 hisi-equuus]
1228 1613 1342 1643 Plaut.
1366 1611 1504 1643 Trucul.
1533 1614 1541 1628 ‘
1561 1612 1631 1643 Pro

928 1662 1146 1704 infrequente
1175 1673 1249 1694 enm
1282 1663 1395 1693 mittat
1425 1662 1544 1693 militia
1574 1662 1633 1694 do-

928 1715 1042 1747 mum.'
1066 1716 1151 1746 Inde
1169 1716 1345 1754 eleganter
1364 1714 1484 1745 Horat.
1499 1714 1566 1745 Od.
1579 1717 1632 1744 34.

928 1767 951 1797 l.
977 1777 1001 1798 1.
1038 1766 1047 1783 ‘
1065 1767 1193 1797 Parcus
1224 1768 1372 1797 Deorum
1398 1765 1509 1796 cultor
1533 1772 1567 1796 et
1583 1764 1631 1796 in-

927 1816 1113 1858 frequens!
1139 1817 1237 1846 Idem.

970 1872 985 1894 g
1009 1868 1139 1907 Insuloe]
1180 1866 1292 1897 infula
1322 1871 1375 1897 est
1406 1865 1483 1896 alba
1523 1864 1632 1896 fuscia

926 1920 1038 1958 lanea,
1066 1918 1253 1959 pensilibus
1278 1927 1320 1948 ex
1346 1926 1384 1947 ea
1412 1922 1557 1957 utroque
1585 1918 1631 1947 la-

927 1974 1001 2000 tere
1034 1969 1128 1999 vittis
1159 1968 1244 1998 albis
1274 1967 1394 2003 laneis,
1428 1967 1630 2007 percingeus

926 2025 1031 2061 caput
1058 2019 1259 2058 Flaminum,
1286 2018 1481 2053 hostiarum,
1511 2027 1629 2057 pacem

926 2070 1152 2111 poscentium,
1176 2069 1364 2110 rogantium
1391 2068 1536 2102 veniam,
1562 2067 1630 2098 dia-

927 2123 1071 2153 dematis
1091 2121 1221 2161 specie,
1238 2120 1509 2158 templorumque
1526 2118 1629 2148 anibi-

928 2178 997 2204 tum
1016 2173 1230 2211 succingens.
1266 2169 1366 2200 Varr.
1385 2179 1431 2199 iv.
1471 2173 1478 2184 ‘
1498 2167 1628 2199 Insulas

926 2225 1035 2255 dictas
1058 2227 1203 2263 apparet
1226 2221 1259 2251 in
1282 2220 1413 2257 hostiis,
1436 2218 1524 2260 quod
1543 2219 1630 2249 vela-

925 2280 1072 2306 mentae
1090 2274 1168 2304 lana
1192 2281 1265 2312 quae
1290 2270 1474 2307 adduntur,
1500 2268 1628 2308 infmae,

924 2326 1014 2356 intra
1053 2324 1240 2355 hostiarum
1278 2330 1405 2353 cornua
1436 2320 1628 2352 velamenta

925 2375 1046 2408 erant!
1085 2374 1273 2405 Infularum
1299 2377 1412 2403 autem
1429 2380 1547 2401 nomen
1565 2372 1628 2402 La.

925 2429 1033 2459 tinum
1051 2432 1114 2456 est.
1149 2426 1236 2456 Nam
1259 2423 1382 2464 infilare
1404 2422 1475 2453 sive
1491 2422 1626 2460 infulare

926 2479 1068 2509 Veteres
1086 2475 1261 2509 dicebant,
1278 2473 1427 2509 amicire,
1445 2472 1569 2511 velare,
1590 2477 1627 2503 ut

925 2533 1055 2568 contra,
1069 2536 1194 2565 exuere,
1214 2527 1223 2543 ‘
1242 2523 1380 2555 exfilare
1393 2522 1400 2534 '
1425 2523 1478 2553 vel
1503 2524 1511 2538 ‘
1530 2522 1625 2553 exfu-

924 2578 1026 2617 la1·e,'
1060 2582 1097 2609 et
1130 2578 1139 2594 ‘
1159 2573 1391 2607 exinfularez’
1415 2584 1517 2614 supra
1549 2574 1626 2604 Fes-

924 2633 990 2664 tus,
1029 2628 1039 2645 ‘
1066 2625 1286 2662 exinfulabat,
1325 2624 1516 2656 exerebat!
1580 2624 1620 2655 In

923 2679 989 2709 fine
1014 2678 1145 2709 notabis
1169 2676 1310 2708 velabunt
1344 2685 1405 2717 pro
1430 2675 1611 2706 velabantur

925 2728 1034 2760 Idenn
