<?xml version="1.0" encoding="UTF-8"?>
<!DOCTYPE html PUBLIC "-//W3C//DTD XHTML 1.0 Transitional//EN"
    "http://www.w3.org/TR/xhtml1/DTD/xhtml1-transitional.dtd">
<html xmlns="http://www.w3.org/1999/xhtml" xml:lang="en" lang="en">
 <head>
  <title>
</title>
<meta http-equiv="Content-Type" content="text/html;charset=utf-8" />
  <meta name='ocr-system' content='tesseract 3.04.00' />
  <meta name='ocr-capabilities' content='ocr_page ocr_carea ocr_par ocr_line ocrx_word'/>
</head>
<body>
  <div class='ocr_page' id='page_1' title='image "./mverriiflacciqua01verruoft_0066.png"; bbox 0 0 1835 2906; ppageno 0'>
   <div class='ocr_carea' id='block_1_1' title="bbox 208 138 265 178">
    <p class='ocr_par' dir='ltr' id='par_1_1' title="bbox 208 138 265 178">
     <span class='ocr_line' id='line_1_1' title="bbox 208 138 265 178; baseline 0 0"><span class='ocrx_word' id='word_1_1' title='bbox 208 138 265 178; x_wconf 79' lang='lat'>56</span> 
     </span>
    </p>
   </div>
   <div class='ocr_carea' id='block_1_2' title="bbox 649 144 1203 176">
    <p class='ocr_par' dir='ltr' id='par_1_2' title="bbox 649 144 1203 176">
     <span class='ocr_line' id='line_1_2' title="bbox 649 144 1203 176; baseline -0.004 -1"><span class='ocrx_word' id='word_1_2' title='bbox 649 144 795 176; x_wconf 86' lang='lat' dir='ltr'>SEXTl</span> <span class='ocrx_word' id='word_1_3' title='bbox 832 145 1031 175; x_wconf 90' lang='lat' dir='ltr'>POMPEll</span> <span class='ocrx_word' id='word_1_4' title='bbox 1068 144 1203 174; x_wconf 85' lang='lat' dir='ltr'>FESTI</span> 
     </span>
    </p>
   </div>
   <div class='ocr_carea' id='block_1_3' title="bbox 203 237 1645 294">
    <p class='ocr_par' dir='ltr' id='par_1_3' title="bbox 203 237 1645 294">
     <span class='ocr_line' id='line_1_3' title="bbox 203 237 1645 294; baseline -0.001 -13"><span class='ocrx_word' id='word_1_5' title='bbox 203 239 388 294; x_wconf 63' lang='lat' dir='ltr'>Agnus*</span> <span class='ocrx_word' id='word_1_6' title='bbox 421 240 580 281; x_wconf 89' lang='lat' dir='ltr'>dicitur</span> <span class='ocrx_word' id='word_1_7' title='bbox 603 252 629 280; x_wconf 85' lang='lat' dir='ltr'>a</span> <span class='ocrx_word' id='word_1_8' title='bbox 650 239 812 282; x_wconf 84' lang='lat' dir='ltr'>Graeco</span> <span class='ocrx_word' id='word_1_9' title='bbox 831 237 958 294; x_wconf 71' lang='grc' dir='ltr'>ἁγνὸς,</span> <span class='ocrx_word' id='word_1_10' title='bbox 979 239 1099 293; x_wconf 92' lang='lat' dir='ltr'>quod</span> <span class='ocrx_word' id='word_1_11' title='bbox 1120 237 1337 291; x_wconf 84' lang='lat' dir='ltr'>significat</span> <span class='ocrx_word' id='word_1_12' title='bbox 1358 241 1528 278; x_wconf 87' lang='lat' dir='ltr'>castum</span> <span class='ocrx_word' id='word_1_13' title='bbox 1547 252 1556 279; x_wconf 90' lang='lat'>:</span> <span class='ocrx_word' id='word_1_14' title='bbox 1592 252 1645 280; x_wconf 86' lang='lat' dir='ltr'>eo</span> 
     </span>
    </p>
   </div>
   <div class='ocr_carea' id='block_1_4' title="bbox 269 305 1354 362">
    <p class='ocr_par' dir='ltr' id='par_1_4' title="bbox 269 305 1354 362">
     <span class='ocr_line' id='line_1_4' title="bbox 269 305 1354 362; baseline -0.004 -14"><span class='ocrx_word' id='word_1_15' title='bbox 269 307 388 362; x_wconf 91' lang='lat' dir='ltr'>quod</span> <span class='ocrx_word' id='word_1_16' title='bbox 419 308 476 348; x_wconf 85' lang='lat' dir='ltr'>sit</span> <span class='ocrx_word' id='word_1_17' title='bbox 509 307 654 348; x_wconf 85' lang='lat' dir='ltr'>hostia</span> <span class='ocrx_word' id='word_1_18' title='bbox 686 319 811 360; x_wconf 84' lang='lat' dir='ltr'>pura,</span> <span class='ocrx_word' id='word_1_19' title='bbox 842 311 886 347; x_wconf 86' lang='lat' dir='ltr'>et</span> <span class='ocrx_word' id='word_1_20' title='bbox 917 305 1201 346; x_wconf 82' lang='lat' dir='ltr'>immolationi</span> <span class='ocrx_word' id='word_1_21' title='bbox 1235 309 1354 358; x_wconf 84' lang='lat' dir='ltr'>apta.</span> 
     </span>
    </p>
   </div>
   <div class='ocr_carea' id='block_1_5' title="bbox 1413 304 1647 357">
    <p class='ocr_par' dir='ltr' id='par_1_5' title="bbox 1413 304 1647 357">
     <span class='ocr_line' id='line_1_5' title="bbox 1413 304 1647 357; baseline 0 -12"><span class='ocrx_word' id='word_1_22' title='bbox 1413 304 1568 357; x_wconf 84' lang='lat' dir='ltr'>Agnus</span> <span class='ocrx_word' id='word_1_23' title='bbox 1588 319 1647 345; x_wconf 82' lang='lat' dir='ltr'>ex</span> 
     </span>
    </p>
   </div>
   <div class='ocr_carea' id='block_1_6' title="bbox 268 370 1648 494">
    <p class='ocr_par' dir='ltr' id='par_1_6' title="bbox 268 370 1648 494">
     <span class='ocr_line' id='line_1_6' title="bbox 268 370 1648 427; baseline -0.003 -12"><span class='ocrx_word' id='word_1_24' title='bbox 268 374 427 415; x_wconf 85' lang='lat' dir='ltr'>Graeco</span> <span class='ocrx_word' id='word_1_25' title='bbox 448 373 559 426; x_wconf 74' lang='grc' dir='ltr'>ἀμνὸς</span> <span class='ocrx_word' id='word_1_26' title='bbox 580 374 832 414; x_wconf 83' lang='lat' dir='ltr'>deducitur:</span> <span class='ocrx_word' id='word_1_27' title='bbox 864 372 980 427; x_wconf 91' lang='lat' dir='ltr'>quod</span> <span class='ocrx_word' id='word_1_28' title='bbox 1003 385 1159 413; x_wconf 85' lang='lat' dir='ltr'>nomen</span> <span class='ocrx_word' id='word_1_29' title='bbox 1184 371 1300 425; x_wconf 83' lang='lat' dir='ltr'>apud</span> <span class='ocrx_word' id='word_1_30' title='bbox 1320 370 1508 424; x_wconf 81' lang='lat' dir='ltr'>majores</span> <span class='ocrx_word' id='word_1_31' title='bbox 1527 385 1648 412; x_wconf 90' lang='lat' dir='ltr'>com-</span> 
     </span>
     <span class='ocr_line' id='line_1_7' title="bbox 273 437 1646 494; baseline -0.003 -12"><span class='ocrx_word' id='word_1_32' title='bbox 273 442 412 482; x_wconf 84' lang='lat' dir='ltr'>munis</span> <span class='ocrx_word' id='word_1_33' title='bbox 433 446 526 482; x_wconf 85' lang='lat' dir='ltr'>erat</span> <span class='ocrx_word' id='word_1_34' title='bbox 545 441 728 494; x_wconf 86' lang='lat' dir='ltr'>generis,</span> <span class='ocrx_word' id='word_1_35' title='bbox 750 440 865 480; x_wconf 86' lang='lat' dir='ltr'>sieut</span> <span class='ocrx_word' id='word_1_36' title='bbox 894 443 938 480; x_wconf 91' lang='lat' dir='ltr'>et</span> <span class='ocrx_word' id='word_1_37' title='bbox 968 439 1114 492; x_wconf 87' lang='lat' dir='ltr'>lupus,</span> <span class='ocrx_word' id='word_1_38' title='bbox 1137 439 1256 492; x_wconf 91' lang='lat' dir='ltr'>quod</span> <span class='ocrx_word' id='word_1_39' title='bbox 1275 439 1390 478; x_wconf 87' lang='lat' dir='ltr'>venit</span> <span class='ocrx_word' id='word_1_40' title='bbox 1411 450 1468 478; x_wconf 85' lang='lat' dir='ltr'>ex</span> <span class='ocrx_word' id='word_1_41' title='bbox 1486 437 1646 480; x_wconf 85' lang='lat' dir='ltr'>Graeco</span> 
     </span>
    </p>
   </div>
   <div class='ocr_carea' id='block_1_7' title="bbox 274 507 398 556">
    <p class='ocr_par' dir='ltr' id='par_1_7' title="bbox 274 507 398 556">
     <span class='ocr_line' id='line_1_8' title="bbox 274 507 398 556; baseline 0.016 -8"><span class='ocrx_word' id='word_1_42' title='bbox 274 507 398 556; x_wconf 74' lang='grc' dir='ltr'><strong><em>λύκος.</em></strong></span> 
     </span>
    </p>
   </div>
   <div class='ocr_carea' id='block_1_8' title="bbox 210 572 1649 763">
    <p class='ocr_par' dir='ltr' id='par_1_8' title="bbox 210 572 1649 763">
     <span class='ocr_line' id='line_1_9' title="bbox 210 572 1489 630; baseline -0.005 -13"><span class='ocrx_word' id='word_1_43' title='bbox 210 573 434 630; x_wconf 83' lang='lat' dir='ltr'>Agolum‚k</span> <span class='ocrx_word' id='word_1_44' title='bbox 455 574 678 628; x_wconf 80' lang='lat' dir='ltr'>pastorale</span> <span class='ocrx_word' id='word_1_45' title='bbox 697 573 914 623; x_wconf 85' lang='lat' dir='ltr'>baculum,</span> <span class='ocrx_word' id='word_1_46' title='bbox 936 572 1056 626; x_wconf 92' lang='lat' dir='ltr'>quod</span> <span class='ocrx_word' id='word_1_47' title='bbox 1077 572 1273 626; x_wconf 90' lang='lat' dir='ltr'>pecudes</span> <span class='ocrx_word' id='word_1_48' title='bbox 1294 575 1489 625; x_wconf 83' lang='lat' dir='ltr'>aguntur.</span> 
     </span>
     <span class='ocr_line' id='line_1_10' title="bbox 211 638 1316 695; baseline -0.003 -12"><span class='ocrx_word' id='word_1_49' title='bbox 211 643 430 695; x_wconf 85' lang='lat' dir='ltr'>Agonias,</span> <span class='ocrx_word' id='word_1_50' title='bbox 451 638 640 681; x_wconf 81' lang='lat' dir='ltr'>hostias¹</span> <span class='ocrx_word' id='word_1_51' title='bbox 662 640 876 694; x_wconf 81' lang='lat' dir='ltr'>putabant</span> <span class='ocrx_word' id='word_1_52' title='bbox 896 640 952 680; x_wconf 84' lang='lat' dir='ltr'>ab</span> <span class='ocrx_word' id='word_1_53' title='bbox 974 640 1140 692; x_wconf 83' lang='lat' dir='ltr'>agendo</span> <span class='ocrx_word' id='word_1_54' title='bbox 1161 640 1316 680; x_wconf 82' lang='lat' dir='ltr'>dictas.</span> 
     </span>
     <span class='ocr_line' id='line_1_11' title="bbox 213 705 1649 763; baseline -0.003 -12"><span class='ocrx_word' id='word_1_55' title='bbox 213 709 474 763; x_wconf 68' lang='lat' dir='ltr'>Agoniumm</span> <span class='ocrx_word' id='word_1_56' title='bbox 508 707 603 749; x_wconf 87' lang='lat' dir='ltr'>dies</span> <span class='ocrx_word' id='word_1_57' title='bbox 635 707 954 761; x_wconf 83' lang='lat' dir='ltr'>appellabatur,</span> <span class='ocrx_word' id='word_1_58' title='bbox 976 720 1063 761; x_wconf 90' lang='lat' dir='ltr'>quo</span> <span class='ocrx_word' id='word_1_59' title='bbox 1093 712 1201 748; x_wconf 80' lang='lat' dir='ltr'>rexn</span> <span class='ocrx_word' id='word_1_60' title='bbox 1230 706 1419 748; x_wconf 85' lang='lat' dir='ltr'>hostiam</span> <span class='ocrx_word' id='word_1_61' title='bbox 1450 705 1649 746; x_wconf 82' lang='lat' dir='ltr'>immola-</span> 
     </span>
    </p>
   </div>
   <div class='ocr_carea' id='block_1_9' title="bbox 813 815 1031 827">
    <p class='ocr_par' dir='ltr' id='par_1_9' title="bbox 813 815 1031 827">
     <span class='ocr_line' id='line_1_12' title="bbox 813 815 1031 827; baseline 0 -1"><span class='ocrx_word' id='word_1_62' title='bbox 813 815 850 826; x_wconf 68' lang='lat' dir='ltr'>aeo</span> <span class='ocrx_word' id='word_1_63' title='bbox 854 815 1031 827; x_wconf 55' lang='lat' dir='ltr'>‘omoeoe-</span> 
     </span>
    </p>
   </div>
   <div class='ocr_carea' id='block_1_10' title="bbox 258 871 575 912">
    <p class='ocr_par' dir='ltr' id='par_1_10' title="bbox 258 871 575 912">
     <span class='ocr_line' id='line_1_13' title="bbox 258 871 575 912; baseline -0.006 -9"><span class='ocrx_word' id='word_1_64' title='bbox 258 874 296 903; x_wconf 90' lang='grc'>17</span> <span class='ocrx_word' id='word_1_65' title='bbox 321 871 385 903; x_wconf 86' lang='lat' dir='ltr'>Ed.</span> <span class='ocrx_word' id='word_1_66' title='bbox 400 871 488 903; x_wconf 81' lang='lat' dir='ltr'>Scal.</span> <span class='ocrx_word' id='word_1_67' title='bbox 505 882 575 912; x_wconf 81' lang='lat' dir='ltr'>qim.</span> 
     </span>
    </p>
   </div>
   <div class='ocr_carea' id='block_1_11' title="bbox 859 955 1003 988">
    <p class='ocr_par' dir='ltr' id='par_1_11' title="bbox 859 955 1003 988">
     <span class='ocr_line' id='line_1_14' title="bbox 859 955 1003 988; baseline -0.021 0"><span class='ocrx_word' id='word_1_68' title='bbox 859 955 1003 988; x_wconf 77' lang='lat' dir='ltr'>NOTAE</span> 
     </span>
    </p>
   </div>
   <div class='ocr_carea' id='block_1_12' title="bbox 212 1031 913 2724">
    <p class='ocr_par' dir='ltr' id='par_1_12' title="bbox 212 1031 907 1213">
     <span class='ocr_line' id='line_1_15' title="bbox 213 1031 907 1071; baseline -0.004 -7"><span class='ocrx_word' id='word_1_69' title='bbox 213 1032 360 1064; x_wconf 79' lang='lat' dir='ltr'>tionibus</span> <span class='ocrx_word' id='word_1_70' title='bbox 395 1031 528 1063; x_wconf 82' lang='lat' dir='ltr'>Graecis</span> <span class='ocrx_word' id='word_1_71' title='bbox 566 1031 815 1071; x_wconf 82' lang='lat' dir='ltr'>Imperatorum</span> <span class='ocrx_word' id='word_1_72' title='bbox 853 1041 907 1062; x_wconf 91' lang='lat' dir='ltr'>oc-</span> 
     </span>
     <span class='ocr_line' id='line_1_16' title="bbox 212 1080 906 1120; baseline -0.003 -8"><span class='ocrx_word' id='word_1_73' title='bbox 212 1082 333 1117; x_wconf 84' lang='lat' dir='ltr'>currit,</span> <span class='ocrx_word' id='word_1_74' title='bbox 356 1086 394 1112; x_wconf 88' lang='lat' dir='ltr'>ut</span> <span class='ocrx_word' id='word_1_75' title='bbox 428 1086 463 1112; x_wconf 87' lang='lat' dir='ltr'>et</span> <span class='ocrx_word' id='word_1_76' title='bbox 491 1090 613 1112; x_wconf 86' lang='lat' dir='ltr'>nomen</span> <span class='ocrx_word' id='word_1_77' title='bbox 639 1083 844 1120; x_wconf 80' lang='grc' dir='ltr'>τρακτευτῶν,</span> <span class='ocrx_word' id='word_1_78' title='bbox 874 1080 906 1110; x_wconf 93' lang='lat' dir='ltr'>id</span> 
     </span>
     <span class='ocr_line' id='line_1_17' title="bbox 212 1131 905 1171; baseline 0 -9"><span class='ocrx_word' id='word_1_79' title='bbox 212 1137 278 1170; x_wconf 87' lang='lat' dir='ltr'>est,</span> <span class='ocrx_word' id='word_1_80' title='bbox 298 1132 531 1171; x_wconf 86' lang='lat' dir='ltr'>tractantium,</span> <span class='ocrx_word' id='word_1_81' title='bbox 547 1131 629 1167; x_wconf 83' lang='lat' dir='ltr'>sive,</span> <span class='ocrx_word' id='word_1_82' title='bbox 646 1132 905 1171; x_wconf 80' lang='lat' dir='ltr'>negotiatorum.</span> 
     </span>
     <span class='ocr_line' id='line_1_18' title="bbox 213 1183 295 1213; baseline 0 0"><span class='ocrx_word' id='word_1_83' title='bbox 213 1183 295 1213; x_wconf 77' lang='lat' dir='ltr'>Dae.</span> 
     </span>
    </p>

    <p class='ocr_par' dir='ltr' id='par_1_13' title="bbox 212 1230 908 2024">
     <span class='ocr_line' id='line_1_19' title="bbox 256 1230 906 1270; baseline 0 -9"><span class='ocrx_word' id='word_1_84' title='bbox 256 1230 263 1251; x_wconf 63' lang='grc' dir='ltr'>ί</span> <span class='ocrx_word' id='word_1_85' title='bbox 285 1230 410 1270; x_wconf 77' lang='lat' dir='ltr'>Agnus]</span> <span class='ocrx_word' id='word_1_86' title='bbox 448 1232 538 1266; x_wconf 82' lang='lat' dir='ltr'>Quod</span> <span class='ocrx_word' id='word_1_87' title='bbox 560 1231 643 1261; x_wconf 78' lang='lat' dir='ltr'>venit</span> <span class='ocrx_word' id='word_1_88' title='bbox 662 1241 702 1262; x_wconf 78' lang='lat' dir='ltr'>ex</span> <span class='ocrx_word' id='word_1_89' title='bbox 724 1231 834 1262; x_wconf 81' lang='lat' dir='ltr'>Groeco</span> <span class='ocrx_word' id='word_1_90' title='bbox 851 1230 906 1261; x_wconf 82' lang='grc' dir='ltr'>λύ-</span> 
     </span>
     <span class='ocr_line' id='line_1_20' title="bbox 213 1280 907 1320; baseline 0 -9"><span class='ocrx_word' id='word_1_91' title='bbox 213 1292 288 1312; x_wconf 74' lang='grc' dir='ltr'><strong><em>κοςε</em></strong></span> <span class='ocrx_word' id='word_1_92' title='bbox 315 1282 429 1319; x_wconf 86' lang='lat' dir='ltr'>immo,</span> <span class='ocrx_word' id='word_1_93' title='bbox 459 1282 538 1320; x_wconf 81' lang='lat' dir='ltr'>quod</span> <span class='ocrx_word' id='word_1_94' title='bbox 566 1281 651 1311; x_wconf 76' lang='lat' dir='ltr'>venit</span> <span class='ocrx_word' id='word_1_95' title='bbox 679 1291 719 1311; x_wconf 80' lang='lat' dir='ltr'>ex</span> <span class='ocrx_word' id='word_1_96' title='bbox 750 1281 860 1312; x_wconf 80' lang='lat' dir='ltr'>Groeco</span> <span class='ocrx_word' id='word_1_97' title='bbox 887 1280 907 1318; x_wconf 84' lang='grc' dir='ltr'>ἡ</span> 
     </span>
     <span class='ocr_line' id='line_1_21' title="bbox 212 1329 906 1362; baseline 0 -1"><span class='ocrx_word' id='word_1_98' title='bbox 212 1329 325 1361; x_wconf 85' lang='grc' dir='ltr'><strong><em>λύκος;</em></strong></span> <span class='ocrx_word' id='word_1_99' title='bbox 350 1331 420 1360; x_wconf 84' lang='lat' dir='ltr'>vult</span> <span class='ocrx_word' id='word_1_100' title='bbox 445 1331 531 1360; x_wconf 88' lang='lat' dir='ltr'>enim</span> <span class='ocrx_word' id='word_1_101' title='bbox 556 1330 589 1360; x_wconf 90' lang='lat' dir='ltr'>in</span> <span class='ocrx_word' id='word_1_102' title='bbox 614 1340 652 1360; x_wconf 90' lang='lat' dir='ltr'>eo</span> <span class='ocrx_word' id='word_1_103' title='bbox 676 1335 809 1361; x_wconf 85' lang='lat' dir='ltr'>secutos</span> <span class='ocrx_word' id='word_1_104' title='bbox 833 1341 906 1362; x_wconf 90' lang='lat' dir='ltr'>esse</span> 
     </span>
     <span class='ocr_line' id='line_1_22' title="bbox 213 1380 905 1422; baseline 0 -10"><span class='ocrx_word' id='word_1_105' title='bbox 213 1386 345 1412; x_wconf 84' lang='lat' dir='ltr'>veteres</span> <span class='ocrx_word' id='word_1_106' title='bbox 361 1380 513 1419; x_wconf 86' lang='lat' dir='ltr'>Graecos,</span> <span class='ocrx_word' id='word_1_107' title='bbox 531 1381 585 1422; x_wconf 89' lang='lat' dir='ltr'>qui</span> <span class='ocrx_word' id='word_1_108' title='bbox 601 1380 620 1417; x_wconf 82' lang='grc' dir='ltr'>ἡ</span> <span class='ocrx_word' id='word_1_109' title='bbox 634 1380 735 1415; x_wconf 86' lang='grc' dir='ltr'><strong><em>ἵππος,</em></strong></span> <span class='ocrx_word' id='word_1_110' title='bbox 751 1380 770 1418; x_wconf 79' lang='grc' dir='ltr'>ἡ</span> <span class='ocrx_word' id='word_1_111' title='bbox 785 1380 905 1422; x_wconf 80' lang='grc' dir='ltr'><strong><em>ἄρκτος,</em></strong></span> 
     </span>
     <span class='ocr_line' id='line_1_23' title="bbox 213 1430 904 1472; baseline -0.001 -10"><span class='ocrx_word' id='word_1_112' title='bbox 213 1435 249 1462; x_wconf 86' lang='lat' dir='ltr'>et</span> <span class='ocrx_word' id='word_1_113' title='bbox 266 1431 387 1462; x_wconf 86' lang='lat' dir='ltr'>similia</span> <span class='ocrx_word' id='word_1_114' title='bbox 403 1430 530 1461; x_wconf 85' lang='lat' dir='ltr'>dicunt.</span> <span class='ocrx_word' id='word_1_115' title='bbox 554 1430 630 1461; x_wconf 89' lang='lat' dir='ltr'>Non</span> <span class='ocrx_word' id='word_1_116' title='bbox 645 1432 733 1461; x_wconf 88' lang='lat' dir='ltr'>enim</span> <span class='ocrx_word' id='word_1_117' title='bbox 750 1431 803 1462; x_wconf 88' lang='lat' dir='ltr'>hic</span> <span class='ocrx_word' id='word_1_118' title='bbox 815 1441 904 1472; x_wconf 84' lang='lat' dir='ltr'>quae-</span> 
     </span>
     <span class='ocr_line' id='line_1_24' title="bbox 213 1480 904 1522; baseline -0.003 -9"><span class='ocrx_word' id='word_1_119' title='bbox 213 1482 259 1513; x_wconf 86' lang='lat' dir='ltr'>rit</span> <span class='ocrx_word' id='word_1_120' title='bbox 275 1486 410 1522; x_wconf 89' lang='lat' dir='ltr'>etymon</span> <span class='ocrx_word' id='word_1_121' title='bbox 425 1481 494 1521; x_wconf 89' lang='lat' dir='ltr'>lupi</span> <span class='ocrx_word' id='word_1_122' title='bbox 511 1491 518 1510; x_wconf 92' lang='lat'><strong>:</strong></span> <span class='ocrx_word' id='word_1_123' title='bbox 543 1480 600 1512; x_wconf 89' lang='lat' dir='ltr'>sed</span> <span class='ocrx_word' id='word_1_124' title='bbox 616 1481 790 1521; x_wconf 83' lang='lat' dir='ltr'>rationem,</span> <span class='ocrx_word' id='word_1_125' title='bbox 801 1491 904 1522; x_wconf 90' lang='lat' dir='ltr'>quare</span> 
     </span>
     <span class='ocr_line' id='line_1_25' title="bbox 213 1530 903 1570; baseline 0 -7"><span class='ocrx_word' id='word_1_126' title='bbox 213 1530 387 1563; x_wconf 82' lang='lat' dir='ltr'>foeminino</span> <span class='ocrx_word' id='word_1_127' title='bbox 424 1539 546 1570; x_wconf 82' lang='lat' dir='ltr'>genere</span> <span class='ocrx_word' id='word_1_128' title='bbox 589 1530 707 1562; x_wconf 86' lang='lat' dir='ltr'>dicunt</span> <span class='ocrx_word' id='word_1_129' title='bbox 740 1532 903 1563; x_wconf 77' lang='lat' dir='ltr'>Veteres:</span> 
     </span>
     <span class='ocr_line' id='line_1_26' title="bbox 214 1581 905 1623; baseline -0.001 -10"><span class='ocrx_word' id='word_1_130' title='bbox 214 1591 316 1623; x_wconf 85' lang='lat' dir='ltr'>porro</span> <span class='ocrx_word' id='word_1_131' title='bbox 329 1581 416 1622; x_wconf 89' lang='lat' dir='ltr'>quod</span> <span class='ocrx_word' id='word_1_132' title='bbox 430 1581 476 1611; x_wconf 84' lang='lat' dir='ltr'>ait</span> <span class='ocrx_word' id='word_1_133' title='bbox 490 1591 612 1621; x_wconf 86' lang='lat' dir='ltr'>agnum</span> <span class='ocrx_word' id='word_1_134' title='bbox 625 1586 768 1622; x_wconf 84' lang='lat' dir='ltr'>utroque</span> <span class='ocrx_word' id='word_1_135' title='bbox 781 1590 905 1621; x_wconf 84' lang='lat' dir='ltr'>genere</span> 
     </span>
     <span class='ocr_line' id='line_1_27' title="bbox 214 1630 906 1670; baseline -0.003 -7"><span class='ocrx_word' id='word_1_136' title='bbox 214 1641 234 1663; x_wconf 88' lang='lat' dir='ltr'>a</span> <span class='ocrx_word' id='word_1_137' title='bbox 249 1631 429 1662; x_wconf 82' lang='lat' dir='ltr'>Veteribus</span> <span class='ocrx_word' id='word_1_138' title='bbox 444 1631 625 1670; x_wconf 86' lang='lat' dir='ltr'>enuntiari,</span> <span class='ocrx_word' id='word_1_139' title='bbox 642 1631 744 1662; x_wconf 86' lang='lat' dir='ltr'>habes</span> <span class='ocrx_word' id='word_1_140' title='bbox 761 1630 794 1661; x_wconf 89' lang='lat' dir='ltr'>in</span> <span class='ocrx_word' id='word_1_141' title='bbox 812 1632 906 1670; x_wconf 87' lang='lat' dir='ltr'>Lege</span> 
     </span>
     <span class='ocr_line' id='line_1_28' title="bbox 215 1681 905 1721; baseline -0.004 -6"><span class='ocrx_word' id='word_1_142' title='bbox 215 1683 338 1715; x_wconf 86' lang='lat' dir='ltr'>Numae</span> <span class='ocrx_word' id='word_1_143' title='bbox 369 1682 411 1712; x_wconf 88' lang='lat' dir='ltr'>de</span> <span class='ocrx_word' id='word_1_144' title='bbox 441 1681 559 1721; x_wconf 84' lang='lat' dir='ltr'>opimis</span> <span class='ocrx_word' id='word_1_145' title='bbox 589 1681 703 1721; x_wconf 87' lang='lat' dir='ltr'>spoliis</span> <span class='ocrx_word' id='word_1_146' title='bbox 721 1692 729 1711; x_wconf 91' lang='lat'><strong>:</strong></span> <span class='ocrx_word' id='word_1_147' title='bbox 774 1689 905 1712; x_wconf 72' lang='lat' dir='ltr'>AGNvM</span> 
     </span>
     <span class='ocr_line' id='line_1_29' title="bbox 216 1732 907 1770; baseline -0.003 -6"><span class='ocrx_word' id='word_1_148' title='bbox 216 1741 364 1764; x_wconf 75' lang='lat' dir='ltr'><strong>MAREM.</strong></span> <span class='ocrx_word' id='word_1_149' title='bbox 388 1740 556 1763; x_wconf 74' lang='lat' dir='ltr'>CAEulTo.</span> <span class='ocrx_word' id='word_1_150' title='bbox 580 1732 624 1762; x_wconf 87' lang='lat' dir='ltr'>Et</span> <span class='ocrx_word' id='word_1_151' title='bbox 640 1732 672 1762; x_wconf 92' lang='lat' dir='ltr'>in</span> <span class='ocrx_word' id='word_1_152' title='bbox 697 1732 828 1770; x_wconf 90' lang='lat' dir='ltr'>Pellex‚</span> <span class='ocrx_word' id='word_1_153' title='bbox 843 1740 907 1762; x_wconf 76' lang='lat' dir='ltr'>AG-</span> 
     </span>
     <span class='ocr_line' id='line_1_30' title="bbox 218 1781 907 1822; baseline -0.001 -9"><span class='ocrx_word' id='word_1_154' title='bbox 218 1791 299 1813; x_wconf 77' lang='lat' dir='ltr'>Nvm</span> <span class='ocrx_word' id='word_1_155' title='bbox 316 1790 488 1812; x_wconf 63' lang='grc' dir='ltr'><strong>ῈΕΜΙΝΑΜ</strong></span> <span class='ocrx_word' id='word_1_156' title='bbox 503 1791 511 1812; x_wconf 89' lang='lat'>:</span> <span class='ocrx_word' id='word_1_157' title='bbox 530 1791 604 1811; x_wconf 86' lang='lat' dir='ltr'>nam</span> <span class='ocrx_word' id='word_1_158' title='bbox 621 1790 684 1811; x_wconf 91' lang='lat' dir='ltr'>non</span> <span class='ocrx_word' id='word_1_159' title='bbox 702 1791 834 1822; x_wconf 86' lang='lat' dir='ltr'>agnam,</span> <span class='ocrx_word' id='word_1_160' title='bbox 848 1781 907 1812; x_wconf 91' lang='lat' dir='ltr'>sed</span> 
     </span>
     <span class='ocr_line' id='line_1_31' title="bbox 215 1831 906 1872; baseline -0.001 -9"><span class='ocrx_word' id='word_1_161' title='bbox 215 1841 339 1872; x_wconf 84' lang='lat' dir='ltr'>agnum</span> <span class='ocrx_word' id='word_1_162' title='bbox 354 1831 525 1861; x_wconf 76' lang='lat' dir='ltr'>foeminam</span> <span class='ocrx_word' id='word_1_163' title='bbox 542 1831 711 1870; x_wconf 85' lang='lat' dir='ltr'>dicebant,</span> <span class='ocrx_word' id='word_1_164' title='bbox 726 1836 762 1862; x_wconf 84' lang='lat' dir='ltr'>ut</span> <span class='ocrx_word' id='word_1_165' title='bbox 780 1841 844 1862; x_wconf 92' lang='lat' dir='ltr'>non</span> <span class='ocrx_word' id='word_1_166' title='bbox 860 1833 906 1862; x_wconf 92' lang='lat' dir='ltr'>lu-</span> 
     </span>
     <span class='ocr_line' id='line_1_32' title="bbox 215 1879 903 1922; baseline 0 -10"><span class='ocrx_word' id='word_1_167' title='bbox 215 1891 310 1922; x_wconf 86' lang='lat' dir='ltr'>pam,</span> <span class='ocrx_word' id='word_1_168' title='bbox 326 1882 385 1912; x_wconf 90' lang='lat' dir='ltr'>sed</span> <span class='ocrx_word' id='word_1_169' title='bbox 403 1882 517 1920; x_wconf 89' lang='lat' dir='ltr'>lupum</span> <span class='ocrx_word' id='word_1_170' title='bbox 535 1879 716 1910; x_wconf 82' lang='lat' dir='ltr'>foeminam.</span> <span class='ocrx_word' id='word_1_171' title='bbox 753 1881 903 1912; x_wconf 88' lang='lat' dir='ltr'>Ennius:</span> 
     </span>
     <span class='ocr_line' id='line_1_33' title="bbox 215 1929 908 1970; baseline -0.001 -7"><span class='ocrx_word' id='word_1_172' title='bbox 215 1934 225 1951; x_wconf 88' lang='lat'>‘</span> <span class='ocrx_word' id='word_1_173' title='bbox 242 1931 456 1963; x_wconf 87' lang='lat' dir='ltr'>Endotuetur</span> <span class='ocrx_word' id='word_1_174' title='bbox 477 1930 521 1961; x_wconf 91' lang='lat' dir='ltr'>ibi</span> <span class='ocrx_word' id='word_1_175' title='bbox 545 1929 638 1970; x_wconf 83' lang='lat' dir='ltr'>lupu&#39;</span> <span class='ocrx_word' id='word_1_176' title='bbox 661 1929 806 1967; x_wconf 86' lang='lat' dir='ltr'>foemina,</span> <span class='ocrx_word' id='word_1_177' title='bbox 831 1941 908 1963; x_wconf 91' lang='lat' dir='ltr'>con-</span> 
     </span>
     <span class='ocr_line' id='line_1_34' title="bbox 218 1980 663 2024; baseline -0.009 -10"><span class='ocrx_word' id='word_1_178' title='bbox 218 1983 324 2024; x_wconf 85' lang='lat' dir='ltr'>spicio</span> <span class='ocrx_word' id='word_1_179' title='bbox 339 1983 473 2012; x_wconf 77' lang='lat' dir='ltr'>amen5.’</span> <span class='ocrx_word' id='word_1_180' title='bbox 495 1981 564 2011; x_wconf 75' lang='lat' dir='ltr'>JoS.</span> <span class='ocrx_word' id='word_1_181' title='bbox 582 1980 663 2011; x_wconf 78' lang='lat' dir='ltr'>scal.</span> 
     </span>
    </p>

    <p class='ocr_par' dir='ltr' id='par_1_14' title="bbox 218 2029 913 2724">
     <span class='ocr_line' id='line_1_35' title="bbox 261 2029 910 2073; baseline -0.006 -10"><span class='ocrx_word' id='word_1_182' title='bbox 261 2033 386 2073; x_wconf 79' lang='lat' dir='ltr'>Agnus]</span> <span class='ocrx_word' id='word_1_183' title='bbox 408 2032 494 2068; x_wconf 76' lang='lat' dir='ltr'>Lege</span> <span class='ocrx_word' id='word_1_184' title='bbox 506 2029 605 2067; x_wconf 87' lang='lat' dir='ltr'>infra,</span> <span class='ocrx_word' id='word_1_185' title='bbox 617 2035 653 2060; x_wconf 92' lang='lat' dir='ltr'>ut</span> <span class='ocrx_word' id='word_1_186' title='bbox 668 2029 794 2069; x_wconf 85' lang='lat' dir='ltr'>optime</span> <span class='ocrx_word' id='word_1_187' title='bbox 805 2029 910 2060; x_wconf 88' lang='lat' dir='ltr'>Scali-</span> 
     </span>
     <span class='ocr_line' id='line_1_36' title="bbox 219 2077 909 2123; baseline -0.004 -11"><span class='ocrx_word' id='word_1_188' title='bbox 219 2091 292 2123; x_wconf 86' lang='lat' dir='ltr'>ger,</span> <span class='ocrx_word' id='word_1_189' title='bbox 302 2082 379 2121; x_wconf 84' lang='lat' dir='ltr'>quod</span> <span class='ocrx_word' id='word_1_190' title='bbox 392 2081 474 2111; x_wconf 67' lang='lat' dir='ltr'>venit</span> <span class='ocrx_word' id='word_1_191' title='bbox 486 2089 525 2110; x_wconf 78' lang='lat' dir='ltr'>ex</span> <span class='ocrx_word' id='word_1_192' title='bbox 540 2080 650 2110; x_wconf 81' lang='lat' dir='ltr'>Groeco</span> <span class='ocrx_word' id='word_1_193' title='bbox 659 2078 679 2116; x_wconf 81' lang='grc' dir='ltr'>ἡ</span> <span class='ocrx_word' id='word_1_194' title='bbox 692 2077 796 2110; x_wconf 84' lang='grc' dir='ltr'><strong>λύκος.</strong></span> <span class='ocrx_word' id='word_1_195' title='bbox 832 2079 909 2109; x_wconf 93' lang='lat' dir='ltr'>Non</span> 
     </span>
     <span class='ocr_line' id='line_1_37' title="bbox 218 2129 910 2172; baseline -0.004 -9"><span class='ocrx_word' id='word_1_196' title='bbox 218 2133 306 2163; x_wconf 88' lang='lat' dir='ltr'>enim</span> <span class='ocrx_word' id='word_1_197' title='bbox 319 2131 441 2172; x_wconf 87' lang='lat' dir='ltr'>qnaerit</span> <span class='ocrx_word' id='word_1_198' title='bbox 453 2136 589 2170; x_wconf 78' lang='lat' dir='ltr'>etymon</span> <span class='ocrx_word' id='word_1_199' title='bbox 599 2129 680 2169; x_wconf 92' lang='lat' dir='ltr'>lupi,</span> <span class='ocrx_word' id='word_1_200' title='bbox 690 2130 746 2159; x_wconf 85' lang='lat' dir='ltr'>sed</span> <span class='ocrx_word' id='word_1_201' title='bbox 761 2129 910 2160; x_wconf 84' lang='lat' dir='ltr'>indicare</span> 
     </span>
     <span class='ocr_line' id='line_1_38' title="bbox 218 2180 910 2212; baseline -0.003 0"><span class='ocrx_word' id='word_1_202' title='bbox 218 2183 291 2212; x_wconf 86' lang='lat' dir='ltr'>vult</span> <span class='ocrx_word' id='word_1_203' title='bbox 316 2181 450 2212; x_wconf 85' lang='lat' dir='ltr'>Latinos</span> <span class='ocrx_word' id='word_1_204' title='bbox 466 2180 500 2210; x_wconf 92' lang='lat' dir='ltr'>in</span> <span class='ocrx_word' id='word_1_205' title='bbox 517 2189 556 2210; x_wconf 89' lang='lat' dir='ltr'>eo</span> <span class='ocrx_word' id='word_1_206' title='bbox 573 2184 708 2210; x_wconf 84' lang='lat' dir='ltr'>secutos</span> <span class='ocrx_word' id='word_1_207' title='bbox 730 2189 801 2210; x_wconf 85' lang='lat' dir='ltr'>esse</span> <span class='ocrx_word' id='word_1_208' title='bbox 818 2184 910 2210; x_wconf 88' lang='lat' dir='ltr'>vete-</span> 
     </span>
     <span class='ocr_line' id='line_1_39' title="bbox 220 2231 911 2272; baseline 0 -9"><span class='ocrx_word' id='word_1_209' title='bbox 220 2242 272 2264; x_wconf 81' lang='lat' dir='ltr'>res</span> <span class='ocrx_word' id='word_1_210' title='bbox 289 2233 443 2268; x_wconf 86' lang='lat' dir='ltr'>Graecos,</span> <span class='ocrx_word' id='word_1_211' title='bbox 467 2231 522 2272; x_wconf 89' lang='lat' dir='ltr'>qui</span> <span class='ocrx_word' id='word_1_212' title='bbox 540 2231 560 2269; x_wconf 78' lang='grc' dir='ltr'>ἡ</span> <span class='ocrx_word' id='word_1_213' title='bbox 577 2232 681 2271; x_wconf 90' lang='grc' dir='ltr'><strong><em>ἵππος,</em></strong></span> <span class='ocrx_word' id='word_1_214' title='bbox 703 2231 723 2269; x_wconf 81' lang='grc' dir='ltr'>ἦ</span> <span class='ocrx_word' id='word_1_215' title='bbox 738 2231 861 2271; x_wconf 75' lang='grc' dir='ltr'><strong><em>ἄρκτος,</em></strong></span> <span class='ocrx_word' id='word_1_216' title='bbox 876 2236 911 2263; x_wconf 90' lang='lat' dir='ltr'>et</span> 
     </span>
     <span class='ocr_line' id='line_1_40' title="bbox 220 2282 912 2323; baseline -0.001 -10"><span class='ocrx_word' id='word_1_217' title='bbox 220 2283 354 2322; x_wconf 85' lang='lat' dir='ltr'>similia,</span> <span class='ocrx_word' id='word_1_218' title='bbox 377 2282 506 2313; x_wconf 80' lang='lat' dir='ltr'>dicunt.</span> <span class='ocrx_word' id='word_1_219' title='bbox 554 2283 599 2313; x_wconf 85' lang='lat' dir='ltr'>Et</span> <span class='ocrx_word' id='word_1_220' title='bbox 622 2282 710 2323; x_wconf 90' lang='lat' dir='ltr'>quod</span> <span class='ocrx_word' id='word_1_221' title='bbox 734 2283 782 2314; x_wconf 83' lang='lat' dir='ltr'>ait</span> <span class='ocrx_word' id='word_1_222' title='bbox 797 2292 912 2321; x_wconf 83' lang='lat' dir='ltr'>agnum</span> 
     </span>
     <span class='ocr_line' id='line_1_41' title="bbox 220 2332 912 2373; baseline -0.001 -9"><span class='ocrx_word' id='word_1_223' title='bbox 220 2338 363 2373; x_wconf 83' lang='lat' dir='ltr'>utroque</span> <span class='ocrx_word' id='word_1_224' title='bbox 387 2342 509 2372; x_wconf 85' lang='lat' dir='ltr'>genere</span> <span class='ocrx_word' id='word_1_225' title='bbox 534 2342 552 2363; x_wconf 88' lang='lat' dir='ltr'>a</span> <span class='ocrx_word' id='word_1_226' title='bbox 573 2332 755 2363; x_wconf 85' lang='lat' dir='ltr'>Veteribus</span> <span class='ocrx_word' id='word_1_227' title='bbox 782 2332 912 2364; x_wconf 88' lang='lat' dir='ltr'>enunti-</span> 
     </span>
     <span class='ocr_line' id='line_1_42' title="bbox 222 2382 911 2423; baseline 0 -9"><span class='ocrx_word' id='word_1_228' title='bbox 222 2383 284 2423; x_wconf 84' lang='lat' dir='ltr'>ari,</span> <span class='ocrx_word' id='word_1_229' title='bbox 307 2382 409 2413; x_wconf 84' lang='lat' dir='ltr'>habes</span> <span class='ocrx_word' id='word_1_230' title='bbox 431 2383 463 2412; x_wconf 91' lang='lat' dir='ltr'>in</span> <span class='ocrx_word' id='word_1_231' title='bbox 488 2384 559 2422; x_wconf 81' lang='lat' dir='ltr'>lege</span> <span class='ocrx_word' id='word_1_232' title='bbox 577 2383 697 2414; x_wconf 78' lang='lat' dir='ltr'>Numae</span> <span class='ocrx_word' id='word_1_233' title='bbox 724 2382 765 2413; x_wconf 87' lang='lat' dir='ltr'>de</span> <span class='ocrx_word' id='word_1_234' title='bbox 792 2383 911 2423; x_wconf 91' lang='lat' dir='ltr'>opimis</span> 
     </span>
     <span class='ocr_line' id='line_1_43' title="bbox 220 2432 912 2473; baseline -0.001 -9"><span class='ocrx_word' id='word_1_235' title='bbox 220 2433 348 2473; x_wconf 77' lang='lat' dir='ltr'>spoliis,</span> <span class='ocrx_word' id='word_1_236' title='bbox 364 2434 373 2451; x_wconf 86' lang='lat'>‘</span> <span class='ocrx_word' id='word_1_237' title='bbox 388 2442 507 2471; x_wconf 84' lang='lat' dir='ltr'>agnum</span> <span class='ocrx_word' id='word_1_238' title='bbox 526 2442 650 2463; x_wconf 89' lang='lat' dir='ltr'>marem</span> <span class='ocrx_word' id='word_1_239' title='bbox 662 2432 797 2464; x_wconf 81' lang='lat' dir='ltr'>cedito.&#39;</span> <span class='ocrx_word' id='word_1_240' title='bbox 822 2433 867 2464; x_wconf 89' lang='lat' dir='ltr'>Et</span> <span class='ocrx_word' id='word_1_241' title='bbox 880 2435 912 2463; x_wconf 91' lang='lat' dir='ltr'>in</span> 
     </span>
     <span class='ocr_line' id='line_1_44' title="bbox 220 2482 912 2523; baseline 0 -9"><span class='ocrx_word' id='word_1_242' title='bbox 220 2484 230 2500; x_wconf 93' lang='lat'>‘</span> <span class='ocrx_word' id='word_1_243' title='bbox 246 2482 382 2523; x_wconf 87' lang='lat' dir='ltr'>pellex,&#39;</span> <span class='ocrx_word' id='word_1_244' title='bbox 409 2487 546 2521; x_wconf 84' lang='lat' dir='ltr'>‘agnum</span> <span class='ocrx_word' id='word_1_245' title='bbox 575 2482 745 2513; x_wconf 81' lang='lat' dir='ltr'>foeminam</span> <span class='ocrx_word' id='word_1_246' title='bbox 775 2482 912 2515; x_wconf 82' lang='lat' dir='ltr'>cedit0.’</span> 
     </span>
     <span class='ocr_line' id='line_1_45' title="bbox 224 2532 913 2572; baseline -0.001 -7"><span class='ocrx_word' id='word_1_247' title='bbox 224 2534 313 2565; x_wconf 90' lang='lat' dir='ltr'>Nam</span> <span class='ocrx_word' id='word_1_248' title='bbox 324 2542 390 2563; x_wconf 91' lang='lat' dir='ltr'>non</span> <span class='ocrx_word' id='word_1_249' title='bbox 402 2542 527 2571; x_wconf 83' lang='lat' dir='ltr'>agnam,</span> <span class='ocrx_word' id='word_1_250' title='bbox 539 2532 597 2562; x_wconf 81' lang='lat' dir='ltr'>sed</span> <span class='ocrx_word' id='word_1_251' title='bbox 610 2543 724 2572; x_wconf 83' lang='lat' dir='ltr'>agnum</span> <span class='ocrx_word' id='word_1_252' title='bbox 730 2533 890 2571; x_wconf 83' lang='lat' dir='ltr'>soeminam</span> <span class='ocrx_word' id='word_1_253' title='bbox 903 2544 913 2564; x_wconf 77' lang='lat'>.-</span> 
     </span>
     <span class='ocr_line' id='line_1_46' title="bbox 222 2582 912 2623; baseline 0 -8"><span class='ocrx_word' id='word_1_254' title='bbox 222 2593 288 2615; x_wconf 85' lang='lat' dir='ltr'>non</span> <span class='ocrx_word' id='word_1_255' title='bbox 304 2584 416 2623; x_wconf 81' lang='lat' dir='ltr'>lupam,</span> <span class='ocrx_word' id='word_1_256' title='bbox 440 2582 498 2613; x_wconf 88' lang='lat' dir='ltr'>sed</span> <span class='ocrx_word' id='word_1_257' title='bbox 525 2583 629 2622; x_wconf 82' lang='lat' dir='ltr'>lupum</span> <span class='ocrx_word' id='word_1_258' title='bbox 644 2583 820 2623; x_wconf 81' lang='lat' dir='ltr'>soeminam,</span> <span class='ocrx_word' id='word_1_259' title='bbox 845 2585 912 2615; x_wconf 91' lang='lat' dir='ltr'>En-</span> 
     </span>
     <span class='ocr_line' id='line_1_47' title="bbox 222 2632 913 2674; baseline 0 -10"><span class='ocrx_word' id='word_1_260' title='bbox 222 2633 308 2664; x_wconf 87' lang='lat' dir='ltr'>nius.</span> <span class='ocrx_word' id='word_1_261' title='bbox 338 2634 347 2650; x_wconf 92' lang='lat'>‘</span> <span class='ocrx_word' id='word_1_262' title='bbox 363 2632 574 2664; x_wconf 81' lang='lat' dir='ltr'>Endotuetur</span> <span class='ocrx_word' id='word_1_263' title='bbox 590 2632 635 2662; x_wconf 83' lang='lat' dir='ltr'>ibi</span> <span class='ocrx_word' id='word_1_264' title='bbox 651 2633 749 2673; x_wconf 88' lang='lat' dir='ltr'>lupus</span> <span class='ocrx_word' id='word_1_265' title='bbox 765 2633 913 2674; x_wconf 84' lang='lat' dir='ltr'>foeminn,</span> 
     </span>
     <span class='ocr_line' id='line_1_48' title="bbox 223 2682 911 2724; baseline 0.001 -10"><span class='ocrx_word' id='word_1_266' title='bbox 223 2683 394 2724; x_wconf 86' lang='lat' dir='ltr'>conspicio</span> <span class='ocrx_word' id='word_1_267' title='bbox 409 2682 546 2714; x_wconf 54' lang='lat' dir='ltr'>amens?</span> <span class='ocrx_word' id='word_1_268' title='bbox 584 2683 628 2714; x_wconf 85' lang='lat' dir='ltr'>Et</span> <span class='ocrx_word' id='word_1_269' title='bbox 644 2682 756 2715; x_wconf 80' lang='lat' dir='ltr'>Graeci</span> <span class='ocrx_word' id='word_1_270' title='bbox 771 2693 846 2715; x_wconf 89' lang='lat' dir='ltr'>cum</span> <span class='ocrx_word' id='word_1_271' title='bbox 863 2683 911 2715; x_wconf 88' lang='lat' dir='ltr'>di·</span> 
     </span>
    </p>
   </div>
   <div class='ocr_carea' id='block_1_13' title="bbox 959 1028 1657 2722">
    <p class='ocr_par' dir='ltr' id='par_1_15' title="bbox 959 1028 1655 1913">
     <span class='ocr_line' id='line_1_49' title="bbox 960 1028 1649 1069; baseline -0.001 -9"><span class='ocrx_word' id='word_1_272' title='bbox 960 1035 1054 1069; x_wconf 83' lang='lat' dir='ltr'>cunt,</span> <span class='ocrx_word' id='word_1_273' title='bbox 1080 1029 1100 1067; x_wconf 82' lang='grc' dir='ltr'>ἦ</span> <span class='ocrx_word' id='word_1_274' title='bbox 1126 1030 1230 1067; x_wconf 79' lang='grc' dir='ltr'><strong><em>ἵππος,</em></strong></span> <span class='ocrx_word' id='word_1_275' title='bbox 1251 1028 1509 1068; x_wconf 85' lang='lat' dir='ltr'>subintelligunt</span> <span class='ocrx_word' id='word_1_276' title='bbox 1532 1028 1649 1065; x_wconf 77' lang='grc' dir='ltr'>θήλεια,</span> 
     </span>
     <span class='ocr_line' id='line_1_50' title="bbox 962 1078 1651 1115; baseline -0.001 -5"><span class='ocrx_word' id='word_1_277' title='bbox 962 1080 1049 1110; x_wconf 91' lang='lat' dir='ltr'>Nam</span> <span class='ocrx_word' id='word_1_278' title='bbox 1088 1080 1253 1110; x_wconf 83' lang='lat' dir='ltr'>Pindarus</span> <span class='ocrx_word' id='word_1_279' title='bbox 1289 1080 1376 1110; x_wconf 82' lang='lat' dir='ltr'>dixit</span> <span class='ocrx_word' id='word_1_280' title='bbox 1410 1079 1503 1109; x_wconf 86' lang='grc' dir='ltr'><strong><em>ἵππος</em></strong></span> <span class='ocrx_word' id='word_1_281' title='bbox 1535 1078 1651 1115; x_wconf 77' lang='grc' dir='ltr'><strong><em>θήλεια,</em></strong></span> 
     </span>
     <span class='ocr_line' id='line_1_51' title="bbox 960 1128 1649 1169; baseline -0.001 -9"><span class='ocrx_word' id='word_1_282' title='bbox 960 1129 1074 1169; x_wconf 84' lang='grc' dir='ltr'><strong><em>ἔλαφος</em></strong></span> <span class='ocrx_word' id='word_1_283' title='bbox 1089 1129 1206 1166; x_wconf 71' lang='grc' dir='ltr'>θήλεια.</span> <span class='ocrx_word' id='word_1_284' title='bbox 1252 1130 1418 1160; x_wconf 80' lang='lat' dir='ltr'>Homerus</span> <span class='ocrx_word' id='word_1_285' title='bbox 1435 1130 1510 1164; x_wconf 85' lang='grc' dir='ltr'><strong><em>βοῦν</em></strong></span> <span class='ocrx_word' id='word_1_286' title='bbox 1525 1128 1649 1169; x_wconf 78' lang='grc' dir='ltr'>ἄρσενα.</span> 
     </span>
     <span class='ocr_line' id='line_1_52' title="bbox 959 1177 1651 1212; baseline -0.006 0"><span class='ocrx_word' id='word_1_287' title='bbox 959 1180 1014 1212; x_wconf 91' lang='lat' dir='ltr'>Sic</span> <span class='ocrx_word' id='word_1_288' title='bbox 1040 1182 1167 1211; x_wconf 87' lang='lat' dir='ltr'>‘mares</span> <span class='ocrx_word' id='word_1_289' title='bbox 1194 1179 1342 1210; x_wconf 88' lang='lat' dir='ltr'>homines</span> <span class='ocrx_word' id='word_1_290' title='bbox 1357 1177 1375 1212; x_wconf 71' lang='grc' dir='ltr'>ς’</span> <span class='ocrx_word' id='word_1_291' title='bbox 1397 1180 1406 1195; x_wconf 99' lang='grc'><strong>4</strong></span> <span class='ocrx_word' id='word_1_292' title='bbox 1422 1179 1513 1209; x_wconf 88' lang='lat' dir='ltr'>canis</span> <span class='ocrx_word' id='word_1_293' title='bbox 1543 1177 1651 1209; x_wconf 85' lang='lat' dir='ltr'>foemi-</span> 
     </span>
     <span class='ocr_line' id='line_1_53' title="bbox 960 1227 1650 1260; baseline -0.001 0"><span class='ocrx_word' id='word_1_294' title='bbox 960 1229 1033 1260; x_wconf 82' lang='lat' dir='ltr'>na:&#39;</span> <span class='ocrx_word' id='word_1_295' title='bbox 1057 1229 1167 1260; x_wconf 85' lang='lat' dir='ltr'>‘civis</span> <span class='ocrx_word' id='word_1_296' title='bbox 1196 1227 1371 1259; x_wconf 85' lang='lat' dir='ltr'>foemina:&#39;</span> <span class='ocrx_word' id='word_1_297' title='bbox 1395 1228 1471 1259; x_wconf 86' lang='lat' dir='ltr'>‘leo</span> <span class='ocrx_word' id='word_1_298' title='bbox 1495 1227 1650 1259; x_wconf 80' lang='lat' dir='ltr'>foemina&#39;</span> 
     </span>
     <span class='ocr_line' id='line_1_54' title="bbox 961 1279 1652 1318; baseline 0 -8"><span class='ocrx_word' id='word_1_299' title='bbox 961 1280 1046 1311; x_wconf 83' lang='lat' dir='ltr'>dixit</span> <span class='ocrx_word' id='word_1_300' title='bbox 1072 1281 1184 1311; x_wconf 89' lang='lat' dir='ltr'>Plaut.</span> <span class='ocrx_word' id='word_1_301' title='bbox 1214 1281 1299 1311; x_wconf 87' lang='lat' dir='ltr'>‘Bos</span> <span class='ocrx_word' id='word_1_302' title='bbox 1330 1279 1491 1318; x_wconf 82' lang='lat' dir='ltr'>foemina,’</span> <span class='ocrx_word' id='word_1_303' title='bbox 1527 1280 1652 1311; x_wconf 86' lang='lat' dir='ltr'>Livius.</span> 
     </span>
     <span class='ocr_line' id='line_1_55' title="bbox 959 1328 1652 1371; baseline -0.001 -10"><span class='ocrx_word' id='word_1_304' title='bbox 959 1331 1127 1371; x_wconf 85' lang='lat' dir='ltr'>‘Polypus</span> <span class='ocrx_word' id='word_1_305' title='bbox 1142 1329 1302 1368; x_wconf 71' lang='lat' dir='ltr'>fiemina,&#39;</span> <span class='ocrx_word' id='word_1_306' title='bbox 1325 1330 1415 1360; x_wconf 89' lang='lat' dir='ltr'>Pliu.</span> <span class='ocrx_word' id='word_1_307' title='bbox 1429 1330 1439 1347; x_wconf 78' lang='grc'><strong>4</strong></span> <span class='ocrx_word' id='word_1_308' title='bbox 1450 1330 1577 1360; x_wconf 86' lang='lat' dir='ltr'>Porcus</span> <span class='ocrx_word' id='word_1_309' title='bbox 1591 1328 1652 1360; x_wconf 87' lang='lat' dir='ltr'>foe-</span> 
     </span>
     <span class='ocr_line' id='line_1_56' title="bbox 960 1377 1652 1418; baseline -0.004 -8"><span class='ocrx_word' id='word_1_310' title='bbox 960 1379 1071 1417; x_wconf 84' lang='lat' dir='ltr'>mina,&#39;</span> <span class='ocrx_word' id='word_1_311' title='bbox 1089 1379 1171 1410; x_wconf 88' lang='lat' dir='ltr'>Cato</span> <span class='ocrx_word' id='word_1_312' title='bbox 1189 1384 1223 1409; x_wconf 90' lang='lat' dir='ltr'>et</span> <span class='ocrx_word' id='word_1_313' title='bbox 1242 1379 1374 1409; x_wconf 89' lang='lat' dir='ltr'>Cicero.</span> <span class='ocrx_word' id='word_1_314' title='bbox 1411 1380 1420 1395; x_wconf 90' lang='lat'>‘</span> <span class='ocrx_word' id='word_1_315' title='bbox 1438 1377 1566 1418; x_wconf 84' lang='lat' dir='ltr'>Anguis</span> <span class='ocrx_word' id='word_1_316' title='bbox 1592 1377 1652 1408; x_wconf 83' lang='lat' dir='ltr'>foe-</span> 
     </span>
     <span class='ocr_line' id='line_1_57' title="bbox 959 1427 1653 1468; baseline -0.003 -8"><span class='ocrx_word' id='word_1_317' title='bbox 959 1429 1068 1460; x_wconf 83' lang='lat' dir='ltr'>mina¹</span> <span class='ocrx_word' id='word_1_318' title='bbox 1097 1434 1133 1460; x_wconf 91' lang='lat' dir='ltr'>et</span> <span class='ocrx_word' id='word_1_319' title='bbox 1157 1430 1166 1446; x_wconf 89' lang='lat'>‘</span> <span class='ocrx_word' id='word_1_320' title='bbox 1182 1429 1299 1468; x_wconf 85' lang='lat' dir='ltr'>anguis</span> <span class='ocrx_word' id='word_1_321' title='bbox 1316 1427 1406 1467; x_wconf 79' lang='lat' dir='ltr'>maS‚&#39;</span> <span class='ocrx_word' id='word_1_322' title='bbox 1431 1428 1562 1459; x_wconf 83' lang='lat' dir='ltr'>Cicero.</span> <span class='ocrx_word' id='word_1_323' title='bbox 1608 1428 1653 1458; x_wconf 87' lang='lat' dir='ltr'>Et</span> 
     </span>
     <span class='ocr_line' id='line_1_58' title="bbox 959 1479 1652 1513; baseline -0.003 -1"><span class='ocrx_word' id='word_1_324' title='bbox 959 1482 1025 1512; x_wconf 86' lang='lat' dir='ltr'>alia</span> <span class='ocrx_word' id='word_1_325' title='bbox 1040 1482 1155 1513; x_wconf 83' lang='lat' dir='ltr'>multa.</span> <span class='ocrx_word' id='word_1_326' title='bbox 1190 1482 1229 1512; x_wconf 92' lang='lat' dir='ltr'>In</span> <span class='ocrx_word' id='word_1_327' title='bbox 1245 1481 1295 1511; x_wconf 83' lang='lat' dir='ltr'>his</span> <span class='ocrx_word' id='word_1_328' title='bbox 1312 1486 1423 1511; x_wconf 87' lang='lat' dir='ltr'>autem</span> <span class='ocrx_word' id='word_1_329' title='bbox 1440 1485 1475 1511; x_wconf 87' lang='lat' dir='ltr'>et</span> <span class='ocrx_word' id='word_1_330' title='bbox 1488 1479 1652 1510; x_wconf 80' lang='lat' dir='ltr'>similibus</span> 
     </span>
     <span class='ocr_line' id='line_1_59' title="bbox 959 1529 1653 1571; baseline -0.004 -9"><span class='ocrx_word' id='word_1_331' title='bbox 959 1532 1121 1571; x_wconf 86' lang='lat' dir='ltr'>epicoeuis</span> <span class='ocrx_word' id='word_1_332' title='bbox 1134 1532 1160 1561; x_wconf 89' lang='lat' dir='ltr'>si</span> <span class='ocrx_word' id='word_1_333' title='bbox 1177 1531 1383 1571; x_wconf 86' lang='lat' dir='ltr'>adjectivum</span> <span class='ocrx_word' id='word_1_334' title='bbox 1402 1529 1558 1570; x_wconf 83' lang='lat' dir='ltr'>adjicitur</span> <span class='ocrx_word' id='word_1_335' title='bbox 1574 1539 1653 1560; x_wconf 89' lang='lat' dir='ltr'>con-</span> 
     </span>
     <span class='ocr_line' id='line_1_60' title="bbox 960 1579 1653 1617; baseline -0.006 -5"><span class='ocrx_word' id='word_1_336' title='bbox 960 1588 1012 1612; x_wconf 84' lang='lat' dir='ltr'>tra</span> <span class='ocrx_word' id='word_1_337' title='bbox 1041 1582 1324 1615; x_wconf 82' lang='lat' dir='ltr'>terminationem,</span> <span class='ocrx_word' id='word_1_338' title='bbox 1352 1589 1416 1610; x_wconf 81' lang='lat' dir='ltr'>mas</span> <span class='ocrx_word' id='word_1_339' title='bbox 1446 1579 1499 1609; x_wconf 88' lang='lat' dir='ltr'>vel</span> <span class='ocrx_word' id='word_1_340' title='bbox 1521 1579 1653 1617; x_wconf 82' lang='lat' dir='ltr'>soemimz</span> 
     </span>
     <span class='ocr_line' id='line_1_61' title="bbox 961 1629 1651 1672; baseline -0.006 -10"><span class='ocrx_word' id='word_1_341' title='bbox 961 1632 1062 1663; x_wconf 89' lang='lat' dir='ltr'>debet</span> <span class='ocrx_word' id='word_1_342' title='bbox 1080 1632 1233 1672; x_wconf 80' lang='lat' dir='ltr'>intelligi.</span> <span class='ocrx_word' id='word_1_343' title='bbox 1272 1631 1318 1662; x_wconf 92' lang='lat' dir='ltr'>Ut</span> <span class='ocrx_word' id='word_1_344' title='bbox 1334 1632 1458 1670; x_wconf 88' lang='lat' dir='ltr'>‘equus</span> <span class='ocrx_word' id='word_1_345' title='bbox 1486 1629 1651 1659; x_wconf 84' lang='lat' dir='ltr'>velocissi-</span> 
     </span>
     <span class='ocr_line' id='line_1_62' title="bbox 961 1679 1651 1719; baseline -0.007 -6"><span class='ocrx_word' id='word_1_346' title='bbox 961 1692 1016 1713; x_wconf 89' lang='lat' dir='ltr'>ma</span> <span class='ocrx_word' id='word_1_347' title='bbox 1030 1682 1050 1713; x_wconf 86' lang='lat'>:⁷</span> <span class='ocrx_word' id='word_1_348' title='bbox 1089 1687 1097 1700; x_wconf 86' lang='lat'><em>‘</em></span> <span class='ocrx_word' id='word_1_349' title='bbox 1112 1682 1177 1712; x_wconf 85' lang='lat' dir='ltr'>Bos</span> <span class='ocrx_word' id='word_1_350' title='bbox 1208 1686 1345 1712; x_wconf 85' lang='lat' dir='ltr'>auratus</span> <span class='ocrx_word' id='word_1_351' title='bbox 1359 1679 1381 1710; x_wconf 87' lang='lat'>:’</span> <span class='ocrx_word' id='word_1_352' title='bbox 1417 1684 1425 1697; x_wconf 91' lang='lat'>‘</span> <span class='ocrx_word' id='word_1_353' title='bbox 1442 1679 1651 1719; x_wconf 83' lang='lat' dir='ltr'>Elephantus</span> 
     </span>
     <span class='ocr_line' id='line_1_63' title="bbox 962 1728 1655 1772; baseline -0.006 -9"><span class='ocrx_word' id='word_1_354' title='bbox 962 1731 1122 1772; x_wconf 82' lang='lat' dir='ltr'>gravida.’</span> <span class='ocrx_word' id='word_1_355' title='bbox 1159 1732 1215 1763; x_wconf 93' lang='lat' dir='ltr'>Sic</span> <span class='ocrx_word' id='word_1_356' title='bbox 1233 1731 1322 1771; x_wconf 87' lang='lat' dir='ltr'>apud</span> <span class='ocrx_word' id='word_1_357' title='bbox 1339 1729 1459 1770; x_wconf 70' lang='lat' dir='ltr'>virgil.</span> <span class='ocrx_word' id='word_1_358' title='bbox 1480 1729 1489 1746; x_wconf 90' lang='lat'>‘</span> <span class='ocrx_word' id='word_1_359' title='bbox 1504 1730 1556 1760; x_wconf 88' lang='lat' dir='ltr'>Ne</span> <span class='ocrx_word' id='word_1_360' title='bbox 1574 1728 1655 1760; x_wconf 86' lang='lat' dir='ltr'>saevi</span> 
     </span>
     <span class='ocr_line' id='line_1_64' title="bbox 962 1780 1654 1823; baseline -0.006 -10"><span class='ocrx_word' id='word_1_361' title='bbox 962 1792 1081 1823; x_wconf 83' lang='lat' dir='ltr'>magna</span> <span class='ocrx_word' id='word_1_362' title='bbox 1107 1781 1285 1813; x_wconf 66' lang='lat' dir='ltr'>sacerdos!</span> <span class='ocrx_word' id='word_1_363' title='bbox 1324 1782 1366 1811; x_wconf 83' lang='lat' dir='ltr'>Et</span> <span class='ocrx_word' id='word_1_364' title='bbox 1382 1782 1390 1796; x_wconf 87' lang='grc'><strong>4</strong></span> <span class='ocrx_word' id='word_1_365' title='bbox 1402 1780 1583 1820; x_wconf 76' lang='lat' dir='ltr'>amplirisia</span> <span class='ocrx_word' id='word_1_366' title='bbox 1599 1789 1654 1810; x_wconf 87' lang='lat' dir='ltr'>va-</span> 
     </span>
     <span class='ocr_line' id='line_1_65' title="bbox 964 1830 1655 1872; baseline -0.006 -8"><span class='ocrx_word' id='word_1_367' title='bbox 964 1833 1040 1865; x_wconf 83' lang='lat' dir='ltr'>tes.&#39;</span> <span class='ocrx_word' id='word_1_368' title='bbox 1075 1833 1129 1864; x_wconf 91' lang='lat' dir='ltr'>Sic</span> <span class='ocrx_word' id='word_1_369' title='bbox 1143 1832 1244 1864; x_wconf 90' lang='lat' dir='ltr'>Ovid.</span> <span class='ocrx_word' id='word_1_370' title='bbox 1255 1832 1287 1863; x_wconf 89' lang='lat' dir='ltr'>in</span> <span class='ocrx_word' id='word_1_371' title='bbox 1305 1831 1406 1872; x_wconf 87' lang='lat' dir='ltr'>epist.</span> <span class='ocrx_word' id='word_1_372' title='bbox 1420 1833 1429 1849; x_wconf 90' lang='lat'>‘</span> <span class='ocrx_word' id='word_1_373' title='bbox 1442 1840 1527 1862; x_wconf 87' lang='lat' dir='ltr'>nova</span> <span class='ocrx_word' id='word_1_374' title='bbox 1536 1830 1655 1861; x_wconf 69' lang='lat' dir='ltr'>miles!</span> 
     </span>
     <span class='ocr_line' id='line_1_66' title="bbox 964 1883 1045 1913; baseline -0.012 0"><span class='ocrx_word' id='word_1_375' title='bbox 964 1883 1045 1913; x_wconf 82' lang='lat' dir='ltr'>Duc.</span> 
     </span>
    </p>

    <p class='ocr_par' dir='ltr' id='par_1_16' title="bbox 963 1929 1655 2071">
     <span class='ocr_line' id='line_1_67' title="bbox 1005 1929 1655 1969; baseline -0.003 -8"><span class='ocrx_word' id='word_1_376' title='bbox 1005 1929 1019 1950; x_wconf 64' lang='lat'>¹&lt;</span> <span class='ocrx_word' id='word_1_377' title='bbox 1041 1929 1191 1969; x_wconf 78' lang='lat' dir='ltr'>Agozum]</span> <span class='ocrx_word' id='word_1_378' title='bbox 1225 1929 1386 1969; x_wconf 88' lang='lat' dir='ltr'>Suspicor</span> <span class='ocrx_word' id='word_1_379' title='bbox 1424 1929 1594 1961; x_wconf 87' lang='lat' dir='ltr'>detortum</span> <span class='ocrx_word' id='word_1_380' title='bbox 1636 1939 1655 1959; x_wconf 88' lang='lat' dir='ltr'>a</span> 
     </span>
     <span class='ocr_line' id='line_1_68' title="bbox 963 1980 1654 2019; baseline -0.004 -8"><span class='ocrx_word' id='word_1_381' title='bbox 963 1980 1099 2019; x_wconf 84' lang='lat' dir='ltr'>Graeco,</span> <span class='ocrx_word' id='word_1_382' title='bbox 1115 1980 1278 2017; x_wconf 70' lang='grc' dir='ltr'><strong><em>ἀγελαῖονε</em></strong></span> <span class='ocrx_word' id='word_1_383' title='bbox 1304 1989 1377 2009; x_wconf 88' lang='lat' dir='ltr'>nam</span> <span class='ocrx_word' id='word_1_384' title='bbox 1396 1980 1487 2019; x_wconf 90' lang='lat' dir='ltr'>prius</span> <span class='ocrx_word' id='word_1_385' title='bbox 1503 1980 1654 2018; x_wconf 83' lang='lat' dir='ltr'>Agelum:</span> 
     </span>
     <span class='ocr_line' id='line_1_69' title="bbox 964 2029 1492 2071; baseline -0.004 -10"><span class='ocrx_word' id='word_1_386' title='bbox 964 2036 1000 2062; x_wconf 91' lang='lat' dir='ltr'>ut</span> <span class='ocrx_word' id='word_1_387' title='bbox 1017 2031 1150 2071; x_wconf 83' lang='lat' dir='ltr'>Apello,</span> <span class='ocrx_word' id='word_1_388' title='bbox 1168 2031 1300 2070; x_wconf 85' lang='lat' dir='ltr'>Apollo.</span> <span class='ocrx_word' id='word_1_389' title='bbox 1323 2030 1390 2059; x_wconf 83' lang='lat' dir='ltr'>Jos.</span> <span class='ocrx_word' id='word_1_390' title='bbox 1408 2029 1492 2059; x_wconf 79' lang='lat' dir='ltr'>Scal.</span> 
     </span>
    </p>

    <p class='ocr_par' dir='ltr' id='par_1_17' title="bbox 964 2078 1656 2321">
     <span class='ocr_line' id='line_1_70' title="bbox 1006 2078 1655 2120; baseline -0.006 -8"><span class='ocrx_word' id='word_1_391' title='bbox 1006 2080 1153 2120; x_wconf 76' lang='lat' dir='ltr'>Agolum]</span> <span class='ocrx_word' id='word_1_392' title='bbox 1187 2080 1288 2111; x_wconf 83' lang='lat' dir='ltr'>Prius</span> <span class='ocrx_word' id='word_1_393' title='bbox 1317 2078 1495 2109; x_wconf 81' lang='lat' dir='ltr'>dicebatur</span> <span class='ocrx_word' id='word_1_394' title='bbox 1524 2080 1655 2117; x_wconf 79' lang='lat' dir='ltr'>agelum.</span> 
     </span>
     <span class='ocr_line' id='line_1_71' title="bbox 965 2127 1656 2171; baseline -0.003 -9"><span class='ocrx_word' id='word_1_395' title='bbox 965 2132 1099 2171; x_wconf 88' lang='lat' dir='ltr'>Nempe</span> <span class='ocrx_word' id='word_1_396' title='bbox 1125 2131 1293 2161; x_wconf 87' lang='lat' dir='ltr'>detortum</span> <span class='ocrx_word' id='word_1_397' title='bbox 1311 2139 1330 2159; x_wconf 89' lang='lat' dir='ltr'>a</span> <span class='ocrx_word' id='word_1_398' title='bbox 1346 2128 1468 2160; x_wconf 78' lang='lat' dir='ltr'>Graeco</span> <span class='ocrx_word' id='word_1_399' title='bbox 1495 2127 1656 2167; x_wconf 79' lang='grc' dir='ltr'><strong><em>ἀγελαῖον.</em></strong></span> 
     </span>
     <span class='ocr_line' id='line_1_72' title="bbox 964 2177 1655 2217; baseline -0.006 -5"><span class='ocrx_word' id='word_1_400' title='bbox 964 2181 1052 2212; x_wconf 88' lang='lat' dir='ltr'>Scal.</span> <span class='ocrx_word' id='word_1_401' title='bbox 1088 2180 1155 2211; x_wconf 91' lang='lat' dir='ltr'>Sed</span> <span class='ocrx_word' id='word_1_402' title='bbox 1170 2179 1309 2217; x_wconf 82' lang='lat' dir='ltr'>frustra,</span> <span class='ocrx_word' id='word_1_403' title='bbox 1322 2183 1359 2208; x_wconf 89' lang='lat' dir='ltr'>ut</span> <span class='ocrx_word' id='word_1_404' title='bbox 1377 2188 1397 2208; x_wconf 88' lang='lat' dir='ltr'>a</span> <span class='ocrx_word' id='word_1_405' title='bbox 1411 2178 1419 2194; x_wconf 85' lang='lat'>‘</span> <span class='ocrx_word' id='word_1_406' title='bbox 1431 2177 1555 2217; x_wconf 85' lang='lat' dir='ltr'>cingo,&#39;</span> <span class='ocrx_word' id='word_1_407' title='bbox 1567 2180 1575 2195; x_wconf 88' lang='grc'><strong>4</strong></span> <span class='ocrx_word' id='word_1_408' title='bbox 1586 2179 1655 2209; x_wconf 92' lang='lat' dir='ltr'>cin-</span> 
     </span>
     <span class='ocr_line' id='line_1_73' title="bbox 965 2227 1655 2270; baseline -0.003 -10"><span class='ocrx_word' id='word_1_409' title='bbox 965 2229 1100 2270; x_wconf 85' lang='lat' dir='ltr'>gulum,&#39;</span> <span class='ocrx_word' id='word_1_410' title='bbox 1115 2229 1164 2260; x_wconf 86' lang='lat' dir='ltr'>sic</span> <span class='ocrx_word' id='word_1_411' title='bbox 1178 2229 1218 2259; x_wconf 91' lang='lat' dir='ltr'>ab</span> <span class='ocrx_word' id='word_1_412' title='bbox 1236 2229 1245 2245; x_wconf 91' lang='lat'>‘</span> <span class='ocrx_word' id='word_1_413' title='bbox 1259 2227 1346 2269; x_wconf 84' lang='lat' dir='ltr'>ago‚&#39;</span> <span class='ocrx_word' id='word_1_414' title='bbox 1363 2228 1372 2245; x_wconf 96' lang='grc'><strong>4</strong></span> <span class='ocrx_word' id='word_1_415' title='bbox 1386 2227 1541 2268; x_wconf 78' lang='lat' dir='ltr'>agulum‚&#39;</span> <span class='ocrx_word' id='word_1_416' title='bbox 1555 2238 1574 2258; x_wconf 80' lang='lat' dir='ltr'>u</span> <span class='ocrx_word' id='word_1_417' title='bbox 1590 2228 1622 2258; x_wconf 88' lang='lat' dir='ltr'>in</span> <span class='ocrx_word' id='word_1_418' title='bbox 1638 2239 1655 2258; x_wconf 90' lang='lat' dir='ltr'>o</span> 
     </span>
     <span class='ocr_line' id='line_1_74' title="bbox 966 2278 1255 2321; baseline -0.007 -10"><span class='ocrx_word' id='word_1_419' title='bbox 966 2282 975 2297; x_wconf 92' lang='lat'>‘</span> <span class='ocrx_word' id='word_1_420' title='bbox 993 2278 1150 2321; x_wconf 69' lang='lat' dir='ltr'>agolum!</span> <span class='ocrx_word' id='word_1_421' title='bbox 1174 2279 1255 2309; x_wconf 86' lang='lat' dir='ltr'>Dac.</span> 
     </span>
    </p>

    <p class='ocr_par' dir='ltr' id='par_1_18' title="bbox 965 2325 1657 2613">
     <span class='ocr_line' id='line_1_75' title="bbox 1008 2325 1657 2369; baseline -0.008 -8"><span class='ocrx_word' id='word_1_422' title='bbox 1008 2329 1178 2368; x_wconf 78' lang='lat' dir='ltr'>¹Ag0nias,</span> <span class='ocrx_word' id='word_1_423' title='bbox 1194 2329 1325 2369; x_wconf 80' lang='lat' dir='ltr'>hostias]</span> <span class='ocrx_word' id='word_1_424' title='bbox 1342 2327 1551 2359; x_wconf 83' lang='lat' dir='ltr'>Glossarium</span> <span class='ocrx_word' id='word_1_425' title='bbox 1566 2338 1573 2357; x_wconf 76' lang='lat'>2</span> <span class='ocrx_word' id='word_1_426' title='bbox 1597 2325 1657 2357; x_wconf 83' lang='lat' dir='ltr'>‘A-</span> 
     </span>
     <span class='ocr_line' id='line_1_76' title="bbox 967 2377 1656 2421; baseline -0.004 -11"><span class='ocrx_word' id='word_1_427' title='bbox 967 2380 1077 2421; x_wconf 84' lang='lat' dir='ltr'>gonia,</span> <span class='ocrx_word' id='word_1_428' title='bbox 1095 2378 1233 2419; x_wconf 77' lang='grc' dir='ltr'>ῖερεῖον;’</span> <span class='ocrx_word' id='word_1_429' title='bbox 1249 2388 1313 2409; x_wconf 88' lang='lat' dir='ltr'>non</span> <span class='ocrx_word' id='word_1_430' title='bbox 1329 2377 1478 2417; x_wconf 62' lang='lat' dir='ltr'>Aglaum,</span> <span class='ocrx_word' id='word_1_431' title='bbox 1500 2382 1538 2408; x_wconf 89' lang='lat' dir='ltr'>ut</span> <span class='ocrx_word' id='word_1_432' title='bbox 1557 2377 1656 2407; x_wconf 86' lang='lat' dir='ltr'>hodie</span> 
     </span>
     <span class='ocr_line' id='line_1_77' title="bbox 966 2427 1656 2471; baseline -0.004 -10"><span class='ocrx_word' id='word_1_433' title='bbox 966 2431 1109 2471; x_wconf 84' lang='lat' dir='ltr'>legitur:</span> <span class='ocrx_word' id='word_1_434' title='bbox 1134 2432 1236 2461; x_wconf 88' lang='lat' dir='ltr'>item:</span> <span class='ocrx_word' id='word_1_435' title='bbox 1262 2430 1271 2446; x_wconf 91' lang='lat'>‘</span> <span class='ocrx_word' id='word_1_436' title='bbox 1290 2427 1479 2468; x_wconf 80' lang='lat' dir='ltr'>Agonalia,&#39;</span> <span class='ocrx_word' id='word_1_437' title='bbox 1495 2429 1551 2459; x_wconf 87' lang='lat' dir='ltr'>et‘</span> <span class='ocrx_word' id='word_1_438' title='bbox 1566 2427 1656 2467; x_wconf 85' lang='lat' dir='ltr'>Ago-</span> 
     </span>
     <span class='ocr_line' id='line_1_78' title="bbox 967 2477 1656 2520; baseline -0.007 -8"><span class='ocrx_word' id='word_1_439' title='bbox 967 2482 1071 2520; x_wconf 85' lang='lat' dir='ltr'>naria‚</span> <span class='ocrx_word' id='word_1_440' title='bbox 1087 2480 1195 2512; x_wconf 80' lang='grc' dir='ltr'><strong><em>θυσία.’</em></strong></span> <span class='ocrx_word' id='word_1_441' title='bbox 1225 2480 1352 2512; x_wconf 75' lang='lat' dir='ltr'>Glossae</span> <span class='ocrx_word' id='word_1_442' title='bbox 1370 2478 1490 2510; x_wconf 88' lang='lat' dir='ltr'>Isidori</span> <span class='ocrx_word' id='word_1_443' title='bbox 1507 2488 1516 2508; x_wconf 70' lang='grc' dir='ltr'><strong>ε</strong></span> <span class='ocrx_word' id='word_1_444' title='bbox 1538 2481 1547 2494; x_wconf 92' lang='grc'><strong>’</strong></span> <span class='ocrx_word' id='word_1_445' title='bbox 1564 2477 1656 2518; x_wconf 84' lang='lat' dir='ltr'>Ago-</span> 
     </span>
     <span class='ocr_line' id='line_1_79' title="bbox 966 2525 1655 2571; baseline -0.004 -9"><span class='ocrx_word' id='word_1_446' title='bbox 966 2541 1038 2567; x_wconf 88' lang='lat' dir='ltr'>nes,</span> <span class='ocrx_word' id='word_1_447' title='bbox 1056 2530 1225 2562; x_wconf 62' lang='lat' dir='ltr'>victimae?</span> <span class='ocrx_word' id='word_1_448' title='bbox 1255 2531 1264 2547; x_wconf 95' lang='lat'>‘</span> <span class='ocrx_word' id='word_1_449' title='bbox 1275 2530 1421 2571; x_wconf 89' lang='lat' dir='ltr'>Agonia,</span> <span class='ocrx_word' id='word_1_450' title='bbox 1436 2525 1572 2559; x_wconf 86' lang='lat' dir='ltr'>hostia.’</span> <span class='ocrx_word' id='word_1_451' title='bbox 1586 2528 1655 2559; x_wconf 63' lang='lat' dir='ltr'>1Ios-</span> 
     </span>
     <span class='ocr_line' id='line_1_80' title="bbox 965 2580 1047 2613; baseline 0.012 -1"><span class='ocrx_word' id='word_1_452' title='bbox 965 2580 1047 2613; x_wconf 81' lang='lat' dir='ltr'>Scal.</span> 
     </span>
    </p>

    <p class='ocr_par' dir='ltr' id='par_1_19' title="bbox 966 2626 1655 2722">
     <span class='ocr_line' id='line_1_81' title="bbox 1009 2626 1653 2671; baseline -0.008 -9"><span class='ocrx_word' id='word_1_453' title='bbox 1009 2636 1030 2651; x_wconf 70' lang='lat'>¹³¹</span> <span class='ocrx_word' id='word_1_454' title='bbox 1052 2631 1223 2671; x_wconf 64' lang='lat' dir='ltr'>sigonium]</span> <span class='ocrx_word' id='word_1_455' title='bbox 1262 2627 1428 2667; x_wconf 77' lang='lat' dir='ltr'>Agonium,</span> <span class='ocrx_word' id='word_1_456' title='bbox 1455 2626 1488 2658; x_wconf 84' lang='lat' dir='ltr'>id</span> <span class='ocrx_word' id='word_1_457' title='bbox 1519 2631 1582 2665; x_wconf 86' lang='lat' dir='ltr'>est,</span> <span class='ocrx_word' id='word_1_458' title='bbox 1609 2628 1653 2658; x_wconf 80' lang='lat' dir='ltr'>lu-</span> 
     </span>
     <span class='ocr_line' id='line_1_82' title="bbox 966 2678 1655 2722; baseline -0.006 -10"><span class='ocrx_word' id='word_1_459' title='bbox 966 2683 1049 2722; x_wconf 81' lang='lat' dir='ltr'>dum,</span> <span class='ocrx_word' id='word_1_460' title='bbox 1066 2681 1154 2712; x_wconf 84' lang='lat' dir='ltr'>locus</span> <span class='ocrx_word' id='word_1_461' title='bbox 1167 2678 1355 2710; x_wconf 82' lang='lat' dir='ltr'>mendosus.</span> <span class='ocrx_word' id='word_1_462' title='bbox 1393 2678 1512 2717; x_wconf 81' lang='lat' dir='ltr'>Varro,</span> <span class='ocrx_word' id='word_1_463' title='bbox 1530 2681 1655 2718; x_wconf 67' lang='lat' dir='ltr'>praeter</span> 
     </span>
    </p>
   </div>
  </div>
 </body>
</html>
