1835 2906
218 419 480 499 SEX.
534 415 1096 497 POMPEII
1166 414 1507 492 FESTI

835 619 898 649 DE

140 751 700 811 VERBORUM
770 743 1585 810 SIGNIFICATIONE

678 916 897 965 LIBER
951 912 1041 962 1V.

137 1227 468 1285 DAcnYMAS³
497 1250 577 1292 pro
605 1237 827 1292 lacrymas
855 1235 1010 1277 Livius
1032 1246 1153 1288 saepe
1175 1234 1342 1288 posuit,
1364 1232 1582 1279 nimirum,

192 1306 312 1360 quod
333 1306 481 1348 Graeci
502 1305 724 1359 appellant
743 1302 900 1358 δάκρυα.

963 1303 1076 1343 Item
1104 1300 1289 1352 dautia‚¹³
1323 1313 1425 1355 quae
1446 1299 1584 1340 lautia

192 1373 399 1424 dicimuS,
421 1378 468 1415 et
489 1374 650 1414 dantur
668 1371 824 1425 legatis
848 1370 1025 1423 hospitii
1042 1369 1196 1421 gratia.

135 1441 395 1482 Daedalam⁰
429 1455 457 1483 a
487 1441 702 1483 varietate
726 1450 870 1479 rerum
893 1436 1263 1490 artificiorumque
1291 1434 1452 1476 dictam
1483 1444 1583 1473 esse

192 1509 309 1562 apud
340 1508 590 1550 Lucretium
612 1512 787 1557 terram,
813 1505 932 1560 apud
954 1503 1143 1544 Ennium
1164 1500 1446 1551 Minervam,‘¹
1464 1498 1583 1553 apud

189 1574 426 1629 Virgilium
449 1575 637 1626 circen,0
670 1573 803 1615 facile
831 1576 898 1615 est
919 1571 1186 1624 intelligere:
1207 1583 1305 1612 cum
1326 1569 1483 1611 Graece
1505 1567 1584 1605 δαι-

191 1640 339 1682 δάλλειν
358 1642 576 1697 significet
596 1641 778 1684 variare.

790 1759 929 1791 NOTAE

176 1841 189 1857 ³
213 1837 405 1878 Dacrymas]
420 1839 590 1879 Dacryma
606 1836 760 1869 aGraeeo
776 1834 829 1866 δοί-

132 1899 228 1927 κρυμα
244 1887 334 1928 quod
346 1887 483 1919 verbale
498 1892 552 1919 est
569 1897 588 1918 a
606 1886 700 1926 δάκρυ
717 1887 768 1917 vel
779 1886 829 1916 δά·

130 1949 233 1976 κρυον.
251 1937 339 1967 Usus
350 1941 403 1968 est
411 1934 523 1969 Liffins
533 1936 758 1975 Andronicus,
771 1935 828 1966 sed

133 1987 234 2018 hodie
248 1986 337 2027 apud
350 1995 425 2017 eum
441 1986 567 2018 frustra
581 1995 724 2027 quaeras.
747 1985 828 2015 Duc.

174 2036 188 2057 b
212 2037 291 2067 Item
305 2036 430 2076 dantia]
455 2037 578 2067 Dautia
601 2039 730 2066 rectum
756 2044 829 2065 esse

131 2086 292 2126 arbitror,
308 2090 344 2116 et
361 2086 438 2116 inde
452 2086 472 2116 d
492 2086 523 2116 in
544 2086 554 2115 l
570 2088 700 2116 mutato
718 2083 828 2114 lautia.

132 2137 161 2167 A
175 2136 300 2167 Graeco
318 2135 476 2167 videlicet
493 2136 604 2174 δώτισ.;
623 2138 700 2165 sunt
716 2138 829 2164 autem

130 2186 229 2232 langiu
245 2186 369 2225 Xenia,
386 2195 458 2226 quae
470 2186 591 2226 legatis
608 2184 831 2216 mittebantur

131 2235 164 2266 in
181 2236 318 2276 donum,
333 2240 370 2266 ut
386 2240 480 2267 recte
496 2236 628 2266 Festus.
672 2234 831 2264 Meminit

133 2285 248 2316 Livius
261 2286 335 2325 plus
348 2286 468 2317 semel:
481 2286 539 2317 lib.
549 2294 636 2316 xxv.
647 2283 689 2314 de
703 2284 831 2322 Sagun-

133 2336 281 2367 tinorum
312 2335 434 2375 legatis
449 2346 456 2366 :
489 2336 497 2351 ‘
511 2335 618 2365 Locus
645 2332 734 2372 inde,
762 2332 830 2362 lau-

134 2386 250 2426 tiaque
268 2385 413 2426 praeberi
426 2385 518 2424 jussa
533 2384 553 2414 :²
576 2388 611 2415 et
630 2383 722 2421 alibi,
746 2386 754 2400 ‘
771 2383 832 2412 Lo-

134 2445 191 2466 cus
217 2440 253 2466 et
279 2435 361 2465 lotia
389 2433 557 2473 praebita?
602 2432 775 2463 Pintarch.
798 2431 830 2462 in

134 2486 241 2517 αἰτίοις
255 2496 262 2517 :
285 2484 324 2515 τὸ
335 2484 395 2525 ’γὰρ
410 2483 553 2520 παλαιὸν,
566 2483 605 2514 ὡς
619 2482 727 2522 ἔοικεν,
738 2481 767 2511 οἱ
778 2493 832 2512 τοι·

133 2535 200 2574 μίαι
223 2534 305 2575 ξένια
336 2536 401 2565 τοῖς
425 2532 652 2575 πρεσβεύουσιν
683 2532 829 2570 ἔπεμπον·

135 2588 279 2617 ἐκαλεῖτο
301 2585 334 2617 δὲ
356 2584 485 2616 Λαύτεια
497 2584 537 2614 τὰ
556 2582 748 2622 πεμπόμενα,
763 2583 784 2614 i.
800 2591 830 2614 e.

136 2637 145 2652 4
159 2637 355 2678 Antiquitus
370 2636 471 2674 enim,
497 2640 534 2666 nt
558 2634 705 2672 videtur,
721 2633 832 2663 tamiae

136 2695 278 2718 munera
292 2686 413 2726 legatis
437 2684 637 2716 mittebant:
658 2693 731 2725 quae
756 2682 831 2712 mit-

225 2739 381 2780 Delp11.ee
400 2739 475 2771 Vm.
493 2740 576 2770 Clas.
754 2737 862 2776 Pompss

884 1832 1043 1865 tebantur
1061 1827 1319 1862 vocatalautia.'
1365 1826 1472 1858 Quam
1496 1826 1583 1857 ami-

883 1892 968 1924 quus
985 1882 1011 1912 is
1029 1890 1099 1911 mos
1117 1878 1222 1910 fuerit
1237 1877 1279 1908 ad
1297 1877 1427 1916 legatos
1444 1884 1583 1905 munera

883 1930 1041 1964 mittendi
1064 1939 1107 1960 ex
1134 1928 1285 1959 Homero
1303 1931 1337 1958 et
1363 1925 1437 1956 aliis
1466 1930 1582 1956 notum

883 1987 946 2014 est.
974 1982 1070 2012 Idem.

925 2038 938 2053 c
963 2029 1142 2069 Daedalum]
1180 2028 1360 2060 Daedalam
1390 2030 1512 2057 terram
1538 2026 1582 2056 ob

885 2082 1087 2113 varietatem
1105 2080 1192 2111 dixit
1209 2080 1346 2109 Lucret.
1364 2072 1421 2106 fib.
1442 2086 1465 2106 1.
1487 2076 1581 2106 ‘Tibi

886 2133 995 2163 suavis
1021 2132 1166 2162 Daedala
1191 2130 1292 2161 tellus
1318 2127 1505 2158 Summittit
1528 2125 1583 2156 flo·

887 2183 963 2213 res?
1008 2182 1103 2212 Idem
1121 2181 1180 2212 lib.
1206 2189 1247 2210 11.
1282 2180 1289 2194 ‘
1306 2176 1447 2208 Daedala
1471 2175 1582 2206 cordis

887 2232 1067 2265 Carmina.’
1113 2233 1157 2262 Et
1184 2232 1241 2261 lib.
1273 2239 1320 2260 1v.
1364 2229 1372 2244 ‘
1390 2227 1581 2257 Verborum

888 2282 1034 2313 Daedala
1052 2281 1186 2321 liugua.'
1211 2280 1285 2310 Lib.
1306 2288 1335 2308 v.
1358 2279 1366 2294 ‘
1383 2278 1582 2317 Natumque

886 2333 1026 2363 Daedala
1044 2334 1176 2362 rerum.'
1201 2331 1310 2360 Item:
1337 2328 1345 2344 ‘
1360 2327 1505 2358 Daedala
1516 2328 1582 2367 sig-

886 2382 949 2413 na.’
974 2382 1071 2412 Idem.

928 2432 942 2452 d
960 2432 1052 2471 Apud
1064 2430 1200 2461 Ennium
1212 2426 1403 2467 Minervam]
1426 2426 1481 2458 Ob
1498 2427 1580 2458 lani·

886 2482 952 2513 ficii
969 2480 1147 2512 artificium
1164 2490 1170 2508 :
1189 2479 1242 2510 cui
1261 2481 1386 2518 praeest
1404 2477 1497 2508 locus
1516 2477 1582 2506 En-

886 2532 932 2562 nii
958 2531 1014 2561 lib.
1041 2539 1064 2560 1.
1088 2529 1198 2560 annal.
1215 2528 1274 2559 sed
1297 2528 1454 2558 mutilus:
1479 2527 1582 2557 ‘Dae-

887 2581 975 2612 dala.
988 2601 1017 2610 ..
1038 2602 1045 2609 .
1064 2577 1254 2609 .Minerva.'
1278 2577 1376 2608 Idem.

929 2638 941 2651 Ρ
966 2632 1057 2672 Apud
1079 2631 1246 2669 Virgilium
1275 2629 1402 2670 Circen]
1425 2627 1497 2659 Lib.
1516 2637 1582 2660 vn.

887 2680 1018 2713 AEneid.
1046 2681 1054 2697 ‘
1067 2681 1205 2712 illorum
1222 2680 1261 2712 de
1277 2682 1378 2721 geute
1390 2678 1480 2720 patri
1499 2689 1580 2719 quos

885 2735 970 2767 cht.
1463 2733 1493 2763 0
