1835 2906
358 167 418 197 DE
454 169 475 196 V
488 167 678 197 ERRORU
689 166 719 195 M

755 165 1163 196 StGNtFch'rloNu
1202 167 1291 196 [ΑΒ.
1326 167 1396 196 ΙΗ.

1512 158 1593 197 185

155 262 429 316 Contignum,
450 264 629 304 frustum
653 262 794 304 camis
815 273 912 301 cum
933 265 1100 314 septem
1123 261 1255 302 costis
1279 262 1515 314 dempturn.

155 330 429 371 Contrarium
451 337 542 381 ees,r
567 343 694 383 grave
717 342 795 370 aes.

156 396 498 438 Contubernales
510 403 521 418 ⁵
552 398 756 438 dicuntur
771 409 797 435 a
813 397 1018 446 tabernis,
1034 408 1134 450 quae
1150 395 1316 435 fiebant
1337 408 1394 436 ex
1413 396 1593 436 tabulis:

211 464 322 504 unde
354 469 397 505 et
424 464 702 505 tabernacula
735 463 853 503 dicta
885 468 1003 513 sunt,
1030 463 1134 504 licet
1159 474 1218 503 ex
1245 462 1438 502 tentoriis
1471 466 1512 502 et
1539 475 1595 501 ex

211 532 403 585 pellibus
424 532 581 573 fiant.20

157 599 503 640 Contubernium
521 600 532 622 ²
564 599 716 640 dicitur
734 598 1108 638 contubernalium
1130 597 1357 638 habitatio.

157 665 423 707 Contuoli¹u
454 667 570 708 oculi
605 671 704 707 sunt
734 666 775 706 in
807 671 1040 718 angustum
1075 666 1218 707 coacti
1260 662 1595 704 conniventibus

212 734 446 787 palpebris.

758 819 875 832 ‘‘‘‘‘‘

879 818 995 831 eeeeee

198 889 239 917 20
260 886 337 917 Vid.
358 887 439 918 Not.
457 886 579 919 inf.—1
606 887 674 919 Alii
695 889 835 919 Conculi.
882 888 969 919 Scal.
987 886 1167 928 legendum
1186 890 1298 916 monet
1319 884 1471 916 Coniroli.

806 995 947 1027 NOTAE

159 1058 210 1087 vel
237 1058 269 1088 in
292 1058 370 1098 jure
397 1059 484 1098 apud
512 1060 715 1099 Praetorem,
738 1060 791 1090 vel
816 1059 849 1090 in

150 1108 282 1148 judicio
305 1108 392 1148 apud
410 1108 584 1149 pedarium
603 1110 754 1150 judicem
771 1119 850 1141 con·

157 1158 358 1197 tendebant,
418 1159 640 1199 praesentibus
695 1159 851 1199 testibus,

158 1218 241 1248 quos
259 1213 400 1249 uterque
416 1209 465 1239 sni
483 1207 565 1240 facti
591 1219 754 1240 memores
780 1219 852 1240 esse

153 1258 299 1298 jubebat
315 1259 376 1289 hac
391 1257 551 1290 formula:
576 1260 585 1277 ‘
603 1264 707 1290 testes
722 1260 853 1291 estote!

158 1307 243 1338 Inde
259 1309 268 1324 ‘
283 1309 466 1338 contestari
483 1309 577 1339 litem
590 1308 598 1320 ’
614 1314 649 1341 et
668 1310 757 1340 ‘litis
774 1319 853 1340 con-

158 1356 314 1389 ‘testatio'
332 1357 398 1389 dici
413 1363 526 1398 coepta
539 1366 628 1396 sunt,
643 1369 707 1400 qna
721 1360 853 1391 scilicet

157 1407 229 1438 litis
261 1409 511 1440 contestatione
551 1415 693 1451 uterque
725 1420 760 1441 se
802 1410 853 1441 liti

159 1460 405 1500 persequenda}
426 1459 662 1502 obstr-ingebat
684 1461 773 1502 apud
795 1460 853 1501 ju·

158 1509 269 1541 dicem
294 1521 313 1541 a
330 1511 482 1543 Pru-tore
499 1512 659 1554 dandum,
686 1518 722 1543 et
747 1523 789 1544 ex
813 1523 854 1544 ea

156 1559 301 1592 formula
322 1572 421 1602 qnam
445 1562 555 1602 daret,
578 1563 626 1594 ita
643 1568 680 1594 ut
697 1573 715 1594 a
730 1568 854 1594 neutro

158 1610 278 1642 liceret
308 1612 401 1643 salva
432 1612 490 1643 lite
521 1613 710 1644 discedere.
755 1613 854 1643 Unde

161 1660 274 1692 Gloss.
299 1662 399 1693 ‘lites
413 1667 628 1702 contestatae,
642 1663 673 1692 αἱ
688 1661 788 1701 ἀρχὴν
799 1668 857 1693 λα-

160 1711 272 1745 βοῦσαι
287 1712 318 1743 ἐν
333 1711 515 1752 δικαστηρίῳ
538 1712 616 1743 δίκαι
635 1714 665 1752 ἐξ
681 1712 855 1744 ἀντικαθεσ-

159 1761 290 1801 τώτων,’
308 1768 316 1780 ‘
330 1763 424 1793 Lites
439 1773 512 1804 quae
527 1764 657 1794 initium
671 1764 809 1805 capiunt
822 1764 855 1794 in

155 1812 287 1851 judicio
322 1822 363 1843 ex
397 1813 684 1844 contestantibus!
736 1814 857 1844 Cicero

161 1871 221 1902 pro
239 1863 381 1894 Roscio:
407 1865 416 1880 ‘
432 1864 487 1905 qui
514 1872 575 1905 per
602 1875 636 1895 se
662 1865 754 1895 litem
778 1874 856 1895 con·

162 1917 320 1953 testatur,
343 1913 403 1944 sibi
427 1914 488 1945 soli
511 1914 608 1955 petit,
636 1914 734 1945 alteri
758 1924 855 1945 nemo

161 1967 288 2002 potest,
332 1963 393 1994 nisi
431 1964 585 2004 cognitor
632 1969 683 1995 est
721 1963 855 1995 factus!

163 2012 264 2043 Nunc
293 2012 325 2043 in
351 2012 432 2044 foris
456 2014 642 2045 Gallicanis
667 2013 762 2045 ‘litis
779 2024 857 2045 con-

162 2063 322 2094 testatio’
347 2073 411 2094 non
438 2069 549 2104 potest
580 2069 737 2096 constare
767 2069 858 2095 acto·

162 2114 207 2144 ris
245 2113 445 2153 intentione,
481 2119 517 2145 et
560 2115 608 2145 rei
650 2114 858 2146 inficiatione

161 2165 243 2204 sola,
284 2165 347 2195 nisi
386 2164 611 2196 intervenerit
641 2165 769 2206 judicis
804 2175 857 2195 su-

163 2223 225 2254 per
256 2223 295 2244 ea
328 2223 364 2244 re
394 2213 569 2245 decretum
612 2215 748 2255 aliquod
787 2214 858 2245 litis

163 2262 405 2295 contestationi
442 2264 682 2303 absolvendae3
714 2265 745 2294 in
777 2264 858 2295 foris

164 2313 251 2343 enini
276 2313 417 2344 dicitur:
454 2314 483 2344 Il
508 2325 527 2355 y
550 2325 569 2344 a
597 2314 797 2345 cantes-tutiore
822 2316 859 2346 de

164 2371 252 2393 cause
268 2363 369 2401 quand
384 2363 411 2393 le
425 2362 506 2401 juge
528 2374 547 2394 α
562 2364 661 2394 donne
679 2375 734 2395 son
756 2365 860 2405 apoin-

166 2416 279 2444 tement
294 2416 312 2443 ἀ
328 2412 426 2443 &crire
441 2417 471 2443 et
486 2415 504 2443 ὰ
519 2414 674 2452 prodaire.
700 2415 787 2446 Dae.

208 2467 220 2482 r
246 2462 445 2492 Contrarium
467 2462 525 2501 oes]
549 2461 662 2493 Grave
686 2473 743 2503 aas,
765 2464 860 2504 cujus

165 2512 285 2552 singuli
316 2520 407 2541 asses
439 2511 550 2550 pondo
582 2512 715 2543 libram.
770 2514 860 2544 Vide

166 2566 175 2580 ⁸
190 2561 316 2602 grave.'
352 2561 552 2591 Contrarium
566 2567 675 2594 autem
690 2563 777 2604 quod
795 2573 859 2595 non

166 2616 354 2650 numerato,
370 2611 428 2641 sed
446 2620 595 2650 appenso
619 2610 733 2642 debita
749 2614 861 2644 exolvi

169 2665 204 2691 et
234 2662 298 2691 alia
334 2669 557 2701 quaecumque
594 2661 658 2691 erni
695 2662 861 2695 solebant.

168 2710 224 2741 Sic
240 2711 367 2742 dictum
385 2720 404 2741 a
418 2713 523 2741 contra
540 2711 627 2752 quod
645 2720 685 2742 eo
708 2712 748 2742 ad
775 2721 861 2752 prae-

907 1057 1160 1099 ponderandum
1177 1060 1367 1088 uterentur.
1407 1055 1494 1086 Nam
1512 1055 1601 1096 quoti

906 1107 1207 1149 praeponderabat,
1224 1107 1257 1137 id
1274 1111 1282 1124 ‘
1300 1110 1419 1136 contra
1432 1104 1528 1145 esse‚'
1540 1106 1601 1136 hoc

907 1163 972 1197 est,
996 1157 1197 1198 ἀντιῤῥέπειν,
1227 1163 1261 1188 et
1286 1155 1512 1187 ‘contrarium
1538 1155 1606 1193 aes‚⁷

908 1207 1098 1249 ἆντίρῤοπον.
1161 1206 1248 1238 Inde
1286 1206 1473 1245 saepissime
1512 1204 1600 1245 apud

908 1260 1069 1291 Plautum
1087 1259 1250 1293 invenias,
1272 1258 1281 1274 ‘
1300 1266 1381 1288 auro
1398 1256 1533 1287 contra’
1553 1257 1606 1287 vel

909 1312 917 1328 ‘
936 1314 1054 1341 contra
1083 1318 1199 1340 aurum
1231 1306 1365 1338 emere!
1426 1308 1434 1323 ‘
1460 1306 1606 1337 Talento

908 1365 1026 1391 contra
1043 1369 1141 1391 carus
1158 1368 1222 1389 non
1240 1362 1292 1388 est
1307 1356 1327 1388 ε’
1350 1357 1413 1386 hoc
1432 1362 1497 1394 est,
1525 1365 1607 1387 auro

907 1410 1210 1452 praeponderante,
1227 1408 1409 1439 contrario.
1431 1407 1529 1436 Idem.

950 1466 961 1481 ⁵
987 1459 1242 1499 Contubernales]
1280 1457 1395 1488 Laudo
1433 1456 1608 1496 conjectu-

907 1520 978 1541 ram
996 1510 1173 1541 doctorum
1190 1509 1358 1539 homiuum
1375 1517 1382 1537 :
1401 1506 1489 1537 Licet
1501 1509 1530 1537 et
1544 1509 1608 1536 ten·

907 1561 988 1591 toria
1003 1570 1042 1591 ex
1054 1560 1185 1600 pellibus
1198 1559 1295 1601 fiant.
1332 1558 1404 1596 Ego
1421 1561 1533 1587 tamen
1551 1565 1608 1586 ve-

909 1611 978 1640 rius
996 1609 1197 1640 crediderim
1213 1618 1220 1638 :
1251 1608 1340 1638 Unde
1355 1610 1384 1637 et
1400 1606 1609 1636 Tabernae-ula

909 1661 993 1690 dicta
1008 1663 1092 1699 sunt,
1108 1659 1178 1689 licet
1194 1668 1233 1688 ex
1248 1657 1344 1688 tentis
1365 1656 1494 1695 pellibus
1508 1656 1609 1696 fiunt.

911 1710 1021 1748 Licet,
1039 1708 1159 1749 inquit,
1177 1717 1242 1738 non
1267 1717 1309 1738 ex
1335 1705 1470 1744 tabulis7
1487 1705 1545 1735 sed
1566 1714 1609 1736 ex

912 1761 1057 1801 pellibus
1086 1759 1181 1792 fiant.
1228 1758 1401 1790 Lucilius:
1432 1759 1441 1774 ‘
1462 1756 1528 1787 Hic
1551 1757 1610 1787 nbi

910 1820 1118 1850 consessum,
1148 1809 1322 1850 pellesque
1356 1812 1394 1838 ut
1426 1807 1460 1837 in
1489 1806 1610 1837 ordine

911 1859 1044 1891 tentae2’
1070 1864 1104 1891 et
1135 1859 1224 1899 apud
1255 1859 1439 1896 Caesarem,
1463 1857 1472 1873 ‘
1489 1855 1609 1887 deten-

910 1910 992 1941 dere
1009 1908 1181 1941 tentoria!
1204 1909 1273 1939 Jos.
1290 1907 1374 1938 Scal-

957 1958 1212 1999 Contubernales]
1225 1958 1312 1988 Vide
1327 1957 1336 1973 ‘
1349 1956 1580 1988 adtubernalis
1591 1956 1615 1987 :⁹

912 2010 1172 2041 contubernales
1186 2008 1242 2049 qui
1259 2007 1377 2038 iisdem
1392 2007 1540 2038 tabernis
1555 2007 1613 2038 lia-

912 2060 1034 2101 bitant,
1051 2065 1086 2091 et
1103 2059 1165 2090 sub
1190 2059 1309 2089 eodem
1333 2058 1419 2089 duce
1446 2062 1610 2098 pugnant.

913 2111 956 2141 Et
975 2110 1021 2141 sic
1039 2109 1174 2150 proprie
1192 2108 1396 2138 dicebantur
1417 2108 1533 2137 decem
1551 2107 1611 2137 mi-

913 2161 1000 2199 lites,
1017 2160 1073 2200 qui
1088 2159 1150 2190 sub
1162 2168 1226 2190 uno
1239 2158 1409 2199 papilione
1425 2156 1611 2196 degebant,

913 2212 1033 2253 quibus
1045 2211 1192 2241 decanus
1207 2211 1406 2249 praeeminet
1418 2212 1521 2247 caput
1531 2216 1613 2237 con·

912 2261 1061 2292 tubernii
1085 2259 1270 2290 dicebatur.
1315 2256 1409 2288 Infra
1432 2257 1612 2297 legendum

913 2316 976 2349 est,
1000 2311 1089 2341 Licet
1104 2313 1133 2340 et
1150 2307 1285 2339 tentoria
1300 2317 1339 2337 ex
1366 2306 1498 2347 pellibus
1510 2305 1611 2348 fiant.

915 2361 1032 2391 Velut
1063 2359 1226 2398 Scaliger,
1250 2357 1320 2388 licet
1344 2366 1384 2387 ex
1409 2356 1501 2387 tentis
1521 2356 1612 2396 pelli-

914 2411 968 2442 bus
982 2411 1078 2452 fiant.
1113 2409 1162 2440 Ut
1179 2407 1267 2448 apud
1284 2406 1470 2437 Lucilium:
1487 2409 1495 2423 ‘
1510 2407 1612 2437 Nunc

915 2462 971 2493 ubi
999 2469 1204 2496 consessum,
1233 2458 1406 2498 pellesque
1433 2461 1471 2488 ut
1494 2457 1526 2487 in
1557 2466 1610 2488 ομ

915 2513 993 2542 dine
1020 2508 1147 2541 tentoe.'
1174 2509 1258 2539 Dae.

957 2563 966 2581 ²
991 2558 1247 2599 Cantaber-nium]
1270 2559 1404 2589 Sueton.
1434 2557 1467 2587 in
1496 2556 1610 2589 Julioz

916 2613 925 2629 ‘
944 2609 1121 2651 Stipendia
1139 2609 1245 2649 prima
1268 2608 1301 2639 in
1328 2608 1445 2640 Africa
1472 2607 1557 2638 fecit
1577 2608 1612 2638 iu

915 2660 1054 2693 Thermi
1072 2659 1226 2699 praetoris
1247 2657 1494 2690 contubernio.'
1510 2658 1611 2688 Idem.

959 2717 972 2732 1¹
1000 2707 1157 2749 Contuolz']
1181 2709 1258 2742 Non
1282 2713 1333 2741 est
1357 2708 1507 2748 dubitun³
1530 2707 1613 2749 quin
