1835 2906
393 188 452 217 DE
486 187 757 218 VERBORUM
793 175 1201 219 StGN'lch'rloNE
1240 192 1332 222 [AB.
1369 193 1439 222 ΧΙ.

1555 183 1637 224 371

243 289 446 337 possunt,
467 291 516 324 ut
537 284 835 336 magisterium
854 288 884 333 †
917 285 1132 337 equitum.

245 379 256 389 .
275 381 285 391 .
304 381 314 391 .
333 352 505 401 rebus‚¹‘¹
525 352 598 405 qui
615 365 688 392 ma
707 382 716 391 .
730 381 738 390 .
752 384 760 393 .
775 352 958 405 quitum.
976 356 1034 393 et.
1053 380 1063 391 .
1077 351 1242 393 ..llinis
1261 353 1364 395 dixe
1384 386 1393 395 .
1410 385 1444 395 ..
1475 355 1637 406 [FEs'r.

247 448 257 458 .
275 449 284 459 .
301 449 311 460 .
334 423 465 460 untur
486 419 593 460 velit
618 451 679 461 ...
705 424 856 460 contra
877 432 955 460 ora
972 449 982 460 .
997 450 1006 460 .
1022 449 1032 460 .

1460 424 1638 476 [PAUL.

187 484 522 539 Magmentum,8
539 492 555 508 ¹¹
577 488 714 540 magis
735 491 1079 539 augmentatum.

187 551 579 606 Magnificissima⁰
597 555 798 596 dicebant
819 555 987 608 antiqui
1009 568 1088 610 pro
1110 558 1568 608 magnificentissima:
1592 573 1637 600 re

244 622 357 662 enim
378 635 483 663 vera
502 623 784 676 magnificens
803 622 890 663 dici
916 636 1000 663 non
1020 628 1191 677 potest3
1211 625 1328 666 unde
1360 626 1638 679 magnificen-

244 689 417 730 tissima
437 689 604 730 videtur
624 690 804 731 deduci.

187 755 466 809 Magnificius
500 757 616 797 idem
648 757 787 799 Cato9
818 772 899 812 pro
935 760 1286 813 magnificentius
1318 762 1445 813 dixit,
1480 766 1522 803 et
1552 776 1636 803 non

240 822 428 865 frustra:
461 837 562 865 nam
587 826 810 878 positivus
832 827 928 881 ejus
949 828 1183 881 magnifice
1199 835 1280 869 est.

192 889 473 943 Magnificius
492 899 507 922 Ρ
523 907 598 946 pro
620 894 941 948 magnificentius
958 897 1176 950 usurpavit
1193 897 1304 938 Cato
1320 897 1364 938 in
1387 911 1451 945 ea,
1473 899 1637 955 [FEST.

244 971 377 1011 quam
397 959 568 1013 scripsit.
593 991 601 999 .
620 992 628 1002 ³
644 990 654 1001 .

788 1049 907 1062 eeeeee

911 1049 1028 1062 eeeeee

226 1103 244 1131 8
269 1100 356 1131 Scal.
372 1105 407 1131 et
431 1101 514 1132 Dae.
530 1102 709 1143 legendum
726 1109 862 1136 monent
880 1105 1106 1145 Magmencum,
1132 1105 1231 1144 majus
1255 1112 1531 1147 augmentum—9
1556 1111 1636 1144 Qui-

186 1142 262 1174 dam
280 1143 338 1174 lib.
360 1144 438 1174 Cato
461 1144 537 1184 ipse.

837 1233 978 1266 NOTAE

185 1297 297 1324 tamen
327 1294 392 1325 alia
412 1295 455 1326 de
472 1296 679 1338 magisterio,
695 1302 732 1329 ut
748 1299 882 1340 opinor,
928 1299 1050 1330 desunt
1061 1301 1217 1340 paucula,
1233 1302 1292 1333 sed
1305 1312 1380 1344 quae
1390 1313 1489 1335 nemo
1499 1309 1638 1346 praesta-

183 1342 335 1374 ludorum
356 1344 521 1386 Apollinis
539 1357 579 1378 ex
597 1349 749 1380 oratione
766 1351 882 1381 nescio

183 1403 260 1433 qna,
278 1405 352 1436 quae
376 1402 494 1428 contra
519 1398 703 1430 orationem
721 1400 883 1431 inscribe-

182 1442 284 1475 batur
301 1445 439 1476 alterius
457 1448 612 1479 oratoris,
636 1449 716 1481 Ant.
733 1451 819 1489 Aug.

226 1498 239 1526 †
277 1495 514 1536 magisterium]
553 1497 704 1530 Difficile
741 1501 881 1541 explere

186 1546 324 1578 lacunas
348 1550 440 1579 istas.
485 1550 611 1580 Tamen
638 1550 679 1581 de
710 1551 884 1592 Apolline,

182 1600 216 1626 et
243 1596 285 1627 de
313 1597 456 1638 quodam
480 1600 661 1640 scriptore,
686 1602 743 1642 qui
765 1607 883 1633 contra

181 1647 370 1678 orationem
395 1650 510 1680 nescio
535 1651 631 1690 cujus
656 1651 808 1692 quaedam
837 1652 880 1684 de

181 1695 340 1736 Apolline
366 1698 511 1736 dixerat,
532 1702 757 1734 tractabatur.
801 1703 879 1734 Sus-

181 1747 279 1787 picor
309 1749 361 1789 agi
385 1749 427 1779 de
455 1752 618 1792 oratione,
644 1763 743 1793 quam
764 1753 880 1786 habuit

180 1797 289 1829 Varro
316 1799 356 1829 ad
379 1802 539 1841 populum
564 1802 651 1834 ludis
674 1803 881 1844 Apollinari-

180 1847 241 1878 bus
254 1849 296 1880 de
315 1851 420 1881 Nonis
437 1852 642 1892 Caprotinis.
674 1854 790 1886 Verba
806 1855 880 1895 ejus

181 1904 259 1931 sunt
287 1900 359 1931 haec
383 1911 425 1932 ex
449 1904 565 1943 quinto
589 1904 630 1935 de
661 1905 785 1936 Latino
810 1916 878 1937 ser-

179 1959 300 1984 mone:
319 1951 380 1982 ‘ob
396 1952 457 1984 ltoc
470 1957 582 1993 togam
601 1960 804 1995 praetextam
821 1957 878 1988 da-

180 2003 247 2030 tam
265 2000 312 2031 eis
329 2001 583 2042 Apollinaribus
601 2005 687 2037 ludis
704 2006 803 2038 docui
820 2018 878 2048 po-

180 2050 321 2090 pulum?
344 2053 411 2083 Jos.
425 2053 508 2085 Scal.

225 2123 232 2132 .
247 2121 254 2129 .
270 2124 277 2132 .
290 2106 311 2121 Π·
329 2102 448 2143 Rebus]
473 2104 523 2134 Ex
539 2106 773 2145 superioribus
789 2108 879 2140 Pan-

179 2150 202 2180 li
225 2151 336 2182 verbis
360 2151 458 2184 facile
490 2156 643 2194 praestari
668 2162 805 2197 poterat
820 2160 876 2190 hu-

173 2200 273 2240 jusce
290 2204 408 2243 capitis
423 2204 529 2245 prima
545 2216 644 2246 pars:
670 2207 822 2250 adeoque
845 2210 879 2241 in

179 2258 314 2290 promtu
349 2259 432 2289 erat,
474 2265 539 2286 non
577 2257 619 2287 de
663 2259 877 2299 magisteriis,

179 2301 238 2331 sed
257 2301 299 2333 de
316 2305 485 2343 magistris
501 2307 639 2338 Festum
657 2309 778 2349 egisse.
809 2312 874 2343 Sed

181 2361 222 2381 en
240 2353 300 2383 tibi
314 2354 422 2385 locum
437 2355 508 2387 fere
520 2358 687 2398 integrum
701 2370 742 2391 ex
758 2362 874 2394 sched.

177 2401 188 2419 ‘
203 2402 359 2443 Magistri
375 2404 533 2437 dicuntur
554 2409 587 2438 in
609 2410 763 2442 omnibus
787 2413 877 2444 rebus

177 2453 232 2491 qui
248 2454 349 2493 magis
366 2456 490 2486 ceteris
508 2465 657 2497 possunt,
672 2465 710 2490 ut
727 2462 876 2501 magistri

178 2504 328 2542 equitum,
358 2508 387 2535 et
421 2506 573 2546 magistri
613 2510 741 2548 populi.
787 2511 876 2544 Item

177 2554 330 2594 magistri
358 2556 509 2588 ludorum
538 2558 700 2598 Apollinis
722 2561 877 2595 dixerunt

179 2606 308 2646 antiqui
325 2607 382 2647 qui
399 2617 486 2639 nunc
503 2609 602 2639 aliter
619 2610 782 2653 dicuntur,
794 2614 875 2645 velut

181 2655 333 2686 ostendit
364 2657 448 2689 Cato
471 2659 504 2688 in
532 2669 571 2690 ea
602 2661 753 2692 oratione
776 2673 874 2703 quam

182 2704 267 2737 dixit
297 2710 404 2738 contra
426 2709 618 2741 orationem.
636 2710 694 2742 ..θ’
739 2712 779 2743 In
809 2713 874 2745 fine

933 1350 994 1382 bit.
1013 1350 1165 1383 Idunum
1181 1362 1233 1384 me
1251 1358 1410 1395 torquet3
1434 1365 1543 1397 neque
1558 1358 1637 1388 satis

933 1401 1089 1432 Verrium
1111 1403 1182 1434 sive
1212 1405 1348 1436 Festum
1374 1406 1538 1447 intelligo,
1559 1417 1634 1438 cum

936 1452 982 1483 ait
1017 1462 1060 1483 ex
1092 1453 1224 1486 Catone
1262 1456 1440 1496 magistros
1479 1458 1634 1489 ludorum

935 1502 1101 1543 Apollinis
1133 1510 1214 1536 tune
1247 1505 1348 1537 fuisse
1386 1508 1486 1538 aliter
1515 1509 1637 1547 dictos,

934 1563 1009 1584 cum
1027 1554 1128 1585 sciam
1157 1555 1245 1587 idem
1273 1566 1329 1587 eos
1352 1567 1486 1598 semper
1512 1569 1633 1590 nomen

934 1603 1133 1642 obtinuisse,
1164 1606 1228 1636 etsi
1256 1607 1453 1649 quandoque
1482 1608 1634 1648 praefecti

935 1653 1037 1685 etiarn
1054 1655 1136 1686 dicti
1153 1661 1255 1688 sunt..
1277 1659 1357 1690 Dae.

977 1709 990 1724 ¹¹
1014 1705 1248 1747 Magmentum]
1273 1708 1364 1748 Lege
1388 1718 1462 1740 cum
1485 1709 1634 1750 Scalige-

936 1763 985 1795 ro,
1018 1755 1249 1795 Magmentum,
1288 1759 1387 1798 majus
1422 1765 1631 1799 augmentum.

935 1805 1020 1836 Erat
1037 1806 1131 1847 daps,
1160 1818 1236 1848 quae
1261 1809 1506 1849 profanabatur
1530 1822 1548 1842 a
1566 1823 1633 1843 rus-

934 1857 1009 1888 ticis
1024 1857 1125 1899 Jano,
1146 1859 1295 1899 Silvano,
1318 1861 1437 1901 Marti,
1458 1863 1536 1895 Jovi
1563 1865 1631 1895 Da-

934 1907 1025 1948 pali3
1048 1908 1106 1939 sed
1129 1913 1164 1940 et
1192 1911 1342 1951 qualibet
1366 1913 1432 1944 alia
1454 1923 1520 1955 qua
1541 1914 1630 1946 Deos

933 1958 1141 1990 mactabant.
1165 1960 1265 1993 Unde
1282 1965 1559 2004 magmentarium
1572 1976 1632 1997 vas

933 2009 991 2041 ubi
1020 2016 1102 2042 exta
1130 2022 1228 2044 sacra
1258 2024 1324 2046 arae
1356 2016 1630 2057 imponebantur.

932 2059 1047 2092 Gloss.
1083 2063 1398 2106 ‘magmentarium‚
1432 2067 1481 2106 ἐφ’
1521 2065 1557 2097 οὗ
1590 2068 1631 2099 τὰ

932 2110 1108 2150 σπλάγχνα
1126 2113 1269 2152 τιθέμενα
1286 2117 1353 2147 τοῖς
1366 2118 1480 2155 βωμοῖς
1495 2118 1628 2159 προσφέ-

934 2162 1061 2200 ρονται.’
1079 2163 1108 2195 Ι.
1119 2164 1127 2179 ‘
1141 2165 1210 2195 Vas
1226 2166 1283 2196 ubi
1300 2172 1380 2198 exta
1393 2168 1556 2199 altaribus
1570 2169 1629 2200 im-

933 2214 1129 2252 ponuntur.'
1159 2214 1239 2247 Dae.

972 2268 986 2283 0
998 2265 1276 2307 Illagmficissima]
1289 2267 1492 2309 Ilffagm‘ficior
1501 2273 1535 2300 et
1544 2280 1630 2309 mag-

929 2314 1128 2355 nifici-§simus
1142 2316 1301 2348 dicebant
1318 2318 1445 2359 antiqui
1469 2318 1629 2359 ἀναλόγως

931 2374 950 2395 a
987 2366 1131 2405 positivo
1168 2367 1361 2408 magnificus.
1405 2369 1478 2400 Nos
1513 2375 1626 2401 autem

928 2416 1187 2457 magnificentior,
1202 2418 1537 2458 magnificentissimus,
1551 2430 1626 2451 cnm

930 2469 1044 2496 tamen
1086 2468 1286 2508 magnificeris
1316 2468 1382 2499 dici
1412 2478 1477 2500 non
1509 2472 1626 2510 possit,

929 2515 1017 2546 unde
1034 2526 1074 2547 ea
1091 2517 1315 2549 deducuntur.
1352 2519 1408 2551 Sic
1421 2520 1592 2561 munificim·
1608 2532 1627 2552 a

929 2566 1072 2607 munifico
1090 2567 1175 2597 dixit
1194 2568 1289 2608 Cato,
1312 2579 1371 2600 nos
1386 2571 1624 2613 munificentior,

930 2617 1059 2647 etiamsi
1073 2618 1250 2659 munificens
1262 2621 1380 2651 nonsit
1394 2621 1426 2652 in
1440 2632 1511 2653 usu.
1536 2623 1623 2654 Vide

929 2666 1016 2697 infra
1039 2668 1267 2700 ‘munificior.'
1284 2670 1366 2702 Dae.

973 2722 987 2743 Ρ
1012 2717 1217 2760 Magni...]
1243 2720 1391 2762 Catonis,
1404 2722 1497 2763 Atei,
1514 2727 1548 2754 et
1564 2733 1620 2755 ne=
