1835 2906
388 164 449 194 DE
482 161 751 193 VERBORUM
784 159 1189 190 SIGNlFlCATIONE
1223 159 1315 188 [ΑΒ.
1348 159 1380 188 1.

1540 148 1594 190 87

162 260 377 302 Arbosem
398 272 477 313 pro
505 258 656 299 arbore
678 249 844 308 antiqui
866 253 1105 303 dicebant,g
1138 256 1182 293 et
1201 252 1402 294 robosem
1425 265 1504 305 pro
1527 266 1597 295 ro-

216 329 335 369 bore.

160 396 358 438 Arbutus
371 393 387 417 ¹¹
408 406 542 447 genus
563 391 726 434 arboris
744 388 972 430 frondibus
992 387 1117 428 raris.
1155 386 1367 441 Virgilius
1386 399 1395 428 t
1426 386 1483 428 Et
1500 401 1598 441 quae

216 477 295 504 vos
316 475 413 503 rara
435 461 585 502 viridis
601 458 709 511 tegit
730 458 912 498 arbutus
929 456 1095 496 umbra.

161 530 278 571 Arca
308 528 616 586 diminutivum
639 525 748 566 facit
779 524 985 572 arculam,
1016 527 1058 564 et
1076 521 1307 563 arcellam:
1338 525 1389 561 ut
1411 534 1438 562 a
1457 535 1595 576 porco

216 598 455 652 porculum,
476 602 517 637 et
534 593 775 648 porcellum
793 605 802 633 ε
826 606 853 634 a
873 604 1063 632 mamma
1081 589 1375 639 flammulam,
1392 594 1436 630 et
1456 603 1593 630 mam-

218 666 397 707 millam.

162 733 325 775 Arcani
361 727 592 772 sermonisi
629 728 892 782 significatio
928 726 1114 769 trahitur
1146 726 1237 767 sive
1269 725 1325 766 ab
1358 737 1475 773 arce,
1503 736 1601 777 quae

217 801 436 841 tutissima
470 811 576 852 pars
595 802 663 838 est
683 797 820 846 urbis,
843 797 937 837 sive
957 809 984 836 a
1005 807 1155 848 genere
1178 792 1397 841 sacrificii,
1419 791 1534 846 quod
1556 792 1599 831 in

218 881 318 909 arce
349 867 400 908 fit
418 867 473 908 ab
494 866 746 918 auguribus,
765 865 876 907 adeo
893 868 1108 905 remotum
1128 875 1154 903 a
1174 861 1330 902 notitia
1348 859 1533 913 vulgari,
1554 862 1603 899 ut

218 949 273 976 ne
303 935 444 976 literis
469 933 642 988 quidem
669 933 926 974 mandetur:
959 931 1033 972 sed
1057 944 1134 984 per
1149 929 1401 971 memoriam
1423 939 1603 968 succes-

221 1016 369 1044 sorum
390 1002 632 1043 celebretur
652 1014 661 1042 :
691 1001 783 1041 sive
805 1001 860 1040 ab
877 1013 993 1049 arca,
1023 999 1065 1039 in
1085 1011 1170 1052 qua
1190 1010 1290 1051 quae
1312 997 1464 1037 clausa
1485 999 1603 1043 sunt,

219 1076 313 1114 tuta
333 1073 526 1111 manenr:
562 1068 690 1122 cujus
708 1067 848 1121 ipsius
870 1068 991 1119 origo
1014 1067 1069 1106 ab
1092 1064 1278 1105 arcendo
1299 1063 1476 1117 pendet.

166 1135 363 1181 Arcerek
400 1142 469 1179 est
500 1137 744 1177 continere:
774 1135 887 1176 unde
922 1139 966 1176 et
1002 1146 1133 1175 arcus
1160 1134 1204 1173 in
1235 1130 1438 1172 aedificiis
1460 1130 1604 1170 dietus

220 1211 314 1248 est:
345 1205 450 1259 quia
472 1217 520 1245 se
539 1204 683 1257 ipsum
706 1202 920 1244 continet.

979 1200 1073 1241 Alii
1095 1200 1245 1241 dicunt
1266 1210 1416 1239 arcum
1439 1197 1604 1238 dictum

221 1287 317 1315 esse
340 1274 395 1314 ab
416 1285 544 1325 opere
565 1270 792 1324 arrigendo
808 1271 852 1310 in
872 1269 1156 1311 altitudinem.
1194 1267 1357 1307 Arcere
1376 1265 1607 1319 prohibere

221 1346 311 1384 est:
334 1340 543 1389 similiter,
557 1340 747 1389 abarcet,
762 1338 989 1393 prohibet:
1021 1339 1168 1391 poreet
1183 1346 1359 1388 quoque
1374 1333 1536 1374 dictum
1553 1332 1607 1374 ab

221 1409 431 1463 antiquis,
448 1408 574 1462 quasi
594 1420 723 1460 porro
741 1410 876 1456 arcet,
905 1412 950 1447 et
976 1418 1057 1459 pro
1082 1417 1153 1453 eo,
1173 1401 1290 1457 quod
1313 1405 1379 1442 est
1400 1400 1608 1449 continet,

814 1536 954 1572 NOTA-3

167 1620 328 1658 etjudiciz'
353 1619 400 1650 sic
429 1620 549 1650 Cicero
572 1628 632 1659 pro
651 1616 774 1649 Roscio
791 1616 856 1647 Co-

166 1671 287 1702 moedo.
323 1675 332 1687 ‘
351 1670 449 1701 Aliud
478 1674 531 1701 est
551 1669 730 1710 judicium,
766 1667 857 1699 aliud

164 1721 350 1751 arbitrium.
374 1721 545 1753 Judicium
559 1724 611 1750 est
624 1719 775 1759 pecuni‘ae
787 1728 859 1748 cer-

167 1776 224 1808 tae,
241 1771 415 1801 arbitrium
429 1771 581 1800 incertae.
620 1768 674 1800 Ad
693 1768 860 1808 judicium

167 1822 230 1851 hoc
257 1821 355 1851 modo
381 1821 542 1856 venimus,
578 1824 614 1851 ut
641 1823 744 1850 totam
767 1818 860 1849 litem

168 1876 228 1902 aut
250 1872 474 1906 obtineamus,
500 1875 559 1902 aut
581 1870 794 1907 amittamus3
819 1868 860 1899 ad

169 1922 341 1953 arbitrium
365 1923 426 1952 hoc
455 1922 566 1952 animo
592 1920 734 1959 adimus,
756 1923 793 1949 ut
808 1927 863 1948 ne-

168 1982 234 2013 que
263 1973 357 2011 nihil,
390 1981 499 2011 neque
535 1975 663 2002 tantum
701 1972 862 2010 quantum

168 2023 408 2061 postulavimus
420 2020 684 2063 consequamur.'
700 2020 863 2060 Aliquan-

167 2073 211 2104 do
228 2077 340 2104 tamen
355 2072 529 2103 arbitrium
548 2071 751 2113 projudieio
769 2070 861 2111 poni-

167 2129 234 2159 tur,
250 2130 287 2155 ut
305 2124 432 2155 arbiter
450 2123 647 2164 projudice.
689 2121 864 2152 Praeterea

169 2175 271 2206 etiam
284 2175 458 2205 arbitrium
477 2178 659 2214 usurpatur
680 2172 713 2202 iu
736 2171 862 2202 funeri-

168 2225 231 2256 bus
260 2235 321 2266 pro
347 2226 485 2266 praemio
516 2234 629 2255 eorum
659 2223 715 2264 qui
744 2221 864 2253 funera

169 2277 344 2307 curabant.
371 2277 481 2307 Cicer.
500 2281 577 2317 post
595 2274 738 2305 reditum
757 2274 789 2304 in
806 2273 863 2304 Se-

169 2332 240 2357 nat.
257 2327 388 2358 decima
403 2328 571 2367 septima:
595 2328 604 2344 ‘
620 2325 777 2357 Nondum
806 2334 863 2365 pa-

170 2377 236 2407 lam
250 2377 377 2410 factum
403 2383 475 2409 erat
501 2377 690 2409 concidisse
711 2375 864 2416 rempub.

172 2438 248 2458 cum
278 2428 338 2458 tibi
370 2428 509 2459 arbitria
538 2427 665 2459 funeris
691 2427 865 2458 solveban-

172 2478 253 2508 tur!
278 2478 377 2509 Idem.

214 2534 228 2555 g
253 2528 400 2559 Arbosem
430 2538 484 2568 pro
509 2527 614 2558 arbore
637 2527 757 2567 antiqui
779 2526 865 2557 dice-

172 2578 260 2618 bant]
300 2578 459 2609 Placidus
492 2578 524 2608 in
553 2577 706 2608 Glossis:
729 2578 738 2594 ‘
758 2576 868 2607 Hase·

172 2639 248 2659 nam
277 2629 404 2669 antiqui
422 2628 593 2666 dicebant,
617 2633 656 2657 ut
679 2636 762 2665 atas,
785 2636 868 2666 quas

173 2687 233 2708 nos
255 2688 341 2718 araS,
362 2683 398 2709 et
427 2679 527 2709 Lases
555 2686 637 2718 quos
664 2677 765 2706 Lares
787 2675 868 2705 diei-

173 2729 269 2761 mus,'
305 2729 421 2761 Velius
454 2729 588 2769 Longus
619 2727 662 2758 de
696 2725 867 2765 orthogra-

911 1614 1010 1654 phia:
1034 1612 1170 1644 ‘Fesias
1186 1610 1316 1651 antiqui
1346 1618 1408 1649 pro
1426 1607 1543 1638 ferias:
1572 1609 1607 1636 et

912 1666 1047 1703 hasena,
1062 1674 1123 1705 pro
1140 1663 1285 1694 harena?
1311 1662 1383 1693 Ful.
1401 1659 1509 1691 Ursin.

956 1714 1119 1753 Arbosem]
1144 1714 1192 1744 Ut
1206 1714 1214 1730 ‘
1230 1712 1361 1743 advosis
1375 1710 1382 1723 ³
1398 1718 1458 1750 pro
1484 1710 1492 1725 ‘
1509 1707 1612 1738 advo-

915 1765 984 1804 1·is,’
1018 1766 1027 1782 ‘
1045 1762 1188 1795 hasena'
1219 1771 1280 1803 pro
1319 1764 1327 1777 ‘
1344 1758 1470 1795 arena,’
1508 1759 1516 1775 ‘
1535 1757 1611 1788 asa’

915 1826 977 1857 pro
1007 1816 1017 1833 ⁴
1030 1814 1113 1855 ara,’
1150 1818 1186 1845 et
1213 1812 1344 1844 similia.
1395 1812 1485 1851 Lege
1515 1808 1613 1847 infra,

914 1867 1020 1898 rohose
1034 1876 1095 1906 pro
1110 1864 1228 1896 robore.
1252 1864 1342 1894 Dae.

958 1917 973 1937 ¹¹
995 1914 1150 1955 Arbutus]
1174 1915 1271 1955 Virg.
1296 1913 1427 1953 Ecloga
1447 1920 1512 1942 vn.
1536 1910 1616 1941 Aut.

916 1968 1004 2007 Aug.

960 2016 967 2037 ¹
982 2016 1100 2048 Arcani
1114 2014 1278 2055 sermonis]
1294 2012 1347 2045 Ab
1360 2015 1369 2032 ‘
1382 2011 1480 2052 arca,'
1497 2015 1505 2029 ‘
1519 2020 1613 2042 arca-

918 2067 1003 2106 nus,’
1029 2071 1066 2099 ut
1100 2067 1141 2097 ab
1169 2067 1178 2083 ⁴
1197 2063 1346 2106 oppid0‚'
1375 2065 1384 2080 ‘
1403 2060 1616 2103 oppidanus.’

917 2119 1001 2150 Arca
1019 2123 1131 2150 autem
1152 2116 1194 2147 ab
1210 2126 1298 2147 urceo
1315 2116 1415 2145 Varr.
1432 2113 1490 2144 lib.
1507 2122 1556 2142 1v.
1572 2111 1615 2142 de

918 2169 956 2200 L.
972 2170 1010 2200 L.
1046 2169 1055 2185 ⁴
1075 2167 1166 2199 Arca
1182 2166 1271 2207 quod
1290 2170 1449 2197 arcentur
1461 2162 1554 2193 fures
1571 2161 1614 2192 ab

919 2229 958 2250 ea
984 2218 1122 2249 clausa.’
1167 2218 1246 2248 Sive
1285 2215 1396 2256 potius
1427 2213 1470 2244 ab
1500 2221 1618 2252 arcere,

919 2270 997 2311 quia
1012 2270 1044 2300 id
1059 2268 1244 2299 Veteribus
1258 2270 1332 2296 erat
1346 2264 1516 2295 continere.
1546 2262 1616 2293 Un-

918 2320 962 2351 de
978 2325 1012 2350 et
1028 2328 1126 2349 arcus
1153 2316 1296 2358 quisine
1313 2314 1427 2346 fulcris
1453 2323 1489 2344 se
1505 2313 1614 2353 ipsum

921 2370 1084 2401 eontinet.
1117 2367 1245 2399 Eadem
1276 2371 1312 2396 et
1334 2366 1446 2396 arcela.
1479 2364 1617 2395 Glossa-

921 2422 1018 2461 rium,
1040 2421 1049 2437 ‘
1067 2429 1156 2457 arca,
1187 2418 1310 2453 arcela,
1337 2415 1479 2453 κιβωτὸς,
1508 2413 1616 2455 σωρὸς,

920 2470 1075 2510 κάμπτρα,
1090 2467 1227 2509 λάρναξ.’
1250 2468 1348 2498 Idem·

963 2521 977 2541 k
1000 2520 1132 2559 Arcere]
1155 2516 1280 2559 Ἀρκέω.
1304 2517 1482 2554 Contineo,
1508 2515 1617 2554 capio,

921 2572 1002 2603 item
1021 2570 1195 2611 prohibeo,
1210 2569 1384 2609 propulso.
1416 2568 1459 2598 Et
1474 2566 1551 2596 inde
1564 2575 1616 2595 ar-

920 2631 1021 2660 cere3
1049 2630 1158 2661 neque
1183 2620 1271 2650 enim
1288 2617 1475 2649 audiendus
1497 2617 1616 2648 Festus

923 2673 977 2714 qui
994 2672 1034 2704 ab
1049 2671 1148 2712 ἄρχω,
1164 2671 1306 2712 impero.
1330 2669 1425 2700 Idem.
