1835 2906
199 127 284 172 418
649 126 798 165 s'ssx'rl
830 130 1033 163 POMPEH
1067 129 1205 161 Fusrr

202 233 350 276 Mina*
370 230 646 286 singulariter
665 229 745 271 dici
768 243 847 284 pro
869 243 913 270 eo
933 227 1039 283 quod
1061 225 1179 268 minae
1203 225 1432 281 pluraliter
1453 225 1643 267 dicimus

262 300 474 342 Curiatius
502 306 622 340 autor
653 303 735 340 est.-
764 300 868 340 item
890 296 954 338 M.
978 296 1093 338 Cato
1120 294 1165 335 in
1189 294 1452 336 suasione...
1482 294 1648 348 [FEST.

258 369 380 410 mina
401 356 502 421 cogi
517 370 530 389 ¹
553 365 670 408 nulla
690 366 823 421 potuit
844 395 853 404 .
869 396 878 406 .
896 395 905 404 .

204 437 375 478 Minam
409 436 558 478 AElius
592 435 829 477 vocitatam
865 434 926 475 ait
956 431 1219 474 mammam‘
1250 430 1433 471 alteram
1469 430 1649 481 [PAUL.

256 505 373 547 lacte
396 504 688 552 deficientem,
711 501 841 555 quasi
862 501 1075 542 minorem
1097 498 1273 541 factam.

203 571 512 614 Minerrimusu
534 584 614 625 pro
635 570 814 610 minimo
837 569 1057 609 dixerunt.

203 638 434 681 Minerva*
454 639 589 688 dicta,
609 637 728 692 quod
749 637 861 677 bene
881 639 1077 677 moneat:
1108 635 1219 676 hanc
1251 633 1364 675 enim
1385 632 1546 687 pagani
1569 643 1648 685 pro

261 707 480 760 sapientia
499 706 737 760 ponebant.

797 703 1059 745 Cornificius
1078 716 1197 753 vero,
1219 701 1335 756 quod
1355 701 1540 754 fingatur
1557 699 1651 753 pin-

259 777 471 827 gaturque
492 772 697 813 minitans
721 771 872 820 armis,
893 769 1075 811 eandem
1096 770 1259 811 dictam
1279 773 1424 823 putat.

208 839 393 880 Minime
415 839 606 892 gentium
628 839 850 888 dicebant,
873 851 953 892 pro
974 850 1026 878 eo
1047 837 1169 891 quod
1189 840 1254 878 est
1273 837 1465 877 omnium
1487 833 1652 888 [FEST.

262 907 453 960 gentium
478 906 652 961 judicio
673 907 851 947 minime
872 918 968 946 esse
989 904 1253 946 faciendum.

206 975 483 1018 Miniscitury
513 988 593 1028 pro
613 974 907 1015 reminiscitur
926 973 1171 1027 antiquitus
1193 971 1434 1013 dicebatur.
1473 970 1653 1024 [PAUL-

815 1099 929 1110 eeeeee

934 1099 1048 1110 cccccc

250 1194 266 1221 1
293 1190 333 1221 In
351 1190 405 1221 ed.
419 1190 508 1221 Scal.
532 1192 628 1220 extat
652 1188 743 1218 Mina
757 1188 961 1227 singulariter
976 1189 1008 1219 «1.
1034 1207 1169 1218 .......
1191 1185 1358 1227 pluraliter
1371 1184 1501 1216 dicimus
1514 1193 1551 1214 cu
1561 1203 1657 1215 .....

205 1234 281 1265 item
296 1234 345 1265 M.
362 1235 441 1265 Cato
452 1233 487 1264 in
501 1242 516 1262 s
519 1252 659 1264 .......
674 1231 758 1261 minu
773 1240 831 1270 cog
835 1253 929 1262 .....

863 1339 1005 1370 NOTAE

249 1421 261 1436 ¹³
283 1413 392 1454 Mina]
428 1413 603 1454 Distingui
642 1413 777 1444 videtur
816 1414 905 1444 inter

206 1465 322 1496 minam
332 1464 561 1504 singulariter.
571 1473 670 1504 quam
680 1463 793 1493 Graeci
806 1473 907 1493 mnam

208 1515 341 1553 dicunt,
364 1519 400 1546 et
422 1513 534 1544 minas.
579 1513 642 1543 Vel
668 1522 743 1543 usos
762 1513 908 1542 Veteres

206 1573 448 1606 nonuunquam
472 1563 594 1594 asserit
617 1564 701 1594 mina
729 1573 788 1602 pro
805 1563 910 1602 minis,

207 1619 244 1646 et
281 1615 421 1646 Catonis
456 1613 649 1654 exemplum
688 1611 803 1644 affert.
834 1615 910 1644 Ant.

207 1665 295 1705 Aug.

250 1714 362 1754 Elina]
389 1715 481 1746 Mina
496 1715 701 1755 singulariter
716 1715 780 1745 dici
794 1725 850 1755 pro
867 1725 912 1749 eo,

209 1767 288 1805 quod
300 1765 400 1795 Minae
413 1766 582 1805 pluraliter
592 1765 735 1805 dicimus,
750 1765 912 1796 Curiatius

209 1818 317 1846 auctor
332 1818 390 1845 est.
407 1815 483 1846 item
497 1815 547 1846 M.
561 1817 641 1846 Cato
656 1816 690 1845 iu
701 1816 844 1847 suasione
863 1838 870 1846 .
883 1840 889 1846 .
905 1838 911 1846 .

209 1866 295 1897 mina
309 1866 380 1904 cogi
394 1866 479 1896 nulla
493 1866 607 1905 potuit.
623 1866 697 1897 JOS.
709 1867 798 1898 Scal.

253 1917 362 1957 Mina]
377 1916 510 1955 ,Mirtum
526 1926 586 1956 pro
598 1916 692 1947 minis
704 1916 831 1947 dixisse
847 1917 913 1947 Ve-

212 1971 304 1999 teres
321 1967 479 2007 exemplo
493 1966 631 1997 Catonis
645 1966 767 2006 probat
781 1967 915 2001 Festus,

213 2016 302 2058 quod
321 2017 526 2055 notandum3
544 2016 706 2057 distingui
721 2017 808 2048 enim
828 2018 917 2048 inter

209 2067 327 2098 minam
342 2066 573 2106 singulariter,
590 2076 689 2108 quam
707 2067 820 2098 Graeci
837 2069 916 2105 μνᾶν

213 2116 346 2156 dicunt,
361 2121 396 2148 et
417 2117 518 2148 minas
540 2121 656 2148 notum
682 2123 747 2149 est.
795 2118 915 2150 Cicero

212 2176 253 2199 11.
270 2167 312 2199 de
331 2167 472 2198 finibus:
497 2171 505 2184 ¹
523 2166 552 2198 A
578 2177 644 2208 quo
668 2167 789 2198 iterum
818 2167 913 2199 fune-

214 2228 286 2249 rum
314 2222 443 2248 sumtus
471 2216 662 2257 praefinitur
689 2226 729 2247 ex
756 2218 915 2249 censibus

215 2278 235 2299 a
261 2269 361 2299 minis
387 2267 536 2309 quinque
563 2277 670 2308 usque
699 2267 741 2298 ad
767 2268 919 2299 minam.'

216 2318 332 2349 Verba
347 2318 487 2350 Catonis
507 2316 597 2350 forte
614 2327 633 2349 e
650 2318 805 2350 suasione
829 2319 914 2359 legis

216 2369 391 2401 Voconiae.
409 2369 490 2400 Dac.

260 2420 270 2441 ³
292 2420 414 2451 Mirtum
437 2420 616 2460 mammam]
641 2419 670 2450 Α
701 2420 813 2456 minus,
838 2419 918 2459 qnia

217 2469 327 2500 minus
350 2471 454 2502 habet
477 2472 593 2502 lactis:
617 2471 664 2502 sic
689 2470 778 2511 apud
793 2471 916 2500 Varro-

216 2520 295 2550 'nem
313 2519 356 2550 de
376 2521 424 2551 Re
442 2522 541 2553 Rust.
565 2522 574 2537 ‘
590 2522 708 2552 minam
727 2531 838 2560 ovem,
854 2521 918 2552 hoc

221 2574 285 2610 est,
304 2576 423 2602 ventre
447 2573 564 2611 glabro
578 2573 600 2601 :'
624 2572 656 2603 id
681 2578 747 2611 est,
764 2583 839 2614 quae
858 2572 918 2604 mi-

220 2630 283 2652 nus
300 2621 513 2653 habetlanae.
532 2623 629 2654 Idem.

264 2677 278 2692 ²¹
302 2671 520 2712 Minerrimus]
546 2673 668 2713 Minue,
695 2684 833 2714 parvus,
859 2683 919 2714 pro

960 1423 1025 1454 quo
1037 1413 1198 1444 dicebant
1214 1412 1315 1443 etiam
1332 1411 1444 1444 miner,
1461 1414 1498 1439 ut
1514 1411 1522 1425 ‘
1539 1405 1660 1445 vetus:

961 1469 969 1481 ‘
985 1468 1080 1494 veter
1094 1463 1113 1501 ;’
1128 1464 1136 1479 ‘
1150 1462 1290 1501 viduus,’
1305 1463 1314 1479 ⁴
1331 1459 1473 1499 viduer,’
1488 1458 1577 1490 unde
1588 1459 1597 1475 ‘
1613 1457 1661 1488 vi-

961 1513 1123 1544 duertas.'
1139 1513 1237 1544 Idem.

1006 1567 1021 1583 ⁸
1046 1563 1208 1603 Minerva]
1232 1562 1330 1593 Prius
1355 1560 1515 1592 dicebant
1537 1558 1663 1589 Mener-

964 1624 1014 1650 va,
1030 1622 1049 1644 a
1066 1622 1131 1654 qua
1156 1620 1354 1644 menervare
1370 1614 1445 1642 erat
1460 1617 1609 1647 monere,
1625 1612 1662 1637 nt

966 1665 999 1695 in
1030 1664 1142 1694 saliari
1169 1663 1318 1695 carmine
1337 1662 1566 1702 promeneruat,
1594 1668 1665 1689 mo·

967 1720 1043 1753 net;
1068 1724 1188 1745 menere
1203 1719 1257 1745 est
1279 1722 1412 1751 monere,
1435 1721 1455 1742 a
1472 1719 1537 1750 quo
1554 1708 1666 1740 menis·

966 1776 1029 1804 cor,
1045 1770 1082 1796 ut
1097 1775 1155 1806 apo
1170 1764 1311 1805 apiscor;
1335 1760 1523 1802 composita
1541 1759 1666 1790 commi·

967 1816 1060 1854 uisci,
1088 1815 1258 1847 reminisci.
1304 1815 1426 1852 Neque
1456 1816 1568 1842 tamen
1597 1809 1668 1840 Me·

967 1876 1061 1897 nerra
1076 1875 1095 1896 a
1110 1875 1250 1897 monere.-
1273 1874 1350 1896 nam
1362 1863 1528 1894 Minervae
1545 1869 1666 1892 nomen

969 1916 1178 1957 AEgyptium,
1195 1920 1231 1946 ut
1248 1914 1375 1955 optime
1389 1911 1507 1944 docuit
1523 1910 1666 1950 Stepha-

969 1976 1031 1997 nus
1047 1967 1254 1998 Guicliartus
1279 1966 1312 1996 in
1330 1962 1517 1996 Harmonia
1537 1966 1666 2001 etymo-

969 2017 1078 2056 logica
1118 2017 1320 2056 linguarum.
1368 2014 1504 2053 Nempe
1534 2021 1553 2042 a
1583 2019 1667 2041 voce

968 2078 1086 2107 monor,
1103 2067 1192 2108 qnod
1209 2072 1261 2097 est
1279 2067 1541 2096 instrumentum
1556 2064 1669 2092 texto·

970 2118 1068 2158 rium,
1090 2117 1217 2148 factum
1241 2116 1374 2147 minora.
1419 2111 1520 2144 Unde
1537 2110 1667 2142 Latinis

973 2168 1130 2206 Minerva,
1146 2165 1283 2198 texendi
1299 2163 1490 2201 inventrix3
1508 2160 1600 2202 apud
1613 2160 1668 2190 ΙΕ-

969 2217 1106 2258 gyptios
1123 2216 1211 2247 enim
1227 2225 1280 2246 ars
1297 2213 1435 2246 texendi
1459 2213 1603 2252 primum
1620 2210 1669 2241 in-

970 2272 1085 2298 venta.
1129 2267 1179 2298 Ea
1204 2275 1303 2297 manu
1323 2263 1526 2296 liciatorium
1551 2266 1670 2293 tenens

971 2317 1186 2358 pingebatur.
1241 2315 1340 2349 Quod
1364 2313 1565 2346 liciatorium
1589 2311 1670 2352 quia

970 2368 1075 2398 hastae
1100 2367 1171 2398 sive
1193 2367 1320 2398 lanceae
1345 2364 1454 2396 simile
1472 2367 1558 2401 erat,
1574 2366 1612 2393 nt
1635 2360 1669 2391 in

972 2418 1033 2449 lib.
1051 2419 1136 2459 Reg.
1162 2427 1189 2449 ι.
1204 2426 1280 2457 cap.
1298 2419 1349 2447 17.
1368 2425 1415 2446 vs.
1437 2416 1469 2444 7.
1494 2417 1529 2444 et
1544 2412 1601 2443 lib.
1624 2419 1668 2441 11.

971 2479 1048 2510 cap.
1059 2472 1113 2500 21.
1124 2478 1172 2499 vs.
1185 2470 1236 2499 19.
1250 2467 1330 2499 inde
1341 2465 1472 2498 Graecis
1488 2468 1523 2495 et
1539 2461 1670 2507 Latinis

973 2521 1131 2552 Minerva
1152 2519 1282 2550 hastam
1306 2521 1424 2548 tenere
1451 2513 1582 2546 credita
1606 2517 1670 2542 est.

974 2571 1074 2602 Idem.

1016 2626 1029 2647 v
1053 2616 1254 2658 Miniscitur]
1289 2617 1359 2647 Pro
1388 2611 1670 2652 comminiscitur,

975 2669 1213 2702 reminiscitur.
1258 2665 1346 2697 Vide
1362 2662 1552 2695 ‘mentumss
1572 2662 1668 2693 Idem.
