1835 2906
264 118 350 161 562

322 231 369 267 et
400 226 630 281 patagiata
663 228 850 272 dicitur:

320 294 461 336 ciunt.

261 362 458 416 Patagus
479 365 619 406 morbi
640 378 789 418 genus.

711 131 860 163 SEXTI
893 133 1096 164 POMPEII
1130 134 1268 166 FESTI

897 234 940 271 et
970 231 1204 284 patagiarii
1231 231 1450 286 ejusmodi
1479 248 1616 290 opera
1644 238 1708 280 sa-

257 429 460 472 Patalem
479 436 500 462 4
514 437 531 461 y
551 433 712 474 bovem
735 433 925 474 Plautus
945 433 1158 488 appellat,
1180 436 1305 490 cujus
1345 449 1505 480 cornua
1535 439 1707 482 diversa

313 504 429 550 sunt,
452 513 505 542 ac
522 500 610 542 late
630 505 825 555 pateant.

254 564 456 618 Peteliae,
487 581 597 610 vasa
627 570 776 623 picata
811 581 948 623 parva
989 571 1225 613 sacrificiis
1258 572 1472 615 faciendis
1523 574 1704 629 [PAUL.

311 639 431 687 apta.

252 697 461 752 Ραεεῖίιε,Ζ
480 704 639 744 vascula
667 717 805 758 parva
834 704 975 758 picata
1005 705 1111 748 item
1142 708 1282 749 sacris
1312 706 1508 750 faciendis
1536 708 1703 762 [FEST.

307 776 440 822 apta:
470 785 556 826 qnae
576 778 693 812 erant
710 772 829 813 velut
850 772 1055 826 capidula
1077 774 1275 830 quaedam.

250 835 457 878 Pateram
479 839 739 892 perplovere
768 840 812 880 in
841 841 980 882 sacris
1002 854 1099 883 cum
1121 842 1294 894 dicitur,
1315 843 1478 897 signifi·
1522 844 1698 897 [PAUL.

306 908 377 944 cat
397 910 619 958 pertusam
642 921 758 950 esse.

249 969 454 1014 Pateram
475 975 759 1028 perplovere⁵
781 982 797 998 ⁵
832 989 931 1018 cum
962 976 1168 1030 dicerent,
1197 979 1504 1033 significabant
1533 979 1698 1034 [FEST.

302 1047 524 1093 pertusam
548 1056 660 1084 esse.

847 1142 883 1154 Ν
889 1142 1045 1156 ΙΟΙΝΟΝ
1052 1143 1086 1154 OC

284 1217 304 1245 4
329 1215 406 1246 Vet.
432 1215 490 1247 lib.
516 1217 740 1250 Paralum—5
765 1218 828 1250 Vir
841 1219 933 1252 doct.
951 1221 984 1251 in
1001 1230 1104 1262 marg.
1121 1220 1175 1252 ed.
1192 1221 1283 1253 Scal.
1298 1221 1439 1262 conjicit
1458 1222 1631 1262 perpluere.

881 1318 1022 1350 NOTAE

242 1389 396 1428 βούμενοι,
413 1387 470 1419 ubi
486 1390 684 1423 Theodorus
697 1392 820 1433 legisse
845 1393 936 1425 vide-

237 1443 294 1470 tur
308 1438 487 1472 πάσσαλον.
515 1442 596 1473 Dae.

278 1495 292 1516 5
322 1491 480 1533 Fatalem]
513 1493 624 1525 Locus
662 1495 776 1527 Plauti
813 1501 865 1528 est
902 1497 935 1528 in

232 1541 468 1573 Truculento:
503 1553 603 1585 quam
635 1545 843 1578 Comoediam
874 1557 935 1579 nos

232 1592 362 1631 majore
385 1603 427 1623 ex
445 1599 542 1633 parte
559 1605 578 1625 a
604 1596 733 1627 mendis
752 1597 935 1628 vindicavi-

230 1651 326 1674 mus:
351 1648 359 1661 ‘
374 1643 422 1675 Ut
438 1654 501 1685 ego
515 1655 567 1676 me
584 1647 651 1677 ruri
669 1647 841 1678 hamaxari
864 1658 934 1680 ma-

230 1693 330 1723 velim
349 1695 495 1733 patalem
512 1695 646 1735 bovem,
664 1697 815 1738 Cumque
829 1708 868 1729 eo
885 1699 933 1730 ita

226 1747 365 1774 noctem
384 1744 417 1774 in
430 1746 624 1777 stramentis
641 1754 841 1786 pernoctare
857 1758 934 1789 per-

227 1798 358 1832 petem,
385 1795 494 1827 Quam
524 1801 595 1827 tuas
621 1802 758 1828 centum
785 1802 932 1830 caenatas

229 1849 347 1875 noctes
364 1846 444 1876 mihi
460 1845 549 1877 dono
565 1846 662 1878 dari!
694 1849 763 1879 Jos.
778 1849 860 1880 Scal.

272 1895 418 1928 Patalam
431 1897 549 1938 bovem]
563 1898 677 1929 Verba
689 1898 803 1931 Plaut.
815 1910 833 1931 e
846 1901 930 1931 Tru-

227 1947 294 1976 cul.
312 1955 352 1978 ιι.
366 1949 397 1978 2.
423 1947 432 1963 ‘
447 1948 494 1979 Ut
512 1958 575 1988 ego
598 1959 651 1980 me
669 1950 738 1980 ruri
754 1950 926 1982 hamaxari

224 1997 382 2027 mavelim
412 1998 558 2037 patalem
589 1998 737 2030 bovem.'
782 2000 837 2032 Ab
869 2011 924 2032 ea-

223 2045 299 2077 dem
316 2051 430 2078 mente
446 2047 564 2080 Graeci
581 2051 727 2080 πεταλεῖς
743 2050 813 2081 sive
830 2051 923 2082 πετά-

222 2101 296 2128 λους
328 2103 449 2129 vocant
480 2099 611 2139 patales
639 2100 755 2133 boves.
799 2101 925 2134 Athen.

220 2147 280 2178 lib.
301 2157 350 2179 1x.
383 2148 538 2185 Πετηνοὺς
562 2155 660 2182 vocat
686 2151 837 2192 Hesych.
863 2153 922 2183 sed

219 2202 306 2230 vett.
336 2198 454 2231 Plauti
477 2200 580 2232 codd.
606 2205 644 2232 ut
665 2207 700 2232 et
725 2202 830 2242 Festi,
856 2213 922 2234 non

216 2251 351 2288 patalem
367 2250 506 2290 liabent,
517 2251 575 2282 sed
587 2253 747 2292 patulum.-
772 2263 846 2294 quae
864 2263 919 2284 ve-

219 2309 255 2331 ra
273 2301 374 2332 lectio
398 2301 503 2333 videri
517 2302 636 2343 possit,
651 2303 721 2333 sive
738 2303 849 2343 potius
863 2314 919 2345 pa-

218 2352 325 2390 talem,
342 2357 378 2383 ut
393 2353 520 2392 patulus
536 2357 571 2384 et
595 2352 713 2393 patulis
730 2354 919 2393 promiscue

218 2400 347 2433 dictum
373 2403 427 2434 sit.
474 2403 551 2434 Non
573 2402 728 2444 pugnabo
750 2409 876 2442 tamen,
892 2406 918 2436 si

218 2452 292 2490 quis
318 2454 452 2492 patalem
472 2454 632 2484 retineat.
680 2454 805 2485 Patalis
828 2455 917 2486 enim

217 2505 311 2532 recte
329 2502 396 2533 dici
413 2503 523 2542 potuit
540 2513 559 2534 a
580 2507 703 2543 palare,
720 2504 808 2536 unde
825 2514 914 2536 com-

215 2551 363 2591 positum
378 2556 537 2593 exputare.
562 2554 649 2585 Dae.

257 2606 270 2621 ²
298 2602 444 2642 Patelloe]
469 2603 479 2620 ‘
497 2604 601 2634 Velut
634 2603 825 2645 capidulae‚'
863 2605 912 2636 in-

214 2651 288 2692 quit
305 2652 438 2684 Festus.
482 2653 570 2683 Vide
595 2653 742 2694 ‘Capis.’
790 2655 910 2686 Cicero

214 2700 334 2743 parad.
359 2704 389 2733 1.
411 2701 525 2734 ‘Quid
554 2702 666 2734 Numa
697 2704 909 2745 Pompilius?

991 1394 1141 1425 minusne
1155 1399 1271 1436 gratas
1287 1394 1363 1426 Diis
1376 1394 1619 1426 immortalibus
1636 1404 1692 1426 ca-

992 1444 1102 1485 pides,
1120 1455 1160 1477 ac
1181 1445 1303 1477 fictiles
1325 1454 1424 1476 urnas
1448 1444 1565 1484 fuisse,
1590 1455 1691 1486 quam

989 1494 1142 1527 felicatas
1180 1496 1321 1527 aliorum
1369 1499 1506 1536 pateras
1546 1495 1690 1527 arbitra-

990 1545 1100 1577 mur?’
1122 1552 1156 1577 et
1170 1547 1230 1578 lib.
1248 1556 1304 1577 ιιι.
1318 1545 1361 1577 de
1379 1546 1462 1577 Nat.
1479 1546 1586 1577 Deor.
1605 1546 1614 1563 ‘
1627 1546 1691 1577 Ca-

990 1596 1180 1637 piduncnlis
1198 1597 1258 1636 his,
1272 1606 1354 1638 quas
1371 1597 1484 1628 Numa
1499 1596 1596 1627 nobis
1614 1597 1691 1627 reli·

989 1645 1087 1686 quit.’
1129 1647 1238 1677 Varro
1252 1646 1312 1677 lib.
1328 1655 1379 1677 lv.
1392 1650 1427 1677 et
1443 1654 1522 1676 vni.
1536 1645 1578 1676 de
1593 1646 1690 1687 Ling.

989 1697 1065 1729 Lat.
1089 1700 1167 1729 Ant.
1184 1697 1271 1737 Aug.

1031 1748 1180 1788 Patelloe]
1204 1748 1372 1779 Diminut.
1391 1757 1410 1779 a
1422 1748 1543 1788 patina,
1559 1746 1648 1788 quod
1668 1757 1687 1778 a

988 1798 1112 1829 Graeco
1127 1797 1263 1838 πατάνη,
1278 1809 1297 1830 α
1313 1802 1443 1839 mutato
1460 1798 1491 1829 iu
1508 1798 1530 1829 i.
1576 1799 1687 1829 Sacri-

986 1847 1071 1879 ficiis
1095 1854 1192 1889 aptas
1216 1849 1326 1880 innuit
1339 1849 1448 1880 Varro
1463 1848 1580 1880 Manio
1597 1849 1686 1889 apud

987 1898 1160 1930 Nonium:
1186 1901 1195 1917 ‘
1209 1900 1377 1932 Quocirca
1399 1904 1536 1940 oportet
1561 1899 1684 1929 bonum

982 1949 1091 1979 civem
1108 1949 1237 1990 legibus
1254 1959 1390 1990 parere,
1406 1954 1442 1980 et
1456 1949 1544 1980 Deos
1557 1949 1685 1988 colere,

979 1999 1012 2030 in
1026 2000 1184 2040 patellam
1200 2001 1281 2032 dare
1290 1999 1397 2041 μικρὸν
1408 1999 1520 2040 κρέας.’
1540 2000 1627 2031 Nam
1641 2000 1682 2030 (le

979 2050 1062 2081 cibis
1080 2052 1183 2082 etiam
1201 2052 1232 2082 in
1257 2053 1385 2093 patella
1401 2053 1432 2082 in
1448 2051 1562 2083 focum
1586 2050 1681 2081 Lari-

979 2098 1042 2130 bus
1063 2099 1277 2140 deferebant,
1294 2102 1401 2142 quiet
1423 2100 1501 2131 inde
1522 2101 1681 2140 patellarii

977 2149 1072 2181 dicti.
1119 2151 1159 2181 In
1186 2151 1320 2191 patellis
1336 2152 1439 2182 etiam
1464 2151 1534 2181 sive
1551 2151 1679 2191 pateris

978 2201 1054 2231 Deo
1081 2201 1193 2232 vinum
1217 2201 1383 2233 libabant.
1420 2202 1528 2232 Varro
1553 2201 1608 2232 lib.
1626 2210 1678 2232 iv.

975 2252 984 2268 ‘
1000 2251 1143 2282 Patinas
1160 2262 1179 2283 a
1195 2253 1312 2292 patulo
1330 2253 1502 2293 dixerunt,
1518 2257 1555 2283 ut
1573 2253 1677 2293 pusil-

975 2300 1039 2341 lus,
1063 2302 1153 2343 quod
1188 2302 1238 2332 his
1263 2303 1412 2334 libarent
1435 2303 1541 2334 coenis
1568 2303 1677 2343 patel-

975 2351 1047 2383 las!
1092 2352 1147 2383 Ita
1163 2352 1253 2384 enim
1270 2352 1531 2394 distinguendus
1552 2353 1604 2383 hic
1627 2353 1674 2384 lo-

973 2411 1045 2432 cus.
1067 2400 1119 2434 D‘e
1136 2402 1288 2444 capidulis
1302 2403 1375 2435 vide
1389 2404 1422 2435 in
1437 2412 1519 2435 voce
1532 2404 1541 2419 ‘
1557 2402 1677 2444 capis.'

974 2453 1054 2485 Dae.

1014 2508 1028 2523 ὃ
1053 2504 1201 2535 Poteram
1220 2505 1413 2546 perplovere]
1450 2505 1522 2537 Diis
1556 2505 1670 2535 vinum

969 2552 1180 2586 offerebatur
1205 2555 1237 2586 in
1265 2556 1405 2596 pateris,
1432 2556 1521 2586 unde
1546 2556 1672 2586 usitata

967 2604 999 2634 in
1028 2605 1200 2636 sacrificiis
1226 2605 1382 2646 formula,
1422 2611 1430 2624 ‘
1448 2611 1566 2645 patera
1593 2614 1670 2645 per-

965 2656 1097 2696 plovit,'
1118 2657 1151 2688 id
1177 2662 1241 2698 est,
1264 2658 1326 2689 bac
1354 2661 1390 2689 et
1418 2657 1494 2688 illac
1516 2655 1668 2697 perfluit.

965 2706 1062 2737 Idem.
