1835 2906
362 133 424 163 DE
458 127 731 161 VERBORUM
766 122 1175 157 SIGNlFlCATIONE
1214 122 1311 152 LIB.
1347 121 1466 151 XlIi·

1560 110 1645 152 519

243 234 386 271 torum
421 227 564 276 refert,
599 228 793 265 montem
827 219 1139 272 confragosum
1177 218 1410 268 vocabant,
1441 219 1488 258 ut
1524 215 1646 270 apud

245 298 447 338 Livium:
480 293 567 335 Sed
601 292 675 346 qui
709 294 811 332 sunt
845 289 904 339 hi,
937 288 1013 341 qui
1048 286 1293 327 ascendunt
1315 285 1452 326 altum
1476 284 1645 325 ocrim‘?

246 365 330 406 Et:

249 431 454 484 Namque
475 428 657 469 Taenari
679 426 824 467 celsos
845 423 975 465 ocris.

831 491 962 533 Unde
984 490 1174 530 sortasse
1196 488 1327 529 etiam
1351 491 1527 527 ocreaem

248 567 380 608 dictae
401 564 676 619 inaequaliter
698 562 927 602 tuberatae.

191 635 348 677 Ocrem
386 638 574 674 montem
614 630 924 682 confragosum
963 605 1173 667 dicebant
1208 623 1403 677 antiqui·

244 501 287 540 in
321 498 450 539 Pelio
482 496 632 536 docuit
664 494 770 535 ocri.

364 362 612 414 Celsosque
642 359 776 408 ocris,
812 367 1009 408 arvaque
1039 353 1200 407 patria,
1227 357 1270 393 et
1291 365 1407 393 mare
1427 363 1650 405 magnum.

1026 421 1107 463 Et:
1129 420 1268 461 Haud
1289 424 1337 460 ut
1358 432 1492 473 quem
1515 418 1648 459 Chiro

1466 622 1648 675 [PAUL.

245 702 346 743 hinc
367 712 510 741 ocreae
535 698 665 739 dictae
683 695 960 750 inaequaliter
982 695 1211 734 tuberatae.

192 770 396 811 Octaviae
418 767 615 821 porticus
638 765 770 805 duaen
803 762 1103 817 appellantur,
1134 771 1320 813 quarum
1348 757 1456 798 alte·
1490 757 1653 810 [FEST.

248 849 343 877 ram
374 835 547 876 theatro
583 831 786 874 Marcelli
824 830 1077 884 propiorem
1105 825 1298 868 Octavia
1319 837 1441 865 soror
1462 824 1655 877 Augusti

248 904 367 952 secit,
398 904 585 944 alteram
607 901 774 942 theatro
804 897 1009 951 Pompeii
1042 896 1290 950 proximam
1313 893 1414 934 CN.
1439 892 1656 933 Octavius

254 971 355 1014 CN.
388 972 521 1021 filius,
549 970 624 1024 qui
646 969 729 1010 fuit
750 967 914 1008 AEdilis
937 965 1128 1013 Cur-ulis,
1149 963 1335 1011 Praetor,
1358 960 1545 1008 Consul,
1570 959 1657 1001 De-

251 1042 414 1082 cemvir
429 1045 463 1070 ¹4
492 1039 631 1081 sacris
656 1036 889 1085 faciendis,
922 1031 1296 1087 triumphavitque
1319 1030 1372 1071 de
1395 1042 1496 1081 rege
1518 1027 1656 1068 Perse

251 1110 398 1150 navali
434 1107 678 1161 triumpho:
711 1118 843 1160 quam
877 1103 1152 1145 combustam
1180 1098 1465 1141 reficiendam
1487 1095 1657 1137 curavit

253 1176 410 1218 Caesar
431 1177 677 1228 Augustus.

198 1245 421 1289 October⁰
450 1255 590 1297 equus
626 1240 890 1295 appellatur,
922 1238 1000 1292 qui
1035 1238 1078 1278 in
1115 1247 1276 1289 campo
1315 1231 1477 1274 Martio
1508 1243 1658 1271 mense

808 1367 945 1381 eeeeeee

245 1457 284 1485 14
308 1453 389 1485 Vet.
419 1451 496 1484 cod.
524 1449 751 1482 Decemvirum.

949 1366 1047 1379 eeeee

863 1545 1005 1577 NOTAE

201 1627 344 1660 Homer.
360 1626 392 1657 in
411 1625 536 1666 Odyss.
552 1624 767 1657 E.“Emo‹10÷v
775 1621 831 1660 μὲν
842 1619 904 1662 ’γὰρ

201 1677 297 1717 πάγοι
327 1676 420 1718 ὀξέες,
459 1675 537 1716 ἀμφὶ
565 1674 598 1706 δὲ
637 1675 717 1713 κῦμα.
746 1672 905 1712 Βέβρυχεν

203 1729 314 1769 ῥόθιον,
332 1728 430 1765 λίσση
442 1727 468 1759 δ’
479 1727 662 1767 ἀναδέδρομε
675 1725 786 1767 πέτρη.
814 1726 822 1742 ‘
836 1725 903 1755 Ex-

201 1786 255 1811 tra
271 1780 361 1811 enim
384 1789 464 1810 saxa
489 1783 602 1818 acuta⁷
620 1777 770 1817 undique
787 1780 900 1806 autern

200 1830 323 1864 fluctus
350 1829 502 1861 Fremuit
527 1837 677 1867 sonorus,
704 1826 788 1857 levis
819 1835 902 1856 vero

202 1882 329 1912 eminet
345 1880 464 1921 petra?
487 1879 568 1910 Duc.

245 1936 267 1951 ¹¹¹
295 1932 382 1962 Unde
397 1931 537 1968 fortasse
557 1927 669 1967 ocreoe]
693 1926 721 1958 A
740 1935 839 1957 crure
857 1930 904 1957 ta-

203 1992 280 2015 men
297 1982 408 2012 Varro
425 1981 483 2011 lib.
501 1990 551 2012 lv.
576 1981 585 1996 ‘
600 1979 711 2010 Ocrea
738 1977 827 2018 quod
845 1986 903 2016 op-

204 2032 398 2074 ponebatur
432 2031 476 2062 ob
518 2028 617 2061 crus.'
686 2027 752 2058 Sed
793 2027 904 2058 verius

203 2084 297 2116 Festi
324 2088 472 2124 etymon.
518 2080 572 2112 Ab
594 2078 665 2111 ocri
691 2078 793 2109 dictae
825 2082 906 2108 sunt

205 2135 317 2166 Italiae
333 2134 504 2171 civitates,
519 2131 712 2168 Ocriculum,
731 2134 767 2160 et
784 2129 906 2160 Intero-

205 2195 286 2217 crea.
333 2185 381 2215 Ut
405 2182 539 2215 Graecis
576 2179 715 2222 τρέχων,
742 2178 908 2219 τραχίνιοι,

212 2247 231 2267 a
246 2234 375 2276 τραχὺς,
392 2235 595 2275 ρρῐῐίοοειιε,
612 2241 722 2272 asper.
745 2231 843 2262 Idem.

251 2291 266 2306 ¹¹
292 2285 434 2317 Octavioe
448 2284 587 2324 porticus
600 2282 686 2322 duae]
702 2281 825 2312 Altera
841 2280 907 2312 Oc-

209 2337 311 2368 taviae
329 2335 453 2366 sororis
471 2333 628 2373 Augusti,
645 2333 686 2362 de
711 2342 778 2372 qua
807 2332 910 2363 Ovid.

209 2387 252 2418 de
270 2387 378 2418 Arte:
413 2390 420 2403 ⁴
436 2384 506 2415 Aut
531 2384 587 2415 ubi
613 2383 808 2414 muneribus
838 2383 911 2414 nati

211 2448 270 2469 sua
287 2446 429 2468 munera
452 2439 562 2465 mater
587 2433 743 2471 Addidit,
769 2438 914 2465 externo

213 2496 382 2520 marmore
411 2486 506 2516 dives
537 2483 644 2524 opus!
689 2484 913 2514 ‘Muneribus

211 2537 308 2578 nati,'
340 2537 371 2568 id
402 2541 464 2577 est,
491 2535 625 2566 theatro
661 2534 831 2573 Marcelli,
862 2535 914 2565 cui

211 2588 278 2619 fuit
295 2587 450 2618 Octaviae
469 2585 619 2626 porticus
636 2585 806 2624 contigua,
824 2585 915 2616 uude

215 2649 288 2670 eam
326 2637 513 2679 ‘porticum
556 2634 723 2666 Marcelli’
765 2636 916 2667 nominat

215 2690 348 2721 Festus.
393 2687 549 2727 Vestigia
567 2686 637 2726 ejus
655 2685 742 2716 inter
760 2685 794 2717 S.
814 2685 916 2718 Nico-

958 1621 1046 1651 laum
1065 1612 1097 1649 in
1114 1625 1251 1649 carcere
1275 1618 1310 1645 et
1327 1613 1361 1645 S.
1377 1611 1524 1644 Mariam
1540 1611 1572 1642 in
1591 1620 1666 1652 por-

958 1670 1042 1709 ticu,
1060 1669 1117 1700 ubi
1132 1669 1226 1699 locus
1255 1675 1296 1696 ex
1316 1664 1422 1696 ruinis
1448 1662 1665 1694 eminentior.

959 1721 1082 1751 Altera
1110 1723 1224 1750 autem
1249 1717 1312 1747 Cn.
1345 1713 1499 1749 Octavii,
1533 1711 1665 1743 duobus

960 1769 1150 1801 nominibus
1167 1768 1243 1799 aliis
1257 1765 1441 1806 appellata,
1452 1767 1668 1801 astructum,

960 1820 1138 1859 Corinthia,
1151 1829 1171 1850 a
1187 1819 1334 1859 pictura,
1352 1814 1473 1846 Persei.
1499 1814 1588 1844 Nam
1605 1813 1668 1843 Cn.

966 1873 1134 1903 Octavius
1152 1869 1194 1900 de
1221 1868 1329 1899 Perse
1347 1864 1563 1896 Macedoniae
1587 1871 1669 1902 rege

961 1924 1169 1964 triumphurn
1199 1929 1316 1961 agens,
1335 1928 1377 1949 ex
1402 1916 1569 1947 manubiis
1594 1924 1668 1945 eam

961 1975 1135 2007 condidit:
1160 1977 1195 2003 et
1211 1981 1264 2002 res
1281 1979 1359 2001 suas
1378 1973 1490 2008 gestas
1505 1967 1536 1997 in
1555 1976 1596 1997 ea
1612 1966 1670 1997 de-

960 2025 1153 2066 pingendas
1171 2022 1317 2058 curavit,
1334 2019 1423 2050 unde
1441 2018 1564 2048 merito
1579 2027 1670 2047 amoe-

961 2077 1091 2108 nissima
1114 2085 1133 2106 a
1151 2072 1283 2105 Velleio
1309 2070 1468 2107 habetur,
1490 2068 1547 2108 qui
1575 2067 1671 2097 addit

964 2138 1037 2159 eam
1064 2127 1096 2157 in
1125 2125 1228 2156 Circo
1244 2122 1367 2153 fuisse:
1393 2120 1528 2150 Circum
1546 2117 1670 2148 Flami-

964 2179 1057 2210 nium
1074 2175 1228 2215 intellige
1246 2182 1288 2204 ex
1313 2169 1439 2209 Plinio,
1466 2172 1503 2199 et
1527 2178 1568 2198 ex
1593 2168 1672 2199 Vic-

965 2236 1040 2262 tore
1067 2231 1099 2261 in
1129 2228 1269 2267 regione
1284 2227 1316 2255 9.
1370 2223 1501 2253 Extant
1529 2219 1674 2260 vestigia

964 2283 1054 2313 intra
1071 2280 1177 2312 aedem
1192 2278 1224 2308 S.
1242 2273 1378 2307 Nicolai
1395 2272 1437 2302 de
1454 2270 1622 2308 Calcaria,
1638 2275 1673 2301 et

966 2334 1085 2366 turrim
1111 2328 1355 2371 Argentinam:
1381 2324 1546 2355 columnae
1573 2323 1672 2353 semi-

966 2385 1097 2417 obrutae
1137 2391 1212 2413 cum
1258 2375 1427 2417 capitellis
1477 2373 1674 2406 Corinthiis.

970 2434 1113 2474 Duplex
1139 2431 1378 2462 Columnarum
1404 2423 1486 2454 ordo
1508 2422 1571 2454 fuit
1595 2433 1673 2454 auc-

970 2486 1100 2518 toribus
1126 2488 1161 2515 et
1190 2480 1302 2513 Plinio
1320 2483 1354 2508 et
1377 2477 1541 2508 Victore:
1567 2487 1672 2517 quare

970 2538 1100 2577 Duplem
1112 2535 1215 2566 etiam
1228 2532 1332 2562 dicta.
1357 2529 1441 2560 Cum
1455 2532 1545 2558 esset
1561 2528 1673 2559 incen-

972 2588 1026 2619 dio
1043 2587 1244 2621 deformata,
1267 2582 1300 2612 in
1329 2579 1502 2611 meliorem
1529 2577 1672 2610 formam

971 2638 1012 2669 ab
1028 2638 1182 2676 Augusto
1200 2633 1341 2664 reducta
1359 2634 1420 2661 est.
1447 2630 1545 2659 Idem.

1014 2693 1027 2708 ⁰
1054 2686 1203 2726 October]
1227 2681 1389 2723 Suspicor
1406 2678 1587 2720 legendum
1606 2678 1674 2709 Mc·

1563 487 1652 526 sint
1697 485 1701 487 ’
