1835 2906
378 151 435 180 DF.
470 149 737 180 VERssoRUM
773 147 1177 178 SlGNlb·icA'l‘10NE
1213 148 1303 176 ΜΒ.
1340 149 1411 177 111.

1527 139 1543 177 1
1554 138 1610 176 49

231 259 331 287 cum
362 250 512 286 essent
553 244 710 285 Romae
738 241 912 294 triginta
947 244 988 281 et
1019 241 1209 293 quinque
1243 242 1392 289 tribus,
1434 254 1533 293 quae
1572 246 1614 282 et

230 313 366 354 curiae
387 312 516 353 dictae
537 309 671 362 sunt,*¹
693 309 801 350 terni
821 321 877 348 ex
907 308 1090 360 singulis
1124 307 1321 348 tribubus
1345 313 1448 348 sunt
1482 307 1614 347 electi

232 379 288 420 ad
303 379 608 432 judicandum,
631 378 706 432 qui
742 375 999 417 centumviri
1035 375 1255 427 appellati
1289 378 1409 425 sunt3
1441 377 1486 414 et
1511 374 1615 414 licet

231 448 420 499 quinque
441 447 646 500 amplius,
668 458 798 500 quam
822 448 996 484 centum
1026 442 1202 490 suerint,
1234 449 1379 482 tamen
1400 454 1488 494 quo
1509 441 1615 482 faci-

230 513 315 553 lius
331 514 668 562 nominarentur,
690 510 950 552 centumviri
973 514 1072 551 sunt
1093 507 1224 550 dieti.⁴1
1267 507 1616 549 Centumviralia

222 579 409 633 judicia,
430 594 530 633 quae
550 579 806 621 centumviri
821 577 1098 631 judicabant.
1282 575 1285 579 ’

175 645 384 688 Centuria
398 644 414 668 ¹³
445 647 490 688 in
510 648 628 701 agris
658 646 878 699 significat
899 646 1087 688 ducenta
1101 646 1280 700 jugera3
1313 644 1355 684 in
1375 656 1420 683 re
1442 642 1616 683 militari

232 719 404 755 centum
419 712 641 756 homines.l

175 781 465 823 Centuriata¹¹¹
503 782 681 822 comitia
702 782 827 829 (item
857 779 1075 834 curiata)³
1108 780 1390 827 dicebantur3
1422 776 1524 829 quia
1540 788 1620 829 po-

230 850 361 901 pulus
383 849 611 890 Romanus
640 862 718 901 per
739 853 948 889 centenas
967 853 1134 888 turmas
1155 847 1323 887 divisus
1342 849 1445 885 erat.

780 972 896 983 cccccc

898 972 1015 983 ecee&

218 1060 235 1087 3
259 1059 268 1075 ‘
282 1058 316 1089 Si
344 1058 496 1098 recipere
515 1060 667 1088 volumus
683 1059 739 1088 illa
753 1058 819 1089 duo
836 1058 952 1095 verba,
968 1058 1043 1088 item
1058 1057 1191 1091 curiata,
1215 1060 1363 1097 oportet,
1381 1058 1417 1086 ut
1433 1055 1621 1086 scribamus

170 1110 227 1139 per
242 1101 396 1132 centurias
410 1105 440 1132 et
454 1102 560 1132 curias
577 1102 697 1132 divisus
711 1104 800 1132 erat.'
822 1101 906 1131 Ant.
921 1101 1009 1141 Aug.
1056 1099 1135 1130 Vid.
1155 1099 1216 1129 inf.

822 1217 966 1250 NOTAE

174 1292 485 1333 circumluvionum,
496 1302 675 1334 nexorum,
689 1293 872 1333 mancipio-

173 1353 259 1383 rum,
279 1343 460 1383 parietum,
482 1344 656 1385 luminum,
682 1344 872 1374 stillicidio-

173 1404 258 1433 rum,
287 1398 567 1425 testamentorum
598 1400 785 1435 ruptorum,
814 1399 873 1425 aut

174 1449 339 1482 ratorum,
361 1449 619 1486 ceterarumque
637 1456 748 1476 rerum
774 1446 870 1475 innu-

173 1495 383 1525 merabilium
396 1495 475 1535 jura
493 1496 693 1527 versantur!
719 1496 801 1527 Dae.

216 1545 230 1565 ¹¹
270 1546 349 1581 Quae
380 1549 411 1576 et
439 1547 535 1577 curioe
560 1546 654 1576 dictoe
677 1547 764 1586 sunt]
803 1545 872 1576 Hic

174 1595 296 1626 Festus
326 1595 441 1625 tribum
473 1601 509 1625 et
535 1596 653 1626 curiam
682 1595 770 1625 idem
799 1604 872 1625 esse

175 1650 341 1676 testatur:
382 1645 471 1686 quod
500 1655 615 1675 verum
642 1650 706 1679 est,
733 1651 767 1675 et
794 1650 873 1677 ante

174 1696 282 1726 Servii
301 1705 438 1735 reguum
452 1695 524 1726 haec
540 1694 605 1724 duo
620 1694 874 1725 confundeban-

176 1750 244 1784 tur,
262 1746 308 1775 ita
325 1750 362 1775 ut
379 1745 435 1785 qui
455 1744 580 1775 tribum
598 1749 729 1774 tantum
749 1745 800 1774 vel
817 1754 875 1774 cu-

177 1797 258 1827 riam
287 1797 491 1836 appellaret,
521 1795 716 1834 designaret
748 1799 875 1825 utram-

176 1857 253 1886 que.
299 1847 451 1876 Pessime
482 1846 587 1885 igitur
614 1845 672 1886 qui
701 1845 744 1875 de
769 1845 873 1876 hoece

177 1897 268 1927 Festi
287 1897 359 1927 loco
376 1896 575 1927 dubitavere
588 1906 628 1926 eo
640 1901 769 1926 tantum
784 1895 874 1936 quod

178 1947 285 1977 tribus
299 1947 410 1978 curias
427 1946 613 1977 vocaverit.
651 1946 701 1976 De
720 1946 877 1977 tribubus

177 2002 209 2028 et
226 1997 328 2027 curiis
345 1997 422 2027 vide
436 2007 495 2027 suo
512 1998 595 2027 loco.
619 1997 717 2028 Idem.

218 2047 225 2067 5
259 2047 454 2078 Centumviri
483 2050 555 2076 sunt
579 2046 674 2087 dicti]
714 2046 782 2086 Sic,
809 2047 873 2077 etsi

176 2098 318 2137 triginta
342 2097 492 2138 quinque
519 2102 634 2127 essent
658 2098 775 2136 curiae,
798 2108 875 2128 usus

177 2148 325 2179 obtinuit
342 2153 379 2178 ut
402 2148 541 2188 triginta
564 2152 695 2180 tautum
719 2148 874 2178 ‹liceren-

178 2202 244 2229 tur.
271 2199 369 2228 Idem.

219 2247 233 2268 ¹<
252 2248 418 2289 centuria]
439 2248 552 2279 Primo
569 2249 874 2290 eentumjugerum

178 2304 252 2329 erat
266 2300 434 2337 centuria,
451 2299 540 2329 unde
557 2304 593 2329 et
607 2308 741 2337 nornen,
756 2304 877 2339 postea

181 2357 260 2377 vero
291 2347 526 2388 ducentorum,
562 2347 743 2387 aliquando
774 2348 876 2378 etiam

180 2399 339 2438 plurium.
385 2398 565 2429 Columell,
594 2397 654 2428 lib.
685 2407 709 2428 1.
737 2408 813 2437 cap.
845 2402 876 2429 5.

179 2449 187 2465 ‘
204 2448 399 2480 Centuriam
413 2447 486 2487 agri
499 2456 587 2477 nunc
599 2447 742 2477 dicimus
753 2447 877 2478 duceu-

179 2502 288 2528 torum
309 2498 467 2537 jugerum
491 2496 640 2536 modum,
664 2497 742 2527 oiim
762 2503 875 2528 autem

180 2549 222 2580 ab
239 2554 374 2579 eentum
394 2547 576 2587 jugeribus
593 2547 779 2577 vocabatur
799 2557 878 2578 cen·

181 2599 281 2629 turia.
327 2597 395 2628 Sed
426 2605 516 2626 nunc
548 2595 725 2635 duplicata
755 2605 877 2626 nomen

182 2647 347 2679 retinuit?
391 2647 488 2678 Idem
504 2646 615 2676 Varro
633 2645 690 2677 lib.
708 2655 743 2676 v.
767 2645 776 2661 ‘
792 2646 878 2676 Cen-

183 2698 273 2729 turia
294 2697 403 2738 prima
418 2700 556 2728 centum
575 2695 756 2736 jugeribus
773 2695 881 2736 dicta,

926 1297 1003 1334 post
1018 1293 1192 1333 duplicata
1206 1291 1345 1322 retinuit
1359 1289 1502 1320 nomen.'
1527 1289 1623 1319 Idem.

972 1342 977 1362 ¹
1014 1343 1053 1373 In
1084 1352 1118 1373 re
1149 1340 1281 1372 militari
1318 1343 1440 1370 centum
1471 1337 1623 1377 homines]

925 1393 1026 1422 Varr.
1043 1391 1101 1422 lib.
1118 1400 1167 1421 1v.
1203 1395 1211 1407 ¹
1227 1389 1391 1421 Centuria
1406 1388 1549 1418 militum
1566 1388 1624 1428 qui

926 1442 988 1472 sub
1024 1451 1090 1472 uno
1124 1440 1326 1471 centurione
1362 1443 1450 1478 sunt,
1483 1448 1624 1479 quorum

927 1492 1139 1524 centenarius
1163 1492 1278 1531 justus
1306 1488 1492 1520 numerus)
1538 1490 1625 1520 Cen-

927 1544 1024 1575 turiae
1043 1543 1145 1573 etiam
1163 1542 1291 1581 aliquot
1307 1540 1439 1570 saecuiis
1453 1544 1624 1579 usurpatae

929 1600 1005 1625 sunt
1024 1603 1083 1633 pro
1099 1601 1303 1632 sexagenum
1318 1591 1460 1620 militum
1475 1598 1624 1628 numero,

928 1644 1017 1686 quod
1036 1643 1231 1674 notandum.
1256 1642 1355 1671 Idem.

970 1699 992 1713 ¹¹¹
1020 1691 1222 1731 Centuriam]
1251 1690 1375 1720 Mirum
1394 1698 1492 1729 quam
1511 1688 1625 1727 placu-

928 1743 994 1773 erit
1019 1743 1097 1772 huic
1122 1741 1231 1771 Paulo
1255 1749 1377 1769 nomen
1401 1738 1527 1769 Curioe:
1561 1737 1625 1767 hoc

927 1793 1016 1823 enim
1033 1791 1186 1822 omnibus
1203 1789 1302 1819 rebus
1318 1788 1484 1818 attribuit.
1528 1787 1626 1825 Vult,

929 1843 1122 1881 Centurias,
1147 1840 1265 1871 Curias
1290 1838 1416 1869 fuisse:
1452 1838 1532 1867 item
1554 1837 1628 1866 Tri-

929 1894 990 1924 bus
1007 1894 1119 1933 ipsas:
1143 1896 1179 1921 ut
1197 1890 1229 1920 in
1247 1898 1329 1919 voce
1346 1886 1628 1925 Centumviralia,

928 1949 961 1974 et
980 1944 1014 1973 in
1031 1952 1112 1973 voce
1130 1940 1245 1972 Curia.
1290 1940 1405 1971 Quare
1422 1938 1578 1977 superius
1595 1937 1626 1966 in

928 2004 1010 2025 voce
1028 1990 1306 2024 Centumviraiia,
1320 1990 1506 2028 impactum
1522 1986 1627 2016 Festo

929 2044 1111 2084 pittacium
1150 2051 1169 2071 a
1197 2040 1306 2071 Paulo
1336 2038 1374 2068 iis
1406 2036 1529 2075 verbis,
1559 2045 1628 2074 quoe

928 2094 1023 2125 czcrz'ae
1060 2094 1152 2123 dictae
1181 2094 1266 2122 sunt.
1332 2088 1421 2118 Item
1460 2087 1526 2124 hic,
1553 2087 1628 2116 ilem

929 2145 1085 2176 curiata.-
1121 2147 1157 2173 et
1191 2142 1223 2172 in
1256 2148 1340 2170 voce
1368 2136 1483 2174 Curia,
1520 2134 1628 2175 quibus

927 2198 1033 2235 postea
1069 2196 1140 2223 sunt
1178 2191 1295 2221 additae
1326 2188 1468 2228 quinque.
1540 2185 1627 2217 Quae

929 2246 1042 2277 omnia
1068 2254 1107 2275 ea
1131 2240 1338 2274 confidentia
1366 2239 1485 2269 tollere
1513 2245 1628 2277 possu-

931 2307 1016 2335 mus,
1042 2304 1106 2336 qua
1127 2293 1239 2334 posita
1262 2289 1412 2320 fuerunt.
1432 2285 1434 2287 ’
1460 2288 1550 2326 Lege
1568 2286 1629 2325 igi-

932 2350 1006 2377 tur:
1056 2342 1241 2374 Centuriam
1278 2338 1402 2370 comitia
1436 2336 1628 2372 dicebantur,

931 2395 1003 2435 quia
1021 2395 1079 2424 Po.
1101 2393 1260 2423 Romanus
1280 2397 1336 2428 per
1361 2386 1527 2417 centurias
1548 2385 1629 2415 divi-

932 2454 984 2474 sus
996 2447 1073 2474 erat.
1095 2441 1168 2473 Jos.
1185 2439 1277 2470 Scal.

977 2492 1165 2524 Centuriam
1196 2487 1337 2526 comitia]
1381 2485 1438 2516 Sic
1469 2483 1630 2514 dicuntur

932 2551 1040 2575 coetus
1071 2541 1206 2582 quidam
1237 2538 1279 2568 ad
1305 2545 1388 2577 quos
1414 2535 1447 2564 in
1473 2542 1630 2572 campum

934 2593 1097 2624 Martium
1135 2588 1361 2621 conveniebat
1400 2590 1472 2615 tota
1506 2583 1630 2614 civium

934 2640 1119 2672 multitudo
1150 2648 1211 2680 per
1236 2636 1409 2669 centurias
1435 2633 1633 2670 distributa,

935 2693 1097 2734 suffragia
1111 2700 1190 2724 vero
1206 2688 1365 2722 ferebant
1381 2684 1505 2727 singuli
1518 2685 1551 2716 in
1564 2683 1630 2715 suls
