1835 2906
371 141 434 172 DE
466 138 737 171 VERBORUM
771 135 1174 168 SIGNIFICA'FIONE
1208 137 1304 169 [ΑΒ.
1336 137 1388 167 11.

1517 126 1601 168 119

162 237 329 278 Bovem
350 235 570 277 bidentem
585 240 599 257 θ
621 247 647 275 a
667 233 856 274 dentium
872 243 1048 272 numero
1064 229 1216 272 dicunt
1236 229 1467 284 appellari.

162 299 438 353 Bovinatur,f
455 302 745 343 conviciatur·

162 372 437 412 BRAGHIUM
454 376 469 399 g
496 382 594 419 n05‚
617 368 764 410 Graeci
785 364 958 422 βραχίων
975 365 1149 406 dicunt:
1182 364 1302 418 quod
1322 365 1556 406 deducitur
1575 378 1603 406 a

217 438 363 493 βραχὺ,
384 438 429 478 id
450 441 529 487 est,
549 438 701 478 breve:
735 448 787 476 eo
808 435 926 489 quod
946 434 1001 475 ab
1020 433 1210 474 humeris
1236 433 1294 473 ad
1321 445 1479 474 manus
1510 434 1603 473 bre-

217 508 343 549 viora
358 506 387 529 ¹8
410 506 510 555 siut,
532 517 664 558 quam
687 517 714 544 a
734 504 862 544 coxis
882 503 1060 556 plantae.

161 576 369 617 Brassica
386 573 401 596 '¹
423 588 450 616 a
470 570 754 627 praesecando
774 575 844 612 est
862 570 997 612 dicta.

163 644 303 684 Breve
323 656 349 683 a
370 642 528 683 Graeco
551 638 791 688 descendit,
813 638 930 692 quod
951 641 1016 679 est
1035 636 1180 692 βραχύ.

163 709 349 752 Bruma.i
371 723 397 751 a
418 710 627 751 brevitate
646 707 808 748 dierum
830 706 965 748 dicta.

162 774 472 819 Brundisiumk
508 775 688 831 quidam
719 774 868 829 poetae
903 773 1133 816 brevitatis
1167 784 1306 814 causa
1333 770 1606 812 Brendam¹9

218 846 435 887 dixerunt.

766 918 1007 932 OO‘ONNJM

205 1012 245 1040 18
269 1009 333 1040 Ed.
360 1009 448 1041 Scal.
471 1008 718 1039 breviores—19
743 1006 811 1039 Alii
828 1008 1002 1039 Brundam.

810 1115 951 1147 NOTAE

161 1194 340 1234 piendum:
364 1203 427 1235 per
443 1193 535 1225 bolos
551 1193 639 1224 enim
666 1191 856 1224 farcieban-

163 1250 229 1277 tur.
251 1247 320 1276 Jos.
334 1245 419 1276 Scal-

206 1296 356 1337 Botulus]
372 1294 541 1327 Lucanica
553 1292 661 1325 carnis
679 1292 785 1323 suillae
800 1291 858 1323 bo-

160 1346 201 1377 lis
217 1345 319 1378 farta.
334 1345 434 1377 Unde
447 1350 482 1376 et
495 1353 630 1383 nomen,
645 1348 682 1374 nt
696 1343 769 1373 vult
780 1342 858 1373 Fes-

161 1399 228 1427 tus.
272 1396 340 1427 Sed
356 1399 523 1437 repugnat
539 1393 721 1436 quantitas.
755 1393 859 1424 Bolus

165 1447 253 1478 enim
269 1447 411 1487 primam
427 1446 596 1487 producit,
614 1445 749 1476 botulus
764 1453 857 1483 vero,

162 1500 197 1527 et
228 1505 289 1537 per
315 1496 570 1528 diminutionem
597 1495 755 1535 botellus,
779 1504 860 1526 ean-

163 1546 239 1578 dem
256 1547 408 1587 corripit.
442 1548 556 1580 Quare
571 1547 699 1588 optime
716 1546 857 1578 Vossius

162 1607 180 1628 a
197 1597 291 1633 βοτὸς
303 1598 410 1630 cibus.
428 1599 491 1629 Vel
507 1596 673 1634 ε’βύθαλον
683 1597 857 1629 farcimen.

162 1647 242 1680 Dae.

204 1705 218 1721 Ε
229 1702 344 1734 Bovem
357 1702 523 1743 bibentem]
534 1701 622 1733 Vide
637 1701 646 1717 ‘
659 1699 858 1732 ambidens!

164 1751 263 1783 Idem.

204 1800 218 1820 f
229 1802 420 1844 Bovinatur]
442 1802 640 1840 Bovinator,
656 1801 857 1842 tergiversa-

162 1856 228 1883 tor.
253 1852 342 1885 Geli.
359 1854 418 1885 lib.
435 1862 486 1885 xr.
502 1863 575 1894 cap.
591 1856 622 1885 7,
646 1853 723 1884 Ant.
739 1853 824 1892 Aug.

205 1903 396 1945 Bovinatur]
429 1903 604 1944 Nusquam
622 1904 773 1944 reperies
793 1904 857 1935 hoc

161 1951 299 1983 verbnm
336 1963 397 1994 pro
437 1953 634 1984 conviciari.
692 1953 855 1984 Bovinari

162 2002 250 2033 enim
276 2008 329 2034 est
348 2004 563 2044 tergiversari
579 2014 587 2035 ε
614 2003 656 2034 de
681 2013 748 2045 quo
774 2004 856 2035 satis

161 2052 251 2083 alibi.
276 2053 487 2085 Glossarium
503 2065 510 2085 :
534 2055 543 2071 ‘
557 2054 790 2093 Boviuatores,
809 2056 858 2085 θο·

160 2104 329 2144 ρυβοποιοὶ,
343 2104 475 2145 θρύλλον
484 2106 653 2141 ποιοῦντες,
663 2105 683 2142 ἢ
692 2104 857 2145 ταραχήν.’

164 2155 295 2187 Glossae
311 2156 435 2188 Isidori
447 2157 586 2189 melius:
606 2157 858 2196 ‘Bovinatores,

162 2206 419 2240 inconstantes.'
442 2210 510 2240 Jos.
527 2209 612 2240 Scal.

219 2258 415 2299 Bovinatur]
453 2259 715 2291 Vocabularium
742 2262 857 2291 vetus:

162 2307 362 2347 Bovinator‚
392 2309 611 2348 convitiator,
651 2309 859 2340 inconstans.

162 2357 335 2397 Bovinari,
349 2359 538 2395 convitiari,
554 2359 727 2399 damnare,
738 2360 860 2390 clama·

163 2417 212 2439 re.
251 2408 480 2439 Glossarium:
505 2409 752 2440 ‘Bovinatores
775 2411 858 2449 θορυ-

161 2457 296 2498 βοποιοὶ,
321 2457 457 2498 θρύλλον
478 2460 643 2495 ποιοῦντες,
658 2460 678 2496 ἢ
695 2459 859 2499 ταραχήν]

161 2508 204 2539 Id
221 2514 284 2549 est,
298 2510 488 2548 turbantes,
501 2519 668 2540 rumorem
683 2509 858 2551 facientes,

163 2559 218 2589 vel
237 2561 428 2593 tumultum.
452 2560 583 2591 Glossae
600 2559 746 2591 Isidori:
771 2565 780 2579 ‘
793 2560 859 2591 Bo-

164 2609 310 2650 vinator‚
326 2610 541 2642 inconstans.'
565 2611 696 2651 Nempe
706 2609 859 2642 bovinari

164 2665 227 2699 est,
245 2661 473 2700 tergiversari.
508 2661 614 2692 Lucil.
638 2662 646 2678 ‘
662 2660 769 2692 Hicce
783 2661 860 2692 stri-

168 2710 261 2750 gosu’
313 2711 555 2754 bovinatorque
600 2722 656 2743 ore
695 2711 862 2753 improbn'

911 1189 1017 1222 duro!
1054 1188 1085 1220 A
1104 1189 1190 1220 bove
1215 1188 1248 1220 in
1277 1187 1403 1219 arando
1430 1186 1608 1228 strigante.

911 1242 1002 1273 Vide
1018 1240 1165 1273 Gellium
1182 1239 1240 1271 lib.
1259 1247 1311 1270 xr.
1326 1248 1404 1279 cap.
1421 1240 1452 1268 7.
1474 1238 1556 1269 Duc.

956 1298 971 1320 Ε
987 1289 1175 1330 Brachium]
1204 1289 1253 1320 Os
1270 1289 1311 1321 ab
1328 1290 1465 1320 humero
1488 1287 1531 1319 ad
1551 1297 1609 1319 cu-

914 1342 1031 1374 bitum.
1056 1341 1188 1373 Graecis
1201 1338 1350 1380 βραχίων,
1364 1349 1382 1370 a
1393 1337 1610 1380 βραχὺ,(]υο(1

914 1393 1017 1425 breve
1033 1393 1077 1424 sit
1093 1392 1207 1423 sicum
1220 1401 1296 1423 osse
1308 1390 1442 1422 femoris
1455 1388 1609 1422 confera-

916 1449 982 1476 tur.
1000 1444 1099 1475 Idem.

952 1493 968 1514 ¹¹
983 1493 1149 1534 Brassica]
1172 1492 1204 1524 A
1213 1502 1281 1534 proe
1297 1496 1332 1524 et
1347 1502 1425 1532 seco,
1441 1503 1461 1533 p
1477 1495 1609 1523 mutato

910 1545 944 1577 in
961 1545 990 1585 h,
1007 1550 1041 1576 et
1057 1556 1072 1576 e
1088 1546 1121 1576 in
1136 1545 1161 1577 ἱ.
1183 1545 1291 1576 Varro
1307 1544 1363 1575 lib.
1379 1553 1428 1575 ιν.
1452 1543 1494 1574 de
1511 1543 1549 1573 L.
1566 1542 1608 1572 L.

913 1597 1102 1636 ‘Brassica‚
1118 1600 1155 1626 ut
1168 1604 1333 1636 praeseca,
1347 1594 1435 1636 quod
1453 1603 1495 1624 ex
1511 1593 1608 1633 hujus

911 1657 1015 1687 scapo
1031 1647 1222 1678 minutatim
1234 1643 1466 1686 praesecatnr.’
1490 1644 1588 1684 Iden.

954 1698 1072 1738 Breve]
1090 1696 1119 1727 A
1135 1695 1391 1737 βραχὺ,ῐυιη3ῐο
1403 1705 1428 1735 χ
1443 1694 1477 1725 in
1491 1704 1520 1735 v,
1536 1699 1575 1725 ut
1589 1702 1610 1724 a

910 1747 1041 1789 μαλάχη
1057 1750 1179 1781 malva.
1203 1749 1301 1780 Idem.

954 1799 963 1820 ἰ
977 1801 1114 1841 Bruma]
1131 1800 1162 1831 A
1178 1800 1350 1831 brevitate
1364 1798 1506 1829 dierum.
1551 1796 1610 1828 Sic

911 1853 1016 1893 igitur
1041 1852 1195 1884 ducenda
1223 1851 1427 1893 etymologia
1453 1848 1611 1880 brevissi·

911 1913 996 1945 mus,
1035 1903 1219 1943 brevimus,
1256 1902 1418 1941 brevima,
1457 1899 1610 1939 breuma,

911 1954 1043 1986 bruma.
1078 1954 1177 1985 Varr.
1192 1953 1248 1984 lib.
1265 1962 1298 1984 v.
1313 1952 1356 1983 de
1375 1952 1413 1982 L.
1428 1951 1468 1982 L.
1491 1950 1500 1967 ‘
1515 1949 1609 1981 dicta

913 2004 1032 2036 bruma
1059 2004 1147 2047 quod
1177 2002 1393 2035 brevissimus
1431 2001 1502 2032 dies
1533 1999 1610 2031 est.'

913 2055 1012 2087 Idem.

950 2105 965 2127 ¹<
979 2105 1202 2146 Brundisium]
1219 2104 1328 2136 Immo
1343 2101 1536 2142 Βρεντήσιον,
1548 2109 1610 2132 seu

914 2156 1103 2197 Βρεντέσιον.
1126 2156 1228 2187 Prius
1247 2153 1361 2194 Βρέντη
1374 2153 1500 2183 dictum
1517 2149 1610 2181 vide-

913 2214 987 2240 tur:
1012 2207 1113 2249 idque
1127 2216 1200 2237 esse
1214 2206 1387 2245 antiquum
1401 2211 1522 2233 nomen
1536 2201 1610 2242 ejus

912 2258 1051 2300 oppidi:
1064 2257 1154 2299 quod
1166 2254 1332 2296 significat
1344 2253 1458 2294 lingua
1471 2252 1610 2284 Creten-

912 2310 996 2341 sium
1010 2309 1168 2340 Cervum.
1186 2306 1257 2336 Jos.
1269 2304 1353 2335 Scal.

955 2357 1177 2397 Brundisium]
1193 2354 1322 2386 Nullibi
1335 2352 1435 2384 hodie
1452 2352 1611 2383 Brendam

913 2410 1003 2451 apud
1027 2408 1146 2450 poetas
1173 2404 1338 2445 reperies.
1383 2403 1451 2434 Sed
1475 2402 1610 2433 omnino

914 2456 1345 2490 rescribendum’Brendum
1357 2453 1409 2484 vel
1423 2453 1610 2489 Bromium,-

919 2508 1135 2541 Brundisium
1149 2506 1238 2536 enim
1251 2505 1378 2536 dictum
1389 2503 1479 2545 quod
1493 2508 1611 2544 portus

913 2559 1036 2590 habeat
1049 2557 1141 2588 cervi
1154 2564 1279 2587 cornua
1295 2554 1497 2593 referentes,
1509 2562 1610 2594 quem

920 2608 1086 2649 Messapii
1115 2607 1241 2647 βρένδον
1264 2610 1298 2637 et
1315 2604 1453 2646 βρέντιον
1476 2609 1612 2635 vocant.

916 2660 1063 2701 Hesycll·
1079 2657 1217 2699 βρένθον,
1240 2656 1368 2696 ἔλαφον.
1413 2655 1503 2686 Vide
1517 2655 1610 2685 Stra—

915 2711 1035 2742 bonem
1049 2709 1107 2741 lib.
1127 2717 1174 2740 vr.
1192 2712 1227 2739 et
1248 2706 1404 2738 Eustath.
1422 2705 1455 2736 in
1472 2704 1608 2736 Homer.
