1835 2906
370 133 432 161 DE
469 129 694 160 VERBORU
704 129 736 158 M

189 227 400 281 NePUS,¹⁵
418 232 433 248 Χ
450 239 537 266 non
559 238 711 279 purus.

187 295 450 349 Nequalia,y
473 294 745 334 detrimenta.

772 127 1179 158 SlGNlFlCATIONE
1215 129 1308 158 LlB.
1343 129 1432 158 XII.

1551 118 1633 158 477

1459 223 1634 274 [PAuL.

187 363 392 416 Nequam
407 367 420 383 ²
456 374 605 402 aurum
637 367 720 410 est,
763 360 879 400 auris
920 357 1041 412 quod
1059 356 1092 382 ¹⁶
1134 356 1434 398 vehementius
1472 357 1607 398 ambit
1626 371 1635 398 :

242 431 325 470 hoc
348 443 477 470 versu
502 429 666 469 Lucilii
699 428 944 481 significare
975 427 1037 468 ait
1066 425 1246 466 Sinnius
1269 424 1427 478 Capito
1448 438 1636 479 nequam

242 510 340 538 esse
380 510 545 541 aurum,
581 496 700 549 quod
740 495 859 536 auris
895 494 1055 546 laedat3
1086 493 1156 535 vel
1185 492 1375 546 pondere
1420 493 1636 533 inaurium

243 579 343 606 cum
364 565 629 605 mollissima
646 576 752 616 pars
774 563 896 603 auris
913 562 1133 611 inciditur,
1154 561 1228 602 vel
1249 573 1307 601 ex
1328 572 1432 600 auro
1453 560 1638 611 intelligi

241 633 492 687 pecuniam,
515 632 642 685 cujus
664 634 873 683 respectu
894 634 935 670 et
955 630 1090 671 nimia
1106 628 1349 682 cupiditate
1363 628 1560 668 homines
1583 627 1638 667 ad

242 699 511 754 peccandum
535 698 709 740 adduci.

188 767 396 821 Nequam
436 779 586 807 aurum
629 771 710 814 est,
751 766 868 806 auris
908 764 1099 818 quodvis
1139 763 1442 805 vehementius
1471 762 1638 812 [FEST.

243 835 392 874 ambit.
439 833 542 874 Hoc
569 846 696 875 versu
719 833 921 874 Lucilius
954 832 1198 885 significare
1221 832 1412 881 videtur,
1433 843 1638 883 nequam,

243 915 342 943 esse
379 914 548 950 aurum,
581 900 697 954 quod
736 913 863 941 aures
902 899 1054 948 laedat,
1086 897 1152 939 vel
1190 899 1385 952 pondere
1423 898 1640 938 inaurium

243 983 343 1011 cum
371 967 603 1008 mollissima
631 982 732 1022 pars
766 968 885 1010 auris
921 967 1142 1016 inciditur,
1164 967 1236 1007 vel
1266 967 1398 1007 etiam
1420 964 1640 1018 cupidita-

245 1045 330 1078 tem
352 1037 554 1090 pecuniae
578 1036 718 1077 voluit
739 1036 1001 1089 significare.

190 1105 437 1158 Nequam,a
466 1104 543 1157 qui
574 1117 628 1144 ne
667 1104 777 1145 tanti
808 1103 983 1156 quidem
1020 1105 1100 1151 est,
1132 1114 1263 1154 quam
1300 1100 1420 1154 quod
1454 1100 1640 1141 habetur

241 1173 423 1213 minimi.

190 1240 432 1293 Nequeunt
449 1245 479 1270 ¹7
500 1252 585 1280 non
608 1243 727 1279 eunt.

189 1307 481 1360 Nequinates,
505 1307 792 1347 Narnienses.

1472 1303 1635 1354 [PAUL

195 1373 443 1429 Nequinates
462 1374 477 1396 ¹³
501 1374 758 1415 Narniensis
781 1372 881 1413 dicti
901 1378 1008 1417 sunt,
1032 1371 1103 1426 qui
1123 1386 1142 1412 e
1165 1369 1354 1427 Nequino
1375 1385 1445 1425 op·
1475 1371 1639 1424 [FEST-

803 1480 919 1492 eeeeee

923 1479 1041 1491 eeeeee

233 1562 270 1590 15
297 1560 396 1600 Legit
416 1560 505 1591 Scal.
531 1561 773 1600 Nepurus.—16
797 1558 862 1590 Ed.
878 1558 969 1590 Scal.
985 1557 1124 1598 quodvis.
1149 1556 1237 1588 Vide
1257 1555 1464 1587 Notas.—17
1484 1555 1564 1585 Vet.
1582 1552 1640 1584 lib.

189 1602 350 1642 Nequiunt
367 1604 419 1634 vel
437 1604 598 1643 Nequam.

844 1674 985 1707 NOTAE

187 1740 356 1771 monidem
406 1741 577 1780 intelligit.

187 1801 264 1821 usus
289 1791 390 1822 etiam
406 1791 576 1822 Theocrit.
590 1790 678 1830 Idyl.
695 1798 790 1821 xvn.
807 1791 887 1821 Dac-

229 1845 245 1861 x
269 1843 393 1883 Nepus]
419 1842 566 1882 Nepurus
596 1851 656 1882 pro
686 1850 748 1871 non
774 1850 885 1881 purus,

187 1897 226 1923 nt
251 1893 260 1909 ‘
276 1891 456 1923 nefunera’
474 1891 563 1933 apud
584 1891 695 1922 Catul.
719 1900 781 1932 pro
794 1892 803 1908 ‘
817 1901 883 1922 non

187 1942 340 1974 funeraz'
364 1942 374 1960 ⁶
392 1943 510 1983 nejure
524 1942 532 1955 ’
549 1942 685 1973 Sallust.
712 1951 772 1981 pro
800 1940 883 1971 ‘non

181 1994 259 2034 jure
271 1993 291 2024 :'
308 1997 316 2010 ‘
330 1997 478 2024 neceunt
489 1992 497 2005 '
513 1991 600 2023 infra
613 2001 672 2032 pro
687 1995 694 2009 ⁸
707 2000 771 2021 non
780 1989 887 2021 eunt!

186 2044 284 2075 Idem.

229 2098 242 2119 δ’
268 2089 439 2134 Nequalz'a]
464 2093 517 2124 An
539 2103 557 2123 a
579 2102 616 2123 ne
641 2096 676 2123 et
700 2091 816 2132 qualia,
832 2091 885 2122 vel

189 2153 208 2174 a
224 2154 262 2174 ue
279 2148 315 2174 et
339 2143 483 2184 aequalia,
499 2147 536 2173 ut
555 2142 737 2182 legendum
761 2142 818 2182 sit,
833 2151 886 2172 ne-

185 2194 299 2232 qualia,
313 2194 439 2223 detrz'ta.
461 2193 572 2224 Idem.

228 2250 241 2264 Ζ
266 2243 422 2283 Nequam]
473 2243 635 2283 Suspicor
673 2241 885 2273 Lucilianum

186 2303 322 2325 versum
338 2293 400 2323 hac
417 2292 654 2323 emendatione
672 2302 793 2332 egere:
821 2293 883 2324 Ne-

188 2354 279 2385 quam
299 2347 355 2382 est,
368 2352 478 2373 aarum
499 2343 586 2373 auris
600 2343 706 2382 quoius
727 2343 884 2373 vehemen-

186 2396 250 2425 tius
264 2393 373 2424 ambit.
399 2392 504 2433 Cujus
518 2401 616 2422 aures
634 2402 750 2423 aurum
766 2392 885 2428 ambit,

187 2453 331 2485 nequam
353 2447 405 2474 est
429 2443 539 2472 homo.
584 2442 677 2472 Male
699 2441 885 2473 audiebant

189 2494 278 2535 apud
310 2494 480 2524 Romanos
512 2492 661 2531 barbari,
693 2492 884 2532 praesertim

187 2545 299 2583 Poeni,
317 2543 371 2585 qui
388 2552 484 2574 aures
498 2541 688 2582 perforatas
701 2541 884 2581 habebant,

188 2604 298 2635 neque
315 2593 531 2624 mediocriter
546 2602 603 2623 eos
627 2592 882 2623 aversabantur.

188 2645 330 2676 Plautus
346 2644 490 2675 Poenulo
505 2654 513 2674 z
536 2644 545 2660 ‘
563 2643 689 2684 Atque,
699 2648 736 2674 ut
752 2643 884 2683 opinor,

189 2695 314 2736 digitos
338 2696 371 2726 in
387 2695 539 2727 manibus
562 2704 629 2726 non
655 2694 791 2726 liabent.
816 2693 884 2725 Ac..

636 1740 726 1771 Voce
764 1739 888 1771 νέποδες
942 1738 1034 1772 Quid
1053 1738 1151 1779 jam?
1190 1738 1256 1768 Μι.
1281 1736 1371 1769 Quia
1388 1735 1550 1766 incedunt
1563 1745 1638 1766 cum

942 1789 1085 1820 anulatis
1097 1786 1254 1818 auribus.’
1278 1786 1485 1825 Undejocus
1503 1785 1641 1817 Cicero-

940 1840 990 1871 nis
1008 1840 1040 1870 in
1055 1838 1195 1870 Afrum:
1220 1842 1229 1855 ‘
1247 1836 1351 1877 Atqui
1367 1846 1479 1866 aurem
1494 1835 1639 1866 foratam

937 1889 1064 1921 habes.'
1096 1888 1207 1919 Aliter
1222 1897 1288 1918 non
1304 1886 1403 1917 video
1419 1895 1493 1926 quae
1509 1885 1642 1925 argutia

938 1941 993 1977 sit,
1011 1940 1038 1970 si
1055 1939 1161 1971 Sinnii
1176 1937 1353 1978 Capitonis
1366 1936 1569 1967 sententiam
1588 1946 1640 1966 se-

937 1999 1091 2031 quamur.
1116 1989 1186 2019 Jos.
1203 1988 1288 2018 Scal.

981 2044 995 2060 ὃ
1019 2038 1175 2079 Nequam]
1189 2038 1241 2067 Ex
1253 2047 1291 2067 ne
1302 2040 1337 2067 et
1349 2035 1525 2075 quidquam.
1537 2035 1638 2065 Varr.

937 2091 995 2122 lib.
1011 2098 1065 2120 ix.
1082 2089 1124 2120 de
1144 2089 1183 2119 L.
1198 2088 1238 2118 L.
1263 2091 1272 2103 ‘
1288 2091 1323 2116 ut
1341 2095 1383 2116 ex
1408 2095 1473 2115 non
1499 2089 1534 2115 et
1553 2086 1639 2123 volo,

938 2141 1035 2171 nolo:
1060 2139 1108 2169 sic
1121 2148 1163 2169 ex
1176 2147 1216 2167 ne
1231 2142 1266 2167 et
1277 2135 1461 2177 quidquam
1475 2135 1555 2165 item
1570 2144 1639 2164 me-

939 2191 997 2221 dia
1020 2189 1145 2220 extrita
1170 2187 1310 2228 syllaba,
1325 2192 1481 2217 coactum
1504 2189 1557 2216 est
1580 2195 1639 2216 ne-

938 2241 1062 2282 quam,’
1083 2241 1144 2269 &c.
1163 2238 1245 2269 Dae.

980 2292 994 2312 ¹³
1020 2291 1228 2332 Nequinates]
1254 2289 1313 2319 Ait
1330 2287 1521 2327 Nequinates
1545 2287 1640 2327 prius

941 2350 1090 2380 vocatOS,
1113 2340 1170 2382 qui
1198 2344 1317 2380 postea
1345 2337 1536 2368 Narnienses
1556 2336 1639 2367 dicti

939 2397 1029 2427 sunt,
1046 2391 1194 2431 expulsis
1211 2389 1335 2420 colonis
1350 2387 1535 2419 veteribus.
1570 2387 1639 2417 Pli-

939 2444 1030 2473 nius:
1065 2442 1074 2459 ‘
1093 2441 1316 2472 Narnienses:
1356 2439 1445 2479 quod
1474 2437 1638 2478 oppidum

939 2497 1040 2523 antea
1067 2490 1260 2530 Nequinum
1287 2495 1444 2520 vocatum
1473 2486 1548 2518 est.’
1569 2487 1640 2517 Jos.

939 2542 1025 2572 Scal.

982 2591 1188 2632 Nequinates]
1218 2588 1369 2629 Nequiui,
1397 2587 1484 2628 quod
1516 2591 1637 2627 postea

940 2642 1078 2680 Narnia,
1091 2639 1244 2671 meminit
1263 2640 1355 2670 Plin.
1379 2642 1387 2655 ¹
1405 2638 1614 2669 Narnienses
1631 2648 1638 2667 :

939 2691 1102 2733 oppidum
1130 2695 1232 2721 antea
1258 2688 1451 2730 Nequinum
1480 2691 1635 2718 vocatum
