1835 2906
216 89 300 129 464

654 95 801 127 SEXTt
839 94 1041 125 POMPEll
1076 94 1210 124 FES'rt

274 192 563 247 prudentiam,
597 191 876 244 interrogavit
903 203 1019 239 eum,
1052 202 1110 230 an
1140 189 1233 229 fieri
1268 193 1422 242 posset
1461 188 1505 228 id
1537 188 1657 240 quod

278 262 423 301 animo
454 261 766 312 proposuisset
796 271 904 308 sno;
936 256 1008 297 cui
1037 256 1128 306 ille,
1157 256 1430 309 permittente
1463 256 1658 308 augurio,

276 340 372 368 cum
394 326 694 379 respondisset
715 325 829 366 effici
850 336 1011 378 posse3
1036 322 1174 376 jussit
1203 335 1281 363 rex
1312 327 1470 371 cotem,
1503 334 1556 362 ac
1586 335 1660 361 no-

275 394 480 435 vaculam
501 391 697 448 prcfferrz',
720 407 800 447 qua
827 389 995 445 prolata
1028 390 1302 444 interrogatus
1331 402 1464 443 augur
1492 401 1547 428 an
1584 400 1660 428 cos

275 460 352 501 illa
367 467 498 514 posset
516 459 694 514 praecidi,
716 457 1053 513 respondissetque
1081 470 1215 510 posse:
1238 456 1488 497 novaculam
1513 456 1661 496 subito

268 527 482 581 proecidit:
513 542 590 582 quo
605 526 744 582 facto,
772 526 910 566 statim
937 523 1134 575 Navium,
1156 538 1213 566 ex
1234 537 1286 565 eo
1303 521 1539 576 Tarquinio
1560 520 1664 562 nihil

276 609 370 635 anso
393 602 532 635 contra
553 594 727 648 amplius
743 593 916 646 facere,
938 591 1193 635 novaculam
1226 590 1340 632 illam
1370 604 1417 630 ac
1445 596 1566 630 cotem
1591 587 1662 628 sub

276 662 403 703 locum
421 666 698 703 consecratum
713 660 728 683 *¹
749 660 891 715 defodi
905 660 1066 714 jussisse
1080 676 1092 699 .·
1122 666 1160 700 et
1165 658 1299 712 ficum
1320 657 1371 698 ab
1392 671 1435 698 eo
1451 662 1583 696 satam
1606 654 1665 696 ibi

274 743 371 770 esse
392 730 499 770 intra
520 727 564 768 id
579 729 753 781 spatium
786 727 876 777 loci,
893 727 963 782 qui
978 732 1183 767 contentus
1196 726 1281 778 fine
1303 737 1429 766 sacro
1451 724 1533 765 sit:
1556 737 1662 763 eam-

870 896 1009 928 NOTAE

221 1002 479 1032 transseminata
490 1005 591 1031 esset.
622 1000 771 1031 Necesse
785 1005 838 1031 est
854 1000 913 1039 igi-

221 1056 274 1082 tur
298 1052 461 1082 diversam
486 1050 587 1081 fuisse
604 1050 646 1081 ab
669 1051 776 1081 altera
801 1050 912 1081 Rumi-

222 1101 300 1139 nali,
316 1101 404 1131 unde
421 1100 453 1130 in
471 1101 641 1131 comitium
661 1101 835 1131 translata.
869 1100 914 1131 Et

221 1152 268 1182 ita
284 1157 357 1182 est:
382 1151 493 1182 fuerat
511 1151 598 1181 enirn
623 1149 706 1181 ficus
726 1150 913 1181 Ruminalis

222 1201 253 1232 in
281 1201 454 1232 Germalo.
499 1201 598 1230 Varr.
621 1199 679 1230 lib.
698 1209 747 1230 lv.
765 1200 808 1230 de
826 1201 862 1231 L.
878 1201 915 1232 L.

222 1253 231 1267 ¹
251 1251 444 1282 Ger-malum
466 1259 485 1280 a
506 1250 686 1280 Germanis
704 1250 849 1280 Romulo
875 1259 914 1280 ac

222 1302 339 1337 Remo,
357 1300 445 1341 quod
462 1300 503 1331 ad
521 1300 618 1330 ficum
641 1300 866 1337 Ruminalem,
881 1304 917 1331 et

221 1352 254 1381 hi
278 1352 417 1389 inventi,
432 1360 496 1390 quo
513 1360 601 1390 aqua
625 1350 769 1380 hiberna
782 1349 916 1381 Tiberis

222 1411 280 1432 eos
296 1400 468 1431 detulerat
484 1399 679 1440 expositos!
722 1400 916 1431 Germalum

221 1457 333 1481 autem
358 1460 463 1490 prope
490 1450 651 1490 palatium
675 1447 776 1479 fnisse
800 1454 915 1480 notum

222 1506 284 1539 est,
310 1502 342 1531 iu
373 1501 448 1540 ripa
475 1500 618 1538 Tiberis,
645 1499 700 1529 nbi
727 1499 827 1530 etiam
860 1509 918 1530 sua

221 1555 323 1582 aetate
338 1550 437 1581 ficum
454 1550 660 1580 Ruminalem
675 1549 829 1580 extitisse
843 1559 917 1580 nar-

223 1607 277 1632 rat
301 1601 358 1631 lib.
375 1610 397 1631 1.
420 1600 430 1617 ‘
447 1600 486 1630 Iu
514 1599 690 1640 proxima‚’
714 1598 835 1640 iuquit,
849 1601 857 1615 ‘
873 1600 918 1630 al-

223 1652 325 1690 luvie,
341 1651 396 1681 ubi
415 1659 502 1681 nnnc
525 1649 607 1681 ficus
635 1648 820 1680 Ruminalis
843 1648 919 1681 est!

223 1701 302 1732 Fuit
318 1702 419 1741 igitur
436 1701 535 1739 longe
553 1710 571 1729 a
588 1700 731 1731 Comitio
751 1699 833 1730 ficus
851 1700 921 1731 Ru-

223 1752 365 1782 minalis.
409 1750 476 1782 Sed
500 1750 584 1781 ficus
615 1749 671 1779 illa
701 1749 820 1787 Navia,
846 1759 919 1790 qnae

224 1801 257 1831 in
275 1801 433 1838 Comitio,
451 1799 635 1830 Ruminalis
652 1799 755 1830 etiam
771 1799 862 1830 dicta
878 1800 920 1830 ab

224 1850 282 1880 illa
299 1851 406 1881 altera
430 1848 612 1887 Ruminali,
630 1859 705 1889 quae
730 1850 761 1879 in
779 1850 920 1880 Germa·

224 1899 267 1930 lo.
290 1900 499 1939 Scaligernm
516 1898 640 1929 fefellit
651 1899 703 1929 liic
718 1899 810 1929 locus
825 1899 918 1931 Festi

225 1954 259 1978 et
276 1950 362 1979 alter
379 1948 492 1986 Plinii,
505 1953 649 1988 uterque
665 1948 748 1978 male
766 1949 920 1979 intellec-

226 2005 291 2030 tus.
335 1999 422 2028 Vide
440 1998 449 2014 ‘
464 1997 673 2029 Ruminalis!
701 2000 752 2029 De
769 1998 834 2028 ficu
854 2000 920 2030 Na-

226 2050 280 2080 via
295 2049 387 2080 etde
404 2050 477 2079 loco
493 2048 590 2078 Plinii
604 2048 779 2079 adeundus
793 2049 920 2079 Salma-

226 2100 294 2130 sius
321 2100 352 2130 in
377 2099 479 2129 Soliu.
526 2098 610 2137 Ejus
627 2098 731 2129 verba
755 2099 832 2129 olim
857 2100 921 2131 buc

226 2149 355 2180 referre
379 2149 617 2188 cogitaveram,
641 2149 718 2188 quia
742 2150 845 2179 multa
868 2150 921 2180 liic

227 2199 306 2235 vidi,
322 2209 396 2240 quae
420 2204 456 2230 et
483 2199 554 2238 ipse
581 2199 711 2229 viderat
739 2199 842 2238 prior,
859 2200 918 2230 sed

226 2250 298 2289 ejus
315 2249 508 2280 dissertatio
527 2250 624 2288 paulo
642 2249 791 2289 longior3
816 2260 920 2290 qnare

227 2301 330 2331 satius
352 2305 402 2330 est
420 2305 453 2330 te
470 2300 510 2329 ad
535 2300 700 2338 integrum
724 2299 851 2331 fontem
869 2310 920 2331 re-

228 2352 375 2381 mittere.
420 2350 486 2381 Adi
501 2351 592 2380 illum
608 2361 638 2390 p.
656 2353 749 2381 1137.
762 2353 826 2382 ἃς.
841 2351 922 2382 Duc.

270 2401 284 2420 ὴ
307 2402 370 2431 Sub
399 2402 495 2432 locum
521 2402 745 2441 consecratum]
768 2402 851 2433 Ideo
883 2403 920 2432 fi-

231 2459 306 2480 cum
325 2460 442 2480 sacram
464 2460 565 2490 supra
583 2452 726 2490 vocavit,
744 2461 762 2481 a
778 2452 852 2482 loco
869 2462 920 2482 sa-

231 2509 303 2536 cro,
318 2499 501 2539 fulguribus
519 2501 563 2530 ibi
587 2501 741 2539 conditis,
757 2502 835 2542 quia
858 2503 921 2532 sci-

231 2550 312 2579 licet
327 2549 369 2579 ibi
386 2555 504 2589 puteus
523 2556 607 2588 crat,
629 2551 684 2591 qni
708 2561 780 2582 cum
799 2551 840 2581 de
857 2561 922 2582 coe-

232 2597 265 2629 lo
293 2603 402 2629 tactus
425 2598 540 2638 fuerit,
567 2607 766 2639 procuratus
787 2602 813 2632 15
831 2603 922 2633 iocus

967 1006 1097 1041 postea,
1109 997 1268 1040 operculo
1281 996 1446 1037 imposito,
1464 994 1580 1035 puteal
1597 992 1664 1024 dic-

967 1056 1033 1090 tus,
1050 1060 1126 1081 nam
1141 1049 1255 1090 puteal
1272 1052 1325 1078 est
1340 1045 1534 1087 operculum
1554 1045 1663 1084 putei,

968 1105 1055 1132 teste
1076 1097 1337 1132 Jnriscousulto.
1381 1095 1471 1128 Quin
1489 1098 1523 1126 et
1536 1094 1667 1134 Diony·

969 1151 1037 1181 sins
1061 1151 1107 1180 ait
1131 1158 1221 1180 aram
1245 1145 1554 1187 superimpositam,
1575 1143 1665 1185 quod

968 1200 1050 1230 nibil
1066 1199 1154 1230 aliud
1172 1203 1225 1229 est
1250 1206 1347 1238 quam
1368 1195 1566 1236 operculum
1590 1194 1667 1225 ostii

970 1251 1121 1281 Deorum
1138 1248 1301 1280 Manium.
1346 1245 1392 1276 At
1417 1245 1501 1276 locis
1524 1243 1667 1284 fulguri-

972 1301 1013 1331 tis
1034 1309 1122 1331 aram
1147 1296 1375 1338 superimponi
1400 1295 1522 1333 solere,
1539 1299 1668 1332 auctor,

972 1356 1097 1390 praeter
1122 1347 1338 1388 Dionysium,
1360 1350 1395 1376 et
1420 1345 1667 1376 Artemidorus.

971 1399 1007 1431 ‘O
1020 1398 1162 1439 κεραυνὸς
1177 1396 1218 1428 τὰ
1233 1397 1337 1435 ἄσημα
1351 1398 1412 1427 τῶν
1427 1394 1548 1435 χωρίων
1563 1395 1668 1432 ἐπίση·

970 1463 1013 1489 μα
1038 1451 1119 1480 ποιεῖ
1141 1449 1189 1479 διὰ
1217 1447 1290 1478 τοὺς
1319 1446 1525 1487 ἐνιδρυμένους
1549 1445 1669 1484 βωμοὺς

972 1500 1021 1531 καὶ
1037 1500 1092 1530 τὰς
1109 1500 1141 1530 ἐν
1157 1498 1260 1530 αὐτοῖς
1281 1497 1447 1536 γενομένας
1462 1496 1576 1528 θυσίας.
1593 1497 1621 1527 I.
1637 1507 1667 1527 e.

973 1554 982 1568 ‘
1002 1548 1172 1589 Fulgura,'
1186 1548 1307 1589 inquit,
1323 1548 1462 1588 ‘ignota
1476 1548 1551 1578 loca
1568 1547 1669 1583 insig-

973 1600 1029 1631 nia
1045 1599 1173 1630 faciunt
1190 1603 1331 1638 propter
1352 1606 1426 1628 aras
1447 1597 1618 1636 impositas
1635 1600 1669 1627 et

975 1648 1140 1681 sacrificia
1160 1647 1320 1688 peracta!
1340 1648 1429 1678 Scal.
1474 1647 1543 1677 Hic
1568 1646 1669 1676 etiam

974 1699 1077 1730 falsus
1092 1704 1146 1730 est
1162 1698 1322 1737 Scaliger,
1338 1697 1395 1737 qni
1411 1696 1532 1727 scribit
1555 1696 1671 1735 puteal

974 1750 1137 1787 additum,
1151 1749 1228 1790 qnia
1245 1748 1289 1779 ibi
1313 1753 1430 1788 putens
1446 1752 1535 1785 erat,
1552 1747 1607 1786 qni
1626 1745 1668 1777 ‹le

974 1801 1058 1832 coelo
1087 1805 1209 1831 taetus.
1254 1798 1376 1830 Puteal
1400 1798 1452 1828 liic
1479 1797 1557 1827 nibil
1579 1796 1668 1826 alind

975 1856 1040 1889 est,
1066 1859 1161 1891 qnam
1190 1859 1247 1879 ara
1271 1849 1354 1888 ipsa.
1401 1848 1588 1888 Dionysius
1615 1846 1671 1876 ὑπὸ

974 1901 1067 1939 βωμῷ
1088 1911 1147 1930 τινι
1167 1899 1229 1930 sub
1251 1908 1308 1929 ara
1332 1898 1476 1939 quadam
1502 1897 1671 1928 defossam

975 1951 1170 1981 novaculam
1210 1953 1368 1980 testatur.
1414 1947 1512 1979 Unde
1551 1948 1669 1978 Festus

975 1999 1179 2040 optime,sub
1194 2000 1290 2029 Iocum
1301 2001 1521 2029 consecratum.
1558 1997 1669 2035 Solus,

975 2050 1064 2092 quod
1082 2051 1195 2083 sciam,
1211 2049 1340 2079 Plinius
1357 2057 1485 2078 sacram
1505 2046 1605 2078 ficum
1622 2045 1671 2076 fa-

975 2102 1034 2141 cit,
1065 2100 1254 2140 fulguribus
1279 2098 1324 2129 ibi
1350 2098 1505 2137 conditis,
1531 2097 1589 2127 sed
1616 2098 1669 2127 vel

975 2151 1056 2181 miro
1073 2149 1182 2184 fallor,
1203 2149 1253 2179 vel
1271 2149 1336 2179 alia
1352 2158 1446 2179 mens
1464 2148 1576 2178 Plinio
1593 2147 1670 2186 fuit,

974 2201 1068 2241 cujus
1085 2200 1186 2230 verba
1212 2200 1259 2229 sic
1289 2198 1490 2237 insolubilia,
1513 2199 1559 2229 ita
1581 2197 1670 2229 forte

975 2249 1173 2289 corrigenda
1188 2259 1196 2279 :
1223 2249 1434 2290 Coliturficus
1453 2248 1543 2279 arbor
1557 2248 1671 2286 insoro

974 2302 1038 2340 ipso
1055 2301 1199 2339 Rumina,
1215 2303 1280 2330 tum
1295 2309 1382 2330 sacra
1393 2309 1484 2339 quam
1489 2298 1671 2337 fulguribus

974 2351 1016 2381 ibi
1031 2351 1175 2381 conditis.
1222 2349 1299 2380 Non
1316 2349 1399 2380 dicit
1422 2349 1553 2379 Plinius
1570 2348 1669 2378 ficum

976 2411 1103 2432 sacram
1120 2400 1237 2439 fuisse,
1249 2399 1435 2440 fulguribus
1450 2399 1495 2429 ibi
1512 2398 1669 2436 conditis,

976 2452 1035 2483 sed
1053 2457 1209 2492 tanquam
1223 2451 1266 2482 ibi
1284 2450 1416 2491 fulgura
1433 2449 1577 2480 fuissent
1593 2458 1670 2479 con-

976 2501 1058 2532 dita.
1102 2500 1231 2533 Quibus
1266 2499 1376 2531 verbis
1409 2499 1517 2530 innuit
1554 2498 1669 2537 puteal

977 2552 1047 2582 sive
1065 2560 1154 2582 aram
1178 2550 1381 2590 impositam,
1398 2553 1434 2580 ut
1457 2548 1537 2580 locis
1562 2547 1669 2588 fulgu-

978 2601 1051 2633 ritis
1069 2600 1207 2632 solebat.
1223 2600 1317 2630 Idem.
