1835 2906
409 121 469 150 nE
503 117 773 149 VERBORUM
809 113 1213 145 smNiFch'rloNss
1249 113 1344 144 mu.
1380 113 1485 143 xiv.
1595 103 1677 145 571

292 220 358 258 tur
388 216 442 257 ad
475 212 908 269 comprehendendas
942 222 1061 261 oves,
1099 214 1178 250 aut
1205 222 1379 262 capras,
1410 222 1436 249 a
1466 208 1677 262 pedibus:

291 284 414 338 cujus
444 283 635 324 meminit
674 282 807 322 etiam
843 278 1057 331 Virgilius
1098 278 1141 318 in
1176 277 1422 326 Bucolicis,
1455 289 1554 317 cum
1592 278 1676 317 ait:

291 351 354 393 At
374 355 419 392 tu
440 364 564 392 sume
581 349 756 404 pedum.
817 347 903 389 Sed
925 347 968 387 in
999 359 1052 387 eo
1078 358 1222 393 versu,
1254 345 1329 398 qui
1351 348 1419 385 est
1440 345 1485 384 in
1509 344 1682 398 Iphige-

291 420 363 460 nia
384 420 540 460 Ennii:
571 416 768 459 Procede
789 414 968 469 gradum
997 413 1189 468 proferre
1211 412 1388 466 pedum,
1417 413 1565 461 nitere,
1588 423 1683 452 ces-

292 489 398 528 sas?
430 488 475 528 id
497 488 642 540 ipsum
660 484 859 538 jaculum
881 482 1133 535 significari,
1166 494 1264 521 cum
1294 480 1354 521 ait
1373 479 1575 528 Verrius,
1606 480 1684 519 mi-

291 556 378 596 rari
402 555 508 596 satis
538 567 619 595 non
650 565 859 607 possum:
892 563 992 591 cum
1029 551 1085 591 sit
1117 548 1226 590 ordo
1255 547 1378 596 talis,
1409 552 1454 587 et
1480 559 1557 600 per
1586 560 1686 587 eum

292 623 552 677 significatio
584 624 751 675 aperta,
780 618 963 672 gradum
994 617 1184 671 proferre
1213 615 1373 670 pedum
1404 615 1588 656 cessas?
1621 613 1686 654 ni-

292 696 396 732 tere.

238 760 409 800 Pedum
429 757 576 799 baculi
597 768 737 809 genus
764 755 1007 796 incurvum.
1067 752 1301 805 Virgilius:
1340 749 1401 792 At
1421 754 1467 792 tu
1507 748 1634 803 [PAU
1646 759 1685 789 L.

292 840 414 869 sume
432 826 608 881 pedum.
669 824 839 865 Pedum
859 821 1083 877 pastorale
1107 820 1314 862 baculum
1345 819 1573 860 incurvum
1596 816 1690 856 dic-

291 901 400 945 tum,
424 895 528 949 quia
547 894 625 935 illo
647 905 753 934 oves
775 906 802 934 a
823 891 1014 946 pedibus
1035 887 1470 942 comprehenduntur.

238 961 532 1017 Pegasides6i
554 975 692 1004 musae
715 961 849 1002 dictae
873 964 975 1001 sunt
995 972 1021 999 a
1042 957 1174 1002 fonte,
1208 969 1337 1010 quem
1370 955 1568 1007 Pegasus
1599 953 1691 994 ictu

293 1032 469 1086 ungulae
507 1030 684 1084 fingitur
714 1029 963 1083 aperuisse:
995 1028 1050 1068 ob
1083 1038 1216 1079 quam
1246 1035 1429 1066 causam
1455 1035 1481 1062 a
1518 1020 1691 1062 Graecis

293 1101 530 1155 appellatae
554 1103 657 1140 sunt
676 1098 992 1152 hippocrenae.⁷

239 1166 476 1223 Pelamysk
495 1180 631 1220 genus
652 1166 791 1220 piscis
809 1164 992 1214 dictum,
1015 1161 1138 1217 quod
1160 1161 1206 1201 in
1227 1160 1318 1200 luto
1338 1160 1541 1206 moretur,
1572 1153 1692 1209 quod

295 1237 454 1278 Graece
476 1236 640 1276 dicitur
660 1232 788 1282 πηλός.

240 1300 436 1357 Peligni¹
468 1316 527 1344 ex
560 1302 738 1355 Illyrico
775 1300 885 1340 orti:
929 1297 1030 1339 inde
1061 1297 1174 1338 enim
1211 1295 1394 1350 profecti
1424 1293 1558 1334 ductu
1585 1288 1695 1331 Vol-

852 1439 1086 1453 eeeeeeeeeeee

281 1540 301 1568 6
325 1537 403 1567 Vei.
419 1536 478 1566 lib.
503 1535 712 1573 Pediges.-—7
739 1532 936 1573 Legendum
959 1535 1073 1561 monet
1101 1529 1186 1559 Dae.
1212 1535 1302 1568 quam
1327 1533 1453 1556 causam
1468 1525 1498 1553 et
1517 1521 1629 1551 Graece
1644 1529 1697 1557 ap-

236 1581 370 1620 pellatus
385 1583 430 1611 est
444 1579 652 1620 Hippocrene.
700 1577 782 1608 Aut.
797 1575 885 1617 Aug.
899 1580 934 1606 et
951 1574 1062 1606 Ursin.
1077 1580 1210 1614 quoque
1226 1571 1346 1610 legunt
1368 1567 1538 1607 appellatus
1554 1567 1600 1594 est
1616 1562 1696 1603 Hip-

237 1633 377 1663 poc-rene.

897 1726 928 1758 N
935 1726 1036 1758 OTAE

242 1824 323 1851 tere:
339 1822 461 1850 cessas?
484 1817 525 1849 Id
546 1821 610 1856 est,
628 1826 738 1848 cessas
755 1814 942 1856 procedere

243 1876 277 1902 et
305 1871 365 1901 niti
390 1870 529 1910 gradum
556 1867 734 1909 proferre?
758 1875 868 1897 cessas
885 1865 942 1895 im-

242 1928 363 1962 perata
389 1920 528 1951 facere?
552 1930 626 1960 quae
652 1922 730 1949 sunt
747 1928 788 1948 ex
806 1917 944 1957 Iphige-

242 1973 298 2003 nia
324 1971 496 2012 Euripidis
531 1971 572 2002 ab
609 1970 716 2001 Ennio
753 1970 940 2001 translata:

241 2024 333 2055 Ἀλλ’
358 2023 392 2054 ἶθ’
420 2022 556 2064 ἐρέσσων
583 2021 638 2052 σὸν
663 2020 756 2059 πόδα,
771 2020 852 2062 ’γήρᾳ
875 2025 942 2058 Μη-

240 2074 293 2106 δὲν
318 2074 461 2106 ὑπείκων.
483 2075 492 2092 ‘
507 2074 574 2105 Sed
592 2073 750 2113 procede,
767 2071 943 2112 proferens

243 2133 335 2158 tuum
351 2127 484 2167 pedem,
500 2126 594 2156 senio
610 2124 701 2155 Nihil
718 2123 868 2154 cedens!
892 2124 946 2154 In-

243 2177 294 2208 fra
313 2188 374 2218 pro
391 2177 523 2217 idipsum
535 2176 686 2214 jaculum,
710 2175 787 2214 lege
809 2175 946 2214 idipsum

243 2228 393 2259 baculum.
437 2228 560 2258 Pedum
589 2226 679 2257 enim
703 2224 853 2264 baculum,
881 2235 944 2255 non

237 2279 393 2318 jaculum,
416 2278 663 2318 interpretatus
700 2281 754 2307 est
792 2276 944 2307 Verrius.

244 2331 325 2361 Duc.

290 2379 297 2399 ⁵
321 2378 505 2419 Pegasides]
528 2378 647 2409 Fulvio
679 2376 804 2408 Ursino
832 2380 946 2407 nostro

245 2431 351 2472 magis
384 2430 497 2470 placet
533 2428 707 2468 appellatus
744 2429 790 2457 est
821 2426 946 2466 Hippo-

244 2492 347 2521 crene,
370 2485 408 2512 ut
424 2480 467 2511 ad
483 2481 491 2497 ‘
512 2479 639 2511 fontem
652 2478 660 2491 '
676 2476 857 2509 referatur.
868 2478 947 2508 Ant.

246 2533 332 2572 Aug.

288 2582 477 2623 Pegasides]
508 2580 537 2612 A
561 2580 656 2611 fonte
673 2578 810 2618 Pegasi.
854 2577 947 2618 Lege

248 2634 280 2664 in
308 2634 387 2672 tine,
411 2633 447 2663 ob
470 2641 561 2672 quam
585 2640 707 2661 causam
725 2634 754 2660 et
772 2629 883 2660 Grcece
895 2639 948 2669 up-

246 2685 378 2725 peilatus
400 2686 446 2715 est
468 2682 677 2723 Hippocrene.
720 2681 875 2721 Pegasus
901 2680 951 2710 di-

999 1813 1088 1844 citur
1116 1810 1242 1851 ungula
1270 1806 1398 1839 fontem
1431 1803 1620 1845 aperuisse,
1645 1799 1701 1843 qui

999 1863 1074 1894 ideo
1090 1860 1222 1893 Graecis
1240 1858 1366 1889 dicitur
1382 1856 1587 1896 Hippocrene.
1630 1853 1700 1883 Ne-

998 1923 1063 1955 que
1084 1912 1174 1943 enim
1204 1918 1348 1950 unquam
1367 1905 1549 1937 inveniasa
1565 1902 1701 1933 Veteri-

998 1965 1060 1996 bus
1078 1973 1188 1994 musas
1206 1961 1317 1992 dictas
1339 1957 1444 1988 fuisse
1472 1955 1701 1996 Hippocrenus.

997 2016 1087 2046 Dac.

1041 2064 1055 2085 k
1081 2060 1240 2103 Pelamys]
1265 2060 1355 2092 Prin.
1379 2058 1436 2089 lib.
1466 2066 1520 2088 lx.
1548 2065 1623 2096 cap.
1649 2057 1702 2085 15.

998 2116 1007 2133 ‘
1025 2115 1164 2146 Liuiosae
1182 2122 1263 2144 vero
1281 2122 1298 2142 a
1316 2111 1386 2140 luto
1405 2106 1604 2149 pelamydes
1621 2105 1702 2136 inci-

1000 2166 1099 2207 piunt
1124 2164 1251 2201 vocari,
1278 2166 1314 2192 et
1331 2170 1406 2192 cum
1422 2167 1568 2189 annuum
1586 2165 1703 2187 exces-

999 2227 1074 2248 sere
1104 2221 1249 2255 tempus,
1275 2209 1434 2252 Thynni.'
1491 2207 1581 2239 Vide
1611 2207 1703 2247 ‘Cy-

1001 2266 1117 2299 binm.’
1145 2266 1240 2297 Idem.

1044 2319 1052 2339 ¹
1076 2316 1223 2357 Peligni]
1250 2315 1394 2353 Facinus,
1414 2322 1501 2352 aquo
1518 2310 1708 2342 Pacinates:

1002 2371 1058 2401 aiii
1077 2369 1222 2408 Pecinus,
1238 2376 1257 2396 α
1279 2375 1337 2406 quo
1358 2364 1546 2395 Pecz‘nates:
1570 2371 1629 2392 nos
1647 2361 1703 2391 1³2·-

1000 2423 1101 2460 cinus,
1128 2430 1147 2450 α
1168 2428 1225 2459 quo
1245 2416 1407 2447 Picentes:
1432 2413 1490 2444 sed
1517 2412 1594 2443 vide
1617 2412 1627 2429 ⁴
1645 2410 1706 2442 Pi-

1001 2470 1109 2504 cena.'
1154 2468 1297 2508 Dionys.
1333 2465 1394 2496 lib.
1432 2474 1457 2495 1.
1492 2465 1501 2481 ‘
1520 2462 1706 2494 Peucetius

1002 2521 1150 2554 OEnotrii
1171 2518 1278 2550 frater
1305 2515 1503 2548 Peucetiam
1531 2511 1706 2546 condidit:

1001 2575 1080 2607 Ant.
1097 2573 1183 2612 Aug.

1050 2624 1193 2665 Peligni]
1219 2624 1248 2655 E
1264 2620 1398 2654 Sabinis
1416 2624 1528 2651 tamen
1545 2624 1638 2650 ortos
1655 2617 1706 2647 di-

1006 2677 1054 2709 cit
1066 2675 1169 2708 Ovid.
1181 2683 1236 2706 111.
1249 2674 1340 2705 Fast.
1355 2672 1365 2688 ⁴
1379 2671 1424 2703 Et
1435 2670 1497 2702 tibi
1513 2680 1587 2703 cum
1606 2677 1703 2709 proa-
