1835 2906
203 71 289 112 608

204 176 439 219 Pollucere
455 181 469 198 ²
489 189 671 218 merces.

663 80 812 112 SEXTI
847 82 1049 113 POMPEH
1086 82 1222 114 FESTI

1308 177 1442 219 liceat
1491 176 1654 231 [Fusr.

262 251 365 287 sunt
385 245 464 296 far,
486 246 676 299 polenta,
699 246 864 296 vinum,
887 247 1016 299 panis
1046 247 1340 296 fermentatus,
1362 246 1476 288 ficus
1506 259 1654 300 passa,

263 313 408 364 suilla,
438 313 623 364 bubula,
655 316 824 368 agnina,
858 315 995 364 casei,
1030 315 1180 365 ovilla,
1218 314 1348 364 alica,
1385 327 1574 365 sesama,
1611 320 1656 357 et

857 467 1002 500 NOTAE

201 554 280 595 ρέοιο
308 554 458 597 λέβητος,
485 555 651 596 Νίψασθαι.
678 553 802 595 προχόῳ
825 565 901 595 χρυ-

200 607 283 649 σείῃ,
306 608 315 624 ‘
329 617 432 639 aureo
450 607 568 648 gutt0.’
581 605 738 647 ἀργυρέοιο
753 604 902 646 λέβητος,

198 661 207 675 ‘
222 664 385 700 argenteo
400 658 579 699 pollubro.'
604 658 736 699 Aquam
756 667 834 688 vero
851 657 901 698 ip-

199 719 271 740 sam
287 710 418 749 χέρνιβα
436 710 610 740 vocabant.
634 709 702 739 Jos.
720 708 804 739 Scal.

245 759 439 800 Pollubrum]
470 759 557 790 Haec
574 764 653 789 sunt
667 768 684 789 e
702 758 801 789 Pauli
818 757 900 797 Epi-

199 815 303 840 tome.
347 810 460 840 Verba
483 809 577 840 Festi
601 809 727 849 rejecta
751 807 848 838 fuere
867 808 900 838 in

199 860 300 890 finem
318 860 416 900 liujus
440 859 531 898 libri,
547 865 622 898 post
650 864 755 899 caput
776 868 899 899 promp—

201 914 283 940 tum:
302 910 412 941 locum
426 909 493 940 adi.
519 908 700 940 Pollubrum
718 914 831 939 autem
843 917 899 938 vas

199 960 411 1001 excipiendae
426 970 522 1001 aquae
536 960 615 990 dum
626 969 744 990 manus
759 959 900 990 abluun-

196 1016 278 1042 tur:
312 1015 424 1050 guttas
453 1010 543 1041 unde
575 1019 661 1051 aqua
698 1007 897 1040 effunditur.

197 1061 323 1092 Fabius
351 1061 462 1101 pictor
481 1061 537 1092 lib.
555 1069 636 1091 ΧΠ.
660 1059 813 1101 ‘Aquam
831 1069 899 1090 ma—

197 1111 295 1142 nibus
325 1112 539 1153 pedibusque
568 1111 662 1151 dato,
706 1110 898 1151 pollubrum

196 1163 333 1194 sinistra
358 1172 456 1193 manu
484 1169 616 1197 tenet0,
642 1162 766 1193 dextra
783 1171 898 1192 vasum

196 1223 272 1244 cum
290 1212 400 1254 aqua.⁵
445 1213 499 1244 Sic
525 1213 558 1243 in
585 1212 739 1253 Odyssea
764 1212 897 1242 veteri:

195 1266 205 1280 ‘
220 1269 384 1304 argenteo
398 1263 554 1304 pollubro
565 1262 572 1275 ⁹
587 1267 622 1293 et
638 1268 647 1280 ‘
661 1271 763 1293 aureo
777 1261 899 1302 gntto‚’

194 1319 233 1343 ut
242 1313 369 1353 optime
377 1313 542 1353 Scaliger.
555 1313 738 1343 Pullum-um
754 1318 899 1343 autema

191 1364 305 1404 polluo,
319 1370 385 1394 uta
400 1365 408 1380 ‘
420 1363 545 1402 deluo‚'
561 1367 569 1381 ⁴
583 1362 786 1394 delubrum.5
813 1363 898 1395 Dae.

236 1422 248 1435 ²
272 1415 450 1456 pollucere]
475 1415 594 1446 Utitur
610 1415 674 1446 lioc
693 1415 796 1445 verbo
811 1414 898 1445 Cato

194 1469 227 1498 in
253 1467 340 1498 libro
364 1467 406 1498 de
431 1467 483 1498 Re
508 1466 658 1497 Rustica.
703 1465 847 1495 Plautus
864 1465 896 1495 in

193 1518 324 1553 Sticho,
352 1517 488 1549 Cassius
522 1516 668 1547 Hemina
689 1515 778 1556 apud
807 1516 898 1545 Plin.

192 1569 248 1601 lib.
265 1578 387 1600 xxxu.
402 1578 478 1609 cap.
494 1571 543 1599 ll.
592 1568 653 1598 Est
671 1572 783 1597 autem
802 1565 896 1596 Festi

192 1621 287 1651 locus
311 1620 406 1650 lacer
433 1619 481 1650 ita
504 1617 720 1656 sarciendus;
745 1622 781 1647 ut
805 1616 898 1648 dica-

193 1676 263 1708 tur,
288 1670 297 1685 ‘
314 1679 380 1700 uon
396 1669 501 1700 licere
519 1669 632 1699 omnia
649 1668 823 1708 pollucere
840 1668 895 1698 ali·

191 1721 246 1751 cui
272 1721 358 1760 Deo,
382 1721 525 1758 Deaeve,
543 1719 601 1749 sed
623 1719 761 1750 Herculi
792 1718 897 1749 licere

190 1772 304 1803 omnia
321 1772 497 1803 esculenta
512 1776 547 1801 et
567 1771 761 1811 poculenta.
810 1770 897 1801 Cato

190 1824 269 1855 Jovi
296 1823 421 1863 Dapali
444 1823 564 1862 dapem
585 1822 748 1862 polluceri
768 1821 896 1852 scribit.

190 1873 326 1904 Cassius
359 1873 503 1903 Numam
530 1873 753 1912 prohibuisse,
771 1881 812 1902 ne
831 1881 894 1902 non

190 1924 355 1965 squamosi
374 1924 481 1964 pisces
500 1922 778 1964 pollinem-entur)
822 1922 894 1953 Nos

190 1976 295 2014 igitur
310 1976 356 2005 ita
368 1975 613 2005 scriberemus:
630 1975 792 2005 pollucere
807 1974 893 2004 Mer-

188 2025 287 2060 curio,
315 2035 384 2065 ‹Juae
409 2025 513 2061 liceat,
539 2025 710 2065 sunl,sur‚
736 2026 789 2063 3513.
814 2025 893 2054 Aut.

193 2077 283 2116 Aug.

233 2127 413 2168 Pollucere]
440 2127 541 2168 Regis
557 2126 679 2159 Numae
698 2127 751 2156 lex
769 2125 835 2156 fuit
850 2124 892 2156 de

189 2178 353 2217 pollinem,
370 2188 443 2219 quae
468 2177 629 2208 videlicet
647 2177 763 2207 liceret
786 2176 892 2215 pollu-

189 2230 271 2267 ceri,
297 2238 372 2270 quae
399 2238 466 2258 non
485 2228 616 2258 liceret.
665 2227 716 2257 De
735 2225 895 2265 piscibus,

187 2279 245 2319 qui
263 2279 432 2320 squamosi
450 2284 578 2316 essent,
603 2286 734 2316 omnes,
764 2283 892 2316 praeter

187 2339 318 2361 scarum
339 2340 346 2361 :
387 2329 487 2370 idque
528 2332 669 2369 propter
708 2328 894 2358 raritatem.

190 2379 398 2411 Rarissimus
415 2380 502 2411 enim
527 2380 559 2410 in
590 2379 749 2409 Laurenti
768 2378 893 2416 littore,

192 2435 295 2469 atque
324 2431 408 2461 adeo
433 2431 465 2461 in
495 2440 552 2461 ora
581 2429 791 2470 Tyrrhenica
820 2434 893 2459 erat

192 2480 296 2520 piscis
326 2482 411 2521 ipse,
443 2481 567 2522 quique
591 2490 665 2511 eum
697 2478 892 2519 capiebant,

194 2531 228 2560 iu
259 2539 351 2561 mare
381 2532 612 2562 dimittebant.
674 2530 749 2561 Non
787 2530 892 2569 igitur

194 2587 256 2619 per
301 2580 470 2620 religionis
507 2590 641 2611 causam
682 2580 745 2610 hoc
783 2579 892 2610 sanci-

194 2636 263 2661 tum
290 2638 352 2666 est,
368 2631 441 2669 sed,
459 2637 494 2661 ut
513 2632 717 2671 parsimonia
741 2631 894 2661 convivia

954 554 1132 596 epulaeque
1149 555 1297 596 publicae
1320 553 1454 586 facilius
1474 553 1515 585 ad
1543 552 1657 594 pulvi·

953 606 1050 637 naria
1064 610 1356 646 compararentur.
1391 605 1494 646 Cujus
1511 603 1559 635 rei
1575 613 1654 635 auc-

953 661 1008 688 tor
1034 657 1172 688 Cassius
1198 656 1344 688 Hemina
1375 655 1465 696 apud
1497 655 1654 688 Plinium,

952 707 1002 738 his
1020 707 1130 739 verbis
1145 719 1153 739 :
1179 710 1187 724 ‘
1200 708 1313 739 Numa
1329 706 1518 741 constituit,
1534 710 1572 736 ut
1589 705 1655 746 pis-

953 759 1014 800 cis,
1042 759 1099 800 qui
1118 758 1287 800 squamosi
1303 768 1370 789 non
1393 762 1515 791 essent,
1532 755 1566 786 ni
1584 756 1655 797 pol—

950 811 1117 845 lucerent.
1136 811 1339 852 parsimonia
1359 812 1582 842 commentus,
1604 806 1655 838 uti

952 863 1109 893 convivia
1132 861 1278 903 publiea,
1305 866 1341 892 et
1364 861 1507 900 privata,
1532 867 1654 889 coenae-

951 922 1017 954 que
1040 912 1082 943 ad
1109 912 1298 952 polvinaria
1320 910 1454 942 facilius
1481 917 1656 949 compara-

951 969 1091 995 rentur:
1110 963 1141 994 ni
1160 963 1215 1004 qui
1229 962 1269 993 ad
1290 962 1473 1002 polluctum
1488 964 1653 994 emerent,

953 1013 1070 1055 precio
1086 1015 1194 1044 minus
1217 1017 1412 1053 parcerent,
1438 1020 1545 1052 eaque
1567 1019 1654 1050 prae-

951 1063 1209 1095 mercarentur.'
1254 1064 1376 1104 Neque
1403 1062 1436 1093 in
1461 1062 1524 1093 hoc
1547 1061 1653 1102 pisce,

951 1116 1008 1146 sed
1027 1115 1060 1146 in
1086 1115 1199 1146 multis
1224 1114 1296 1145 aliis
1316 1113 1434 1145 modus
1449 1117 1500 1143 est
1517 1111 1655 1152 imposi-

955 1170 1007 1196 tus
1034 1166 1137 1197 etiam
1160 1164 1342 1196 sacrificiis.
1388 1164 1502 1196 Quare
1517 1161 1654 1192 Servius

951 1216 1000 1247 ait
1024 1216 1056 1246 in
1081 1216 1174 1246 libris
1197 1215 1361 1246 Veterum
1382 1214 1461 1253 legi.
1485 1222 1503 1242 a
1524 1212 1656 1252 majori·

952 1266 1012 1296 bus
1035 1265 1260 1297 sacrificando
1284 1263 1522 1305 parsimoniam
1542 1263 1656 1293 obser·

951 1322 1075 1346 vatam.
1122 1315 1214 1346 Puto
1241 1315 1350 1354 legem
1375 1313 1424 1343 liis
1443 1312 1555 1343 verbis
1573 1321 1652 1343 con-

950 1371 1084 1406 ceptam
1104 1364 1232 1395 fnisse:
1259 1365 1413 1395 Piscem.
1431 1372 1528 1396 Qvffl.
1547 1371 1653 1396 sQVA-

951 1424 1073 1446 Μοςει.
1099 1423 1184 1446 Non.
1215 1422 1312 1444 sv-N‘r.
1338 1421 1413 1444 uer.
1448 1420 1651 1443 POLchETo

950 1474 1174 1499 stAmosos.
1201 1472 1349 1495 OMNEts.
1381 1471 1547 1494 pum-ER.
1575 1471 1652 1494 scA-

950 1524 1042 1546 nvM.
1058 1523 1274 1546 POLLVCETO.
1320 1514 1401 1544 Sine
1417 1513 1520 1543 dnbio
1537 1518 1650 1544 autem

948 1566 1040 1596 lacer
1071 1566 1135 1596 iste
1166 1565 1259 1596 locus
1286 1565 1333 1594 ita
1357 1562 1552 1595 sarciendus
1575 1568 1651 1594 est:

949 1617 1111 1647 pollucere
1134 1625 1246 1646 merces
1262 1615 1338 1646 Diis
1354 1624 1427 1656 quus
1449 1615 1552 1648 liceat,
1567 1617 1652 1647 sunt,

945 1667 1014 1705 sar.
1031 1670 1083 1708 8)·0.
1119 1667 1165 1698 At
1179 1667 1271 1697 docti
1284 1667 1364 1697 viri:
1388 1666 1552 1696 Pollucere
1564 1665 1653 1695 Mer-

951 1718 1039 1749 curio
1054 1728 1122 1758 quoe
1143 1719 1247 1753 licent,
1270 1721 1355 1752 sunt,
1372 1719 1423 1757 856.
1469 1715 1583 1748 Quid?
1610 1725 1651 1746 an

954 1768 1126 1799 Mercurio
1149 1774 1278 1799 tantum
1307 1766 1562 1808 pollucebatur?
1585 1775 1652 1796 non

952 1823 987 1849 et
1010 1818 1090 1850 Jovi
1110 1818 1232 1858 Dapali
1254 1817 1344 1857 apud
1372 1817 1562 1848 Catonem?
1586 1825 1652 1846 non

952 1868 1022 1898 aliis
1038 1868 1048 1898 ?
1064 1868 1130 1899 Sed
1148 1874 1157 1887 ‘
1170 1868 1351 1898 Pollneere
1362 1866 1515 1901 merces‚'
1527 1867 1589 1897 hoc
1603 1866 1653 1896 fa-

950 1920 1054 1950 cessit
1072 1920 1132 1950 illis
1149 1920 1346 1958 negotium:
1362 1918 1510 1949 frustra:
1526 1922 1654 1958 praeter

950 1970 1032 2000 alios
1050 1969 1188 2000 audiant
1205 1970 1414 2000 Varronem:
1439 1975 1447 1987 ‘
1463 1968 1555 1999 Hinc
1580 1977 1654 2008 pro-

949 2020 1111 2054 fanatum,
1129 2019 1216 2061 quod
1233 2021 1264 2050 in
1279 2020 1428 2050 sacrario
1443 2016 1625 2059 polluctum
1641 2028 1649 2048 :

948 2077 1052 2111 atque
1068 2071 1208 2102 Herculi
1225 2070 1368 2101 decuma
1380 2068 1461 2099 data
1475 2069 1517 2098 al)
1532 2077 1571 2098 eo
1586 2072 1649 2101 est,

949 2122 1038 2163 quod
1067 2121 1233 2153 sacrificio
1265 2119 1410 2160 quodam
1443 2118 1589 2153 sanatur,
1617 2118 1650 2147 id

949 2177 1012 2205 est,
1030 2176 1066 2202 ut
1082 2171 1150 2201 fani
1168 2171 1241 2210 lege
1267 2170 1324 2206 sit,
1344 2169 1375 2199 id
1389 2168 1524 2199 dicitur.
1571 2167 1650 2198 Pol·

948 2221 1090 2261 luctum,
1114 2220 1202 2262 quod
1228 2229 1246 2249 a
1277 2217 1493 2259 porriciendo
1518 2222 1570 2247 est
1592 2216 1650 2248 fic-

950 2278 1033 2303 tum.
1081 2272 1164 2302 Cum
1197 2271 1284 2301 enlm
1309 2280 1350 2299 ex
1374 2268 1541 2299 mercibus
1566 2268 1652 2298 liba·

948 2327 1063 2353 menta
1082 2326 1243 2362 porrecta
1259 2325 1336 2350 sunt
1359 2318 1498 2350 Herculi
1525 2318 1556 2347 in
1580 2326 1651 2352 ara,

949 2381 1019 2405 tum
1054 2374 1236 2415 polluctum
1270 2378 1334 2407 est,
1359 2376 1407 2407 ut,
1431 2380 1505 2402 cum
1535 2369 1651 2411 profa-
1702 2388 1705 2394 ι

949 2435 1027 2456 num
1051 2425 1188 2464 dicitur,
1213 2423 1243 2454 id
1274 2428 1336 2458 est,
1361 2420 1516 2463 proinde,
1541 2427 1578 2451 ut
1606 2421 1651 2452 sit

949 2476 1018 2507 fani
1049 2474 1203 2506 factum.'
1247 2473 1335 2505 Haec
1363 2473 1484 2502 Varro.
1511 2470 1650 2501 ‘Pollu-

948 2537 1026 2559 cere
1044 2536 1171 2558 merces
1187 2525 1194 2538 ’
1212 2524 1418 2556 dicebantur
1430 2525 1649 2555 mercatores,

949 2577 1083 2619 quando
1101 2577 1143 2607 de
1160 2575 1324 2606 mercibus
1346 2571 1488 2612 ἀπαρχὰς
1511 2575 1545 2601 et
1567 2570 1650 2602 liba.

951 2634 1063 2659 menta
1083 2628 1158 2659 Diis
1178 2624 1379 2657 offerebant.
1402 2625 1469 2655 Jos,
1486 2622 1567 2653 Scal.
