1835 2906
349 180 411 209 DE
448 177 716 209 VERBORUM
750 172 1157 205 SIGNIF'ICA'I'IONE
1193 172 1286 201 LlB.
1320 171 1393 201 111.

1508 160 1591 201 167

153 277 360 318 Coctumc
391 288 418 316 a
439 273 634 327 cogendo
655 272 825 321 dicitur,
856 269 962 324 quia
982 267 1211 321 coquendo
1241 271 1512 315 coartetur,¹¹
1544 269 1593 305 ut

210 343 266 385 ad
286 343 515 384 utilitatem
536 339 744 382 vescendi
760 337 1032 392 perducatur.

152 410 320 452 Cocula
334 408 351 432 ‘¹
387 422 496 451 vasa
527 422 651 450 aenea
685 406 958 449 coctionibus
992 407 1115 457 apta:
1148 401 1223 443 alii
1257 401 1413 442 cocula
1445 400 1595 441 dicunt

206 480 322 532 ligna
340 479 541 528 minuta,e
563 477 723 531 quibus
744 473 873 516 facile
895 473 1192 524 decoquantur
1212 468 1413 510 obsonia.

152 545 327 588 Codeta
345 544 358 567 f
386 559 503 599 ager,
528 546 571 586 in
591 557 678 600 quo
698 542 881 584 frutices
899 540 1098 582 existunt
1117 539 1161 579 in
1184 535 1362 578 modum
1384 534 1594 576 codarum

206 615 473 668 equinarum.

153 681 321 724 Codeta
348 681 590 736 appellatur
627 694 729 735 ager
759 685 877 722 trans
898 680 1108 728 Tiberim,
1133 676 1250 731 quod
1271 676 1315 715 in
1334 686 1386 714 eo
1407 670 1595 724 virgulta

207 755 444 790 nascuntur
465 749 522 791 ad
543 749 780 791 caudarum
801 750 1055 802 equinarum
1081 742 1422 787 similitudinem.

152 817 324 859 Coelius
345 824 495 859 monsg
530 818 673 860 dictus
695 822 762 859 est
783 830 810 857 a
832 816 954 857 Coele
972 820 1004 838 ¹2
1027 812 1216 868 quodam
1239 824 1296 851 ex
1314 807 1498 856 Etruria,
1521 805 1596 858 qui

758 927 877 939 meere

880 925 998 937 oooooo

195 1007 232 1035 11
258 1004 327 1035 Alii
344 1004 475 1044 cogendo
491 1005 741 1036 correctura—12
766 1003 832 1034 Alii
850 1002 928 1033 libri
947 1000 1043 1032 Coelio
1067 998 1214 1030 Vihemw.

803 1108 944 1141 NOTAE

151 1176 258 1207 disse:
285 1185 359 1208 nam
384 1177 468 1215 cujus
491 1178 544 1208 vel
560 1176 661 1216 cujum
677 1185 844 1216 nunquam

151 1226 349 1267 qualitatem
366 1226 536 1267 designat,
550 1237 684 1267 semper
696 1227 847 1263 κτητικῶς

150 1275 345 1316 profertur:
377 1276 466 1308 unde
495 1277 586 1318 apud
616 1277 710 1317 Virg.
764 1277 846 1307 Post

150 1327 159 1342 ‘
177 1326 287 1367 cujum
304 1327 434 1367 pecus‚'
455 1327 551 1358 addit
567 1328 754 1366 Menalcas,
776 1327 785 1343 ‘
802 1336 846 1357 an

149 1376 338 1407 Meliboei?
368 1381 402 1408 et
437 1377 621 1418 respondet
660 1378 845 1410 Damoetas,

150 1426 159 1442 ‘
178 1427 268 1466 Non,
297 1437 412 1458 verum
442 1427 605 1468 AEgonis.'
651 1426 844 1458 Redeamus

150 1476 191 1507 ad
209 1477 391 1511 cocionem.
436 1478 711 1519 Elegantissimus
730 1478 842 1508 Mure·

149 1532 202 1558 tus
218 1527 322 1559 verba
337 1528 451 1560 Plauti
467 1529 564 1560 aliter
585 1529 732 1569 accepit,
749 1528 844 1568 quip-

150 1587 192 1618 pe
209 1587 270 1618 pro
286 1579 402 1615 caucin,
424 1579 506 1610 cocio
529 1580 658 1611 dictum
677 1578 795 1618 tradit,
810 1582 848 1609 ut

148 1629 156 1644 ‘
174 1628 272 1668 aula,'
293 1634 301 1646 ‘
316 1629 407 1661 olla!
452 1630 561 1672 quue
584 1631 695 1661 lenam
711 1630 846 1660 dicere:

149 1679 280 1735 ‘'Vetus
296 1685 348 1711 est
372 1679 513 1720 dictum,
538 1681 620 1711 nihil
645 1684 697 1711 est
721 1679 847 1719 cautio,

150 1739 222 1760 sive
237 1730 444 1770 syngrapha,
466 1740 555 1766 nam,
574 1731 629 1770 qui
655 1730 845 1761 cautionem

149 1780 261 1821 habet,
289 1790 380 1821 saepe
407 1781 542 1820 litigare
566 1780 711 1820 cogitur,
734 1785 769 1810 at
792 1779 847 1810 cui

148 1833 260 1863 soluta
287 1833 434 1873 pecunia
456 1838 518 1873 est,
544 1832 575 1863 ei
605 1842 657 1863 res
682 1831 786 1862 omnis
813 1830 847 1860 in

150 1882 247 1914 tuto!
290 1883 357 1915 Sed
374 1883 508 1914 utillud
528 1883 702 1923 ingeniose
732 1881 846 1921 potius

150 1935 381 1975 excogitatum
409 1939 462 1966 est
488 1944 587 1976 quam
614 1942 703 1969 vere,
721 1933 765 1964 ita
786 1942 846 1962 nos

151 1985 241 2016 Festi
268 1986 380 2026 potius
408 1991 444 2017 et
469 1990 624 2017 veterum
650 1983 847 2015 criticorum

149 2035 352 2067 sententiam
371 2040 516 2068 tuemur.
540 2036 622 2067 Duc.

191 2093 205 2110 c
231 2088 375 2129 Cortum]
399 2088 430 2120 A
445 2090 608 2129 coquendo.
653 2084 847 2127 ‘Coquere'

150 2148 170 2169 a
186 2138 195 2155 ‘
211 2137 357 2179 cogere‚’
371 2138 380 2155 ‘
394 2137 561 2178 coagere.'
585 2138 685 2168 Idem.

191 2188 207 2209 ‘¹
232 2187 359 2227 Cocula]
383 2188 469 2220 Sunt
485 2188 625 2219 Homeri
641 2186 784 2226 κάγκανα
799 2185 849 2225 ξύ-

149 2245 202 2270 λα.
249 2240 294 2271 Et
310 2240 418 2271 Varro
446 2249 506 2271 nos
529 2239 630 2270 docet
654 2239 740 2270 libro
757 2248 779 2269 1.
806 2238 848 2269 de

151 2289 222 2321 vita
237 2290 278 2321 P.
295 2291 357 2322 Ro.
381 2292 390 2309 ‘
406 2291 545 2327 Cocula,
564 2300 638 2331 quae
656 2289 851 2331 coquebant

152 2349 287 2380 panem,
315 2341 457 2380 primum
481 2341 542 2372 sub
569 2341 695 2380 cinere,
727 2345 849 2381 postea

151 2391 186 2421 in
216 2388 334 2421 forno:
376 2391 550 2431 utriusque
590 2391 789 2422 vocabulum
829 2400 848 2420 a

151 2439 248 2472 forno
264 2440 416 2480 ductum,
434 2440 467 2470 id
481 2446 544 2475 est,
558 2450 576 2470 a
592 2440 754 2471 caldore.'
786 2439 848 2470 Isi-

151 2491 273 2522 dorus:
307 2491 316 2507 ‘
339 2491 480 2529 Cocula,
510 2491 601 2531 ligna
630 2491 737 2530 arida,
770 2500 849 2522 vasa

154 2542 265 2574 aerea!
289 2542 358 2572 dos.
373 2541 456 2572 Scal.

199 2592 326 2633 Cocula]
362 2592 475 2624 Gloss.
504 2591 647 2623 Isidori:
682 2591 848 2627 ‘Cocula,

153 2643 244 2683 ligna
261 2642 354 2674 arida
369 2643 423 2674 vel
443 2652 521 2673 vasa
537 2642 649 2673 εει-633
682 2642 748 2672 Pro
763 2642 850 2672 vasis

155 2693 251 2723 aereis
281 2703 357 2724 usus
387 2697 436 2724 est
464 2694 577 2724 Plaut.
608 2693 708 2732 Capt.
738 2702 788 2724 iv.
818 2695 849 2723 2.

157 2744 165 2760 ⁵
182 2744 286 2777 Jubes
317 2754 357 2776 an
389 2754 455 2777 uon
473 2744 577 2785 jubes
604 2742 720 2775 astitui
746 2743 850 2783 aulas,

901 1173 1032 1214 patinas
1049 1169 1137 1201 elui?
1182 1166 1341 1198 Laridum
1361 1167 1464 1203 atque
1481 1162 1598 1202 epulas

898 1224 1007 1256 foveri
1033 1220 1157 1254 coculis
1180 1215 1377 1249 ardentibus
1391 1213 1413 1243 ?'
1445 1213 1488 1244 Et
1512 1213 1598 1243 Cato

900 1287 928 1308 c.
943 1279 976 1307 2.
1003 1274 1046 1305 de
1075 1273 1115 1303 R.
1137 1270 1180 1301 R.
1204 1267 1290 1299 dixit
1313 1266 1322 1283 ‘
1342 1265 1485 1296 ahenum
1501 1271 1599 1294 cocu—

900 1325 993 1358 lum.’
1018 1325 1100 1355 Duc.

943 1383 957 1398 e
978 1377 1083 1415 Ligna
1098 1371 1232 1411 minuta]
1258 1371 1266 1387 ‘
1286 1368 1393 1408 Ligna
1411 1362 1523 1396 arida‘
1546 1372 1599 1393 su·

901 1439 962 1470 pra
992 1426 1116 1458 Isidor.
1176 1420 1304 1453 Eadem
1340 1426 1417 1459 quae
1448 1415 1599 1446 Homero

901 1479 1042 1519 κάγκανα
1067 1475 1156 1516 ξύλα,
1180 1471 1280 1504 Iliad.
1300 1473 1336 1500 Φ.
1381 1467 1480 1497 Varr.
1498 1464 1556 1495 lib.
1576 1471 1601 1493 1.

901 1530 945 1561 de
962 1529 1033 1560 vita
1050 1528 1134 1566 Pop.
1147 1524 1191 1554 R.
1214 1523 1223 1539 ‘
1238 1519 1377 1554 Cocula‚
1403 1516 1460 1558 qui
1480 1522 1601 1556 coque-

902 1581 986 1612 bant
1016 1585 1135 1618 panem
1167 1573 1324 1614 primum,
1351 1567 1413 1599 sub
1441 1566 1601 1602 cinerem,

903 1635 1024 1671 postea
1040 1628 1073 1658 in
1089 1625 1204 1656 forno:
1230 1621 1325 1661 cnjus
1344 1618 1520 1657 utriusque
1545 1624 1601 1645 vo·

903 1680 1060 1711 cabulum
1084 1687 1104 1707 a
1126 1674 1222 1705 forno
1246 1671 1398 1703 (luctum,
1425 1666 1459 1698 id
1490 1669 1555 1702 est,
1582 1674 1601 1695 a

900 1727 1062 1762 caldore.'
1106 1725 1173 1757 Sed
1197 1723 1243 1754 ibi
1261 1730 1320 1762 pro
1344 1719 1409 1759 qui,
1433 1718 1485 1748 vel
1507 1719 1545 1747 ut
1567 1715 1600 1745 in

901 1779 1098 1823 quibusdam
1111 1776 1209 1807 editt.
1227 1782 1307 1813 quae,
1321 1768 1502 1810 legendum
1517 1769 1600 1807 puto

900 1833 997 1873 queis.
1021 1829 1132 1861 Idem.

944 1882 957 1902 f
984 1879 1114 1919 Codeta]
1159 1876 1229 1907 Pro
1256 1873 1397 1909 caudeta,
1438 1877 1456 1899 a
1490 1867 1598 1904 caud«,

901 1943 962 1975 pro
990 1941 1057 1973 quo
1086 1929 1204 1960 dixere
1231 1925 1318 1962 coda,
1353 1926 1388 1952 ut
1420 1919 1501 1950 alibi
1529 1918 1601 1948 die-

902 1990 984 2016 tum.
1024 1981 1092 2013 Hic
1108 1987 1189 2019 ager
1205 1975 1402 2008 Codetanus
1419 1971 1452 2002 in
1469 1968 1602 2000 decima

902 2036 1023 2076 quarta
1047 2031 1138 2062 urbis
1162 2027 1301 2068 regione
1317 2028 1411 2055 trans
1425 2019 1599 2061 Tyberim.

903 2086 1002 2117 Idem.

944 2141 961 2162 g
979 2132 1094 2164 Coelius
1109 2127 1210 2168 mons]
1234 2126 1273 2158 In
1289 2123 1475 2156 Suburanae
1492 2119 1601 2159 regio-

903 2185 954 2216 nis
980 2186 1078 2224 partc
1103 2190 1123 2211 a
1144 2179 1298 2209 Varrone
1321 2174 1529 2208 recensetur,
1546 2168 1602 2208 qui

904 2245 981 2267 eum
1008 2233 1056 2264 sic
1086 2229 1296 2271 appellatum
1322 2223 1426 2254 fuisse
1451 2219 1536 2250 dicit
1557 2219 1603 2248 ‘a

903 2285 1011 2317 Coelio
1042 2282 1199 2313 Vibenno
1226 2277 1335 2307 Tusco
1371 2273 1457 2302 duce
1487 2268 1604 2306 nobili,

904 2336 960 2377 qui
987 2343 1061 2365 cum
1087 2341 1146 2361 sua
1180 2336 1281 2358 manu
1309 2323 1434 2354 dicitur
1456 2319 1601 2351 Romulo

904 2386 1033 2417 venisse
1047 2380 1171 2413 auxilio
1184 2382 1303 2408 contra
1313 2370 1477 2405 Sabinos!
1499 2369 1602 2400 Hunc

903 2437 1024 2467 Festus
1042 2441 1106 2463 nou
1126 2428 1268 2465 Caelz'um,
1282 2424 1341 2456 sed
1367 2423 1470 2454 Coelen
1491 2424 1602 2454 vocat,

904 2492 941 2517 ut
965 2490 1000 2515 et
1023 2482 1131 2514 Tacit.
1156 2479 1214 2510 lib.
1238 2486 1286 2508 lv,
1317 2475 1373 2516 qui
1398 2477 1434 2504 et
1458 2471 1600 2503 Coeliurn

904 2540 1051 2567 montem
1073 2533 1081 2549 ‘
1097 2523 1428 2569 Querquetulanum'
1445 2526 1600 2553 vocatum

906 2587 1010 2617 fuisse
1039 2583 1151 2614 docet.
1198 2580 1206 2595 ⁶
1225 2576 1326 2609 Haud
1355 2574 1461 2606 fuerit
1487 2572 1601 2603 absur-

906 2637 983 2667 dum
1002 2630 1162 2669 tradere,'
1185 2628 1304 2670 inquit,
1329 2627 1337 2643 ⁴
1356 2628 1501 2656 montem
1526 2631 1602 2652 eum

907 2686 1092 2727 antiquitus
1131 2678 1443 2721 Querquetulanum
1480 2681 1603 2713 cogno-

906 2742 1019 2770 mento
1046 2733 1161 2773 fuisse,
1188 2729 1277 2772 quod
1306 2728 1380 2759 talis
1407 2725 1511 2765 sylvae
1537 2722 1601 2753 fre-
