1835 2906
180 63 264 105 584

607 70 755 100 SEXTI
792 70 1000 100 POVMPElI-
1029 67 1166 98 FESTI

237 173 334 210 tus:
387 166 507 208 Nihil
537 165 824 206 deconciliare
866 164 964 212 sibi,
1003 162 1089 203 nisi
1125 161 1203 215 qui
1243 162 1440 214 persicus
1481 163 1619 216 sapis.

237 230 449 278 Naevius:
482 233 540 274 Et
556 231 632 286 qui
644 232 769 273 fuerit
786 232 980 286 persicus
997 229 1195 282 carpenti
1217 234 1315 270 est4
1334 231 1463 271 ratio.

182 303 440 345 Persillum¹
470 302 631 340 vocant
661 298 909 340 sacerdotes
930 296 1173 338 rudiculum
1203 297 1412 350 picatum,
1435 310 1522 352 quo
1543 309 1622 337 un-

237 370 366 422 guine
388 369 541 409 flamen
563 366 816 408 Portunalis
831 370 844 394 ⁵
867 377 988 405 arma
1010 363 1184 414 Quirini
1203 364 1397 416 unguet.⁶

182 436 419 478 Persillum
448 435 653 475 dicebant
675 447 752 474 vas
775 431 995 485 quoddam
1016 431 1226 485 picatum,
1248 432 1293 472 in
1315 444 1402 485 quo
1444 431 1622 485 [PAUL.

237 507 325 545 erat
344 506 625 555 unguentum,
647 501 760 541 unde
781 512 902 541 arma
923 498 1094 549 Quirini
1114 500 1398 552 ungebantur.

180 571 450 613 Personata⁵
471 569 619 610 fabula
639 568 840 622 quaedam
857 567 1007 609 Naevii
1025 567 1286 617 inscribitur,
1308 579 1437 620 quam
1458 565 1624 619 [FEST.

236 642 394 693 putant
424 637 601 690 quidam
622 636 811 689 primum
833 648 859 676 a
878 633 1092 689 (actam)⁷
1126 634 1377 688 personatis
1406 633 1625 674 histrioni*

234 707 344 748 bus:
388 705 483 755 sed,
513 718 612 745 cum
640 707 745 757 post
775 703 935 744 multos
969 715 1110 744 annos
1147 702 1336 744 comoedi
1365 705 1407 742 et
1438 701 1626 753 tragoedi

234 775 434 828 personis
472 774 534 814 uti
573 776 821 826 coeperunt,
859 771 1138 812 verisimilius
1183 775 1250 811 est
1288 783 1385 811 eam
1428 769 1624 810 fabulam

233 845 412 895 propter
442 841 637 894 inopiam
679 840 975 881 comoedorum
1007 843 1150 881 actam
1179 851 1336 880 novam
1366 850 1442 891 per
1476 837 1624 878 atella·

235 921 330 958 nos,
353 909 429 961 qui
449 908 625 961 proprie
648 912 861 950 vocantur
890 907 1133 960 personati,
1155 907 1257 960 quia
1270 906 1346 961 jus
1367 909 1433 946 est
1452 905 1508 946 iis
1535 917 1624 945 non

782 1021 903 1035 eeeeee

907 1021 1022 1033 eeeeee

219 1105 239 1132 4
264 1101 343 1131 Vet.
360 1099 435 1131 cod.
451 1100 530 1130 adst.
577 1099 639 1130 Vir
665 1098 756 1130 doct.
783 1099 815 1129 in
843 1109 947 1139 marg.
975 1098 1030 1129 cd.
1058 1097 1148 1130 Scal.
1173 1098 1261 1138 conj.
1285 1098 1446 1128 adest.—5
1473 1096 1550 1127 Vet.
1566 1097 1623 1127 lib.

182 1144 429 1181 Quirinalia—6
446 1143 506 1173 Vir
521 1141 611 1173 doct.
628 1143 659 1172 in
677 1151 782 1181 marg.
799 1141 851 1172 ed.
869 1144 956 1173 Scal.
971 1141 1060 1181 conj.
1076 1141 1199 1180 unguit.
1236 1141 1325 1171 Vide
1344 1139 1469 1171 inst—7
1488 1139 1529 1170 Iu
1546 1140 1621 1171 ead.

179 1189 232 1219 ed.
247 1186 284 1217 τὸ
299 1190 397 1217 actam
414 1185 526 1217 abest:
554 1186 586 1216 in
601 1195 704 1225 marg.
721 1190 831 1216 tamen
849 1186 901 1216 vir
916 1187 1007 1216 doct.
1024 1185 1162 1225 conjicit
1178 1187 1279 1215 actam
1295 1195 1312 1214 a
1326 1183 1512 1223 personatis.

834 1347 973 1380 NOTAE

219 1438 230 1453 Γ
246 1434 427 1475 Persillum]
445 1435 545 1467 Quod
560 1435 688 1466 Paulus
704 1435 764 1474 ait,
778 1444 875 1476 aper·

177 1488 246 1515 tum
265 1490 327 1524 est,
344 1485 403 1516 sed
418 1495 458 1516 an
475 1485 564 1517 idem
580 1486 717 1517 Festum
730 1486 876 1517 sensisse

178 1535 385 1567 credendum
414 1537 470 1576 sit,
500 1538 720 1573 vehementer
747 1536 875 1569 dubito.

176 1586 362 1617 Rudiculum
390 1588 531 1627 picatum
557 1597 630 1619 esse
655 1598 726 1627 vas,
752 1588 785 1619 in
810 1598 876 1630 quo

175 1637 220 1667 sit
238 1642 460 1678 unguentum,
476 1639 695 1680 quaerendum
713 1639 875 1671 arbitror:

168 1687 313 1727 fluminis
349 1698 484 1729 quoque
522 1699 643 1720 nomen
681 1694 877 1730 suspectum

175 1743 240 1770 est.
276 1739 464 1770 Rudiculnm
481 1750 499 1770 a
517 1741 626 1771 rudere
642 1738 788 1771 fortasse
805 1740 876 1772 dic-

175 1793 259 1828 tum,
277 1795 312 1820 et
329 1790 463 1830 globum
485 1791 632 1830 piceum,
652 1790 705 1821 vel
728 1791 876 1831 picatum

175 1838 355 1879 significat.
379 1841 457 1872 Ant.
471 1844 555 1879 Aug.

218 1890 402 1931 Persillum]
428 1891 625 1931 Legendum
644 1897 740 1932 puto,
756 1892 877 1923 Rufius-

173 1941 274 1970 culnm
299 1941 447 1980 picatum,
473 1941 535 1972 hoc
560 1946 625 1979 est,
648 1952 705 1973 vas
733 1952 774 1973 ex
793 1952 877 1973 cavo

174 1989 309 2021 informi
326 2001 420 2031 saxo,
436 1991 526 2033 quod
555 1991 658 2023 rudus
683 2002 798 2023 saxum
816 1993 877 2023 im-

173 2040 317 2081 politum
334 2042 391 2072 sit.
431 2042 628 2082 Legendum
646 2052 738 2083 vero,
751 2054 791 2074 es:
807 2053 878 2083 quo,

172 2090 321 2130 unguine,
337 2093 389 2131 disc.
423 2091 582 2131 Quidam,
598 2092 652 2133 qui
671 2093 765 2124 nobis
782 2099 877 2124 vete·

173 2151 245 2171 rum
273 2143 511 2174 numismatum
534 2148 569 2174 et
593 2143 734 2174 aliorum
762 2154 877 2175 mouu-

173 2197 362 2223 mentorum
388 2193 489 2224 libros
514 2193 709 2234 ediderunt,
726 2195 758 2225 in
783 2195 822 2225 iis
839 2196 877 2225 li-

173 2241 243 2272 bris
268 2243 476 2274 Cantharum
509 2245 643 2275 Persilli
675 2245 773 2276 titulo
799 2255 876 2286 pro-

172 2293 406 2333 scripserunt:
434 2300 468 2325 et
484 2295 667 2325 Persillum
687 2305 748 2336 pro
761 2297 877 2327 Perir-

173 2342 347 2374 rhanterio
378 2345 563 2384 accipiunt.
598 2345 684 2385 Risi,
708 2356 785 2377 cum
819 2346 876 2377 illa

173 2392 251 2432 legi,
282 2404 345 2425 non
381 2401 510 2426 tantum
545 2396 635 2437 quod
669 2396 874 2428 Cantharum

174 2444 268 2473 nulla
285 2446 415 2477 ratione
433 2447 513 2477 moti
532 2447 712 2478 Pcrsillum
731 2453 874 2478 vocant:

174 2493 235 2524 sed
273 2496 374 2526 etiam
413 2497 515 2537 quod,
556 2507 630 2528 cum
671 2499 875 2529 seutentiam

175 2553 268 2573 suam
293 2545 493 2577 confirmare
522 2548 660 2588 vellent,
681 2550 874 2580 testimonio

175 2593 268 2624 Festi
288 2593 321 2624 id
348 2594 460 2626 facere
485 2598 599 2628 conati
619 2602 705 2629 sunt.
752 2599 875 2630 Lector

176 2651 254 2674 vero
285 2644 436 2676 eruditus
458 2646 603 2685 judicet,
631 2649 709 2688 quid
738 2650 873 2681 intersit

927 1437 1015 1466 inter
1029 1434 1224 1472 Persillum,
1236 1439 1271 1464 et
1282 1431 1543 1473 περιρῤαντήριονε
1560 1435 1629 1462 tam

927 1484 1097 1526 profecto,
1116 1494 1215 1525 quam
1241 1484 1327 1515 inter
1345 1493 1478 1525 unguen
1502 1483 1555 1514 vel
1572 1492 1630 1513 ax-

927 1535 1073 1575 ungiam,
1109 1540 1145 1566 et
1181 1543 1298 1575 aquam
1336 1534 1523 1565 lustralem.
1560 1533 1629 1563 Jos.

929 1585 1018 1616 scal·

970 1640 980 1654 ς
1003 1634 1194 1674 Personatu]
1219 1633 1395 1666 Videndus
1423 1632 1539 1664 Livius
1568 1632 1631 1663 ini-

929 1685 977 1717 tio
994 1685 1051 1717 lib.
1071 1695 1137 1716 vn.
1162 1685 1241 1716 Ant.
1260 1685 1345 1724 Aug.

971 1736 1162 1776 Personam]
1186 1736 1286 1769 Quod
1302 1736 1361 1775 ait,
1373 1735 1555 1766 histriones
1572 1743 1629 1765 co-

928 1788 961 1829 gi
993 1788 1110 1819 solitos
1137 1787 1310 1827 deponere
1343 1795 1542 1827 personam:
1567 1785 1630 1816 hoc

928 1839 1046 1878 fiebat,
1074 1838 1208 1879 quando
1225 1836 1505 1875 exsibilabantur‚
1521 1845 1631 1877 neque

929 1889 1123 1930 placebant.
1177 1888 1373 1919 Macrobius
1409 1887 1550 1927 loquens
1589 1886 1631 1916 de

930 1940 1058 1981 Pylade
1082 1939 1265 1970 histrione:
1299 1938 1405 1970 ‘Cum
1436 1938 1469 1968 in
1502 1936 1630 1968 Hercu-

928 1992 993 2022 lem
1009 1990 1177 2022 furentem
1195 1989 1392 2030 prodiisset,
1410 1994 1444 2019 et
1466 1987 1632 2018 nonnullis

927 2043 1094 2073 incessum
1112 2041 1263 2073 histrioni
1280 2040 1540 2071 convenientem
1567 2047 1631 2068 non

929 2102 1067 2124 servare
1093 2092 1277 2130 videretur,
1304 2089 1460 2130 deposita
1486 2098 1631 2129 persona

930 2143 1079 2174 ridentes
1111 2141 1298 2181 increpuit:
1323 2138 1429 2180 μωροὶ,
1449 2137 1632 2177 μαινόμενον

928 2191 1122 2233 ὀρχούμεθα.’
1146 2193 1214 2222 Jos.
1232 2190 1314 2221 Scal.

971 2244 1146 2274 personata
1167 2239 1296 2279 subula]
1337 2239 1437 2272 Quod
1474 2239 1534 2279 ait,
1564 2242 1630 2271 διε.

927 2294 1112 2334 ὀρχούμεθα.
1156 2292 1239 2323 Scal.
1300 2290 1449 2322 Atellani
1482 2299 1564 2321 vero
1596 2289 1630 2320 id

921 2347 980 2386 jus
1006 2344 1186 2379 habebant,
1209 2348 1246 2374 ut
1263 2351 1433 2383 nunquam
1451 2351 1631 2381 personam

928 2401 1105 2437 ponerent.
1155 2395 1275 2434 Neque
1300 2394 1402 2424 etiam
1430 2392 1630 2423 histrionum

927 2457 1066 2478 numero
1101 2445 1373 2482 ascribebantur,
1402 2452 1510 2483 neque
1539 2443 1628 2473 tribu

927 2497 1160 2534 movebantur,
1186 2494 1435 2534 stipendiaque,
1468 2498 1628 2532 tauquam

928 2553 1089 2587 expertes
1103 2546 1186 2576 artis
1201 2544 1350 2579 ludicrae,
1365 2542 1545 2573 faciebant.
1571 2541 1629 2572 Vi-

930 2598 972 2630 de
990 2597 1062 2630 Liv.
1081 2596 1137 2627 lib.
1155 2604 1217 2627 vu.
1234 2604 1308 2635 cap.
1321 2598 1351 2625 2.
1376 2593 1455 2625 Dae.
