1835 2906
384 173 447 202 DE
483 167 753 202 VERBORUM
786 159 1193 197 SIGNIFICATIONE
1228 159 1321 191 LlB·
1353 158 1440 190 VII.

1555 146 1640 189 295

254 269 526 310 imitarentur
553 266 792 319 aegipanaS,
812 259 995 315 adjectis
1021 256 1205 312 perticis
1225 256 1420 298 furculas
1440 252 1641 295 habenti-

255 338 354 386 bus,
377 339 506 387 atque
528 334 572 373 in
591 333 660 372 his
677 333 974 384 superstantes
991 326 1046 367 ad
1063 324 1392 366 similitudinem
1405 327 1440 346 20
1468 333 1642 363 crurum

255 403 350 457 ejus
387 401 556 455 generis
589 399 910 452 gradiebantur,
949 394 1100 446 utique
1139 395 1318 446 propter
1348 389 1644 431 difficultatem

255 469 537 511 consistendi.

255 539 443 579 latorem
466 535 618 589 gradu.

598 467 810 508 Plautus:
843 461 1097 504 Vinceretis
1123 472 1250 501 cursu
1279 470 1449 507 cervas,
1471 461 1516 497 et
1537 454 1645 508 gral-

202 605 393 647 Gramiae
411 610 427 625 ¹¹
459 603 681 644 oculorum
704 603 805 642 sunt
822 599 945 648 vitia,
967 610 1078 652 quas
1095 595 1172 637 alii
1195 595 1363 649 glamas
1378 598 1389 615 ¹
1421 595 1599 633 vocant.

203 672 386 714 Grando
402 677 417 693 ⁰
448 675 586 724 guttae
609 681 734 722 aquae
753 670 970 708 concretae
994 666 1124 707 solito
1143 663 1407 718 grandiores.

204 740 440 781 Grassarip
471 737 638 790 antiqui
660 736 879 790 ponebant
905 747 985 788 pro
1007 733 1202 775 adulari:
1233 728 1439 784 grassarii
1456 733 1471 750 2
1503 729 1650 768 autem

259 806 460 846 dicuntur
480 806 668 845 latrones
688 804 784 844 vias
808 803 1057 844 obsidentes
1076 815 1085 842 :
1117 799 1239 853 gradi
1258 796 1476 851 siquidem
1497 794 1651 835 ambu-

258 873 349 914 lare
372 878 457 922 est,
478 871 592 912 unde
624 874 809 912 tractum
833 869 1039 923 grassari,
1061 867 1265 909 videlicet
1292 865 1348 905 ab
1370 864 1536 916 impetu
1557 872 1651 914 gra-

260 940 422 981 diendi.

808 1022 943 1035 ccccccc

947 1022 1043 1033 eeeee

245 1107 286 1135 20
310 1103 455 1137 Quidam
473 1102 548 1134 libri
571 1102 873 1133 simulationem—1
900 1100 956 1133 Al.
980 1102 1184 1139 gromas.-2
1208 1098 1264 1129 Al.
1289 1094 1443 1136 grassari.

858 1203 1000 1236 NOTAE

203 1274 327 1307 latores,
347 1270 458 1301 πανικὰ
472 1269 659 1311 φοροῦντες]
684 1269 793 1301 Immo
809 1270 905 1300 Gral-

206 1324 330 1353 latores.
375 1319 493 1352 Πανικὰ
515 1321 623 1361 φορεῖν
645 1320 797 1361 explicat
817 1319 906 1360 quod

207 1372 250 1403 de
269 1372 487 1412 AEgipanibus
502 1372 555 1402 liic
572 1371 708 1401 dicitur.
724 1371 793 1401 JoS.
809 1369 892 1401 Scal.

251 1422 463 1462 Grallatores]
500 1422 628 1453 Grallae
659 1425 737 1452 sunt
766 1421 905 1460 perticae

207 1474 330 1514 ligneae
348 1472 496 1504 furculas
521 1472 686 1503 habentes
709 1471 831 1512 quibus
850 1480 907 1511 pe-

208 1525 268 1556 des
296 1524 477 1564 ponebant.
502 1523 591 1554 Gall.
607 1523 661 1553 des
681 1521 831 1553 &chausses
876 1520 907 1551 A

210 1574 409 1615 gradiendo,
446 1573 610 1615 gradulae,
648 1573 775 1613 grallae.
822 1571 908 1602 Inde

211 1627 422 1666 grallatores,
445 1627 501 1668 qui
532 1626 646 1666 grallis
676 1623 908 1656 ambulabant.

210 1677 323 1708 Plaut.
354 1677 486 1708 Poeuul.
509 1682 576 1707 act.
599 1684 654 1706 111.
672 1684 718 1706 sc.
735 1677 766 1705 1.
788 1673 858 1704 ‘At
883 1672 909 1703 si

213 1727 254 1758 ad
280 1727 457 1768 prandium
482 1727 583 1757 mein
601 1725 709 1756 aedem
726 1733 785 1755 vos
809 1723 909 1754 dixis-

213 1787 281 1808 sem
301 1776 643 1816 ducere,Vinceretis
660 1783 795 1806 cervum
812 1782 911 1804 cursu

213 1829 266 1860 vel
284 1828 498 1869 grallatorem
525 1825 654 1867 gradu!
698 1825 762 1856 His
785 1823 912 1864 grauis,

214 1884 252 1910 nt
268 1879 315 1909 ait
338 1879 472 1917 Festus,
491 1875 687 1918 pantomimi
713 1874 909 1909 utebantur,

213 1939 288 1960 cum
302 1930 412 1960 Panas
430 1929 499 1959 sive
513 1927 697 1968 AEgipanas
711 1924 911 1963 induebant,

216 1990 357 2020 quorum
379 1979 505 2010 exsicci
534 1978 637 2019 pedes
665 1981 701 2006 et
724 1984 825 2006 crura
847 1983 912 2004 non

213 2031 334 2061 melius
362 2028 603 2070 repraesentari
627 2030 915 2068 poterant,quarn

214 2081 336 2121 ligneis
380 2080 446 2111 illis
491 2078 635 2119 pedibus
683 2076 915 2116 granatorum.

215 2132 331 2164 Quare
348 2136 383 2162 et
399 2131 513 2171 grallae
531 2129 655 2160 Graece
675 2126 787 2158 πανικὰ
804 2125 916 2160 dictae,

217 2187 252 2213 et
268 2182 300 2213 in
317 2182 431 2214 Gloss.
452 2182 461 2198 ‘
479 2181 704 2215 Grallatores,
726 2175 840 2208 πανικὰ
863 2181 918 2215 φο-

216 2232 362 2271 ροῦντες.’
408 2233 618 2263 Grallatores
646 2229 780 2262 Graecis
803 2228 921 2259 dicun-

217 2289 273 2313 tur
302 2283 454 2321 Ὑύπωνες,
482 2280 743 2317 Colobathrarii,
773 2285 808 2310 et
836 2279 920 2319 ipsae

220 2332 347 2364 Grallae
364 2333 570 2364 colobatlira.
596 2332 677 2363 Dac.

262 2389 277 2402 ¹¹
303 2383 459 2423 Gramiae]
484 2381 571 2420 Λήμη
585 2381 712 2412 AEolice
723 2378 844 2419 γλάμα,
861 2387 921 2409 un-

224 2433 266 2465 de
285 2433 427 2463 Gramia.
442 2431 515 2463 Jos.
532 2431 621 2462 Scal.

268 2481 423 2521 Gramiae]
448 2480 594 2511 Nonius:
626 2480 635 2496 ‘
655 2477 792 2509 Gramia
820 2476 920 2517 pitui-

223 2538 259 2564 ta
282 2533 469 2564 oculorum.
523 2528 701 2560 Caecilius:
739 2527 923 2559 Gramiosis

224 2583 330 2615 oculis
358 2583 442 2622 ipsa,
470 2579 588 2611 atratis
613 2577 796 2609 dentibus!
843 2577 925 2608 Gra-

223 2635 287 2664 mia
303 2637 337 2664 et
348 2641 459 2671 grama
475 2630 601 2661 dictum
620 2637 682 2669 pro
702 2628 820 2666 glama,
837 2626 924 2666 quod

228 2694 247 2713 a
281 2682 400 2721 Ὑλήμη,
431 2681 462 2712 G
496 2679 625 2715 addito,
648 2688 666 2708 a
690 2676 786 2715 λήμη.
812 2676 925 2707 Gloss.

229 2739 235 2750 s
254 2742 378 2773 graina,
391 2731 495 2769 λήμη,’
541 2730 628 2761 Vide
648 2727 797 2768 Hesych.
812 2727 893 2758 Dae.

1004 1273 1018 1288 ⁰
1044 1266 1190 1306 Grande]
1222 1264 1314 1296 Plin.
1342 1261 1402 1292 lib.
1429 1268 1471 1291 11.
1502 1266 1578 1297 cap.
1608 1258 1662 1286 60.

961 1323 969 1337 ‘
989 1318 1198 1350 Grandinem
1223 1311 1438 1354 conglaciato
1466 1308 1571 1340 imbre
1590 1307 1661 1347 gig-

961 1370 1006 1406 ni,
1025 1374 1061 1400 et
1083 1369 1196 1400 nivem
1221 1365 1339 1397 eodem
1363 1363 1504 1393 humore
1531 1358 1662 1390 mollius

961 1424 1092 1457 coacto,
1108 1417 1262 1458 pruinam
1287 1418 1399 1446 autem
1416 1421 1459 1443 ex
1482 1419 1557 1440 rore
1582 1408 1664 1448 geli-

962 1470 1027 1502 do!
1070 1470 1199 1500 Grande
1216 1471 1328 1498 autern
1342 1461 1515 1504 agrandis,
1532 1461 1666 1491 Festus.

962 1520 1029 1552 Sed
1059 1520 1180 1551 melius
1208 1516 1360 1549 Isidorus
1386 1514 1443 1544 lib.
1474 1521 1558 1543 xirr.
1588 1520 1664 1550 cap.

964 1573 1016 1602 10.
1034 1578 1207 1608 agrarium,
1221 1566 1310 1597 uude
1328 1568 1361 1595 et
1376 1563 1517 1603 grandis.
1535 1560 1645 1591 Idem.

1006 1624 1022 1645 Ρ
1049 1617 1217 1657 Grassari]
1254 1617 1262 1633 ‘
1291 1614 1464 1651 Grassari,
1501 1611 1671 1650 ὃξυποδεΐν,

965 1668 1183 1710 ἐπερείδεσθαι,
1196 1664 1354 1705 βαδίζειν.’
1383 1665 1393 1681 ‘
1408 1664 1547 1700 Grassa,
1557 1660 1668 1697 βάδισ·

963 1733 1016 1760 μα,
1046 1718 1155 1758 βῆμα.’
1201 1717 1421 1754 ‘Grassatur,
1463 1709 1670 1744 λωποδυτεῖ.’

967 1773 976 1788 ‘
994 1772 1189 1807 Grassator‚
1204 1765 1406 1803 λωποδύτης.’
1427 1765 1498 1795 Jos.
1511 1763 1594 1795 Scal.

1013 1819 1178 1860 Grassarz']
1205 1818 1235 1849 A
1262 1816 1405 1856 gradior,
1429 1813 1584 1853 grassari,
1608 1812 1670 1849 ire,

965 1872 1148 1903 ambulare.
1172 1868 1286 1899 Gloss.
1301 1867 1311 1883 ⁴
1329 1864 1488 1904 grassari,
1504 1862 1672 1901 ὀξυπεδεῑν,

969 1920 1188 1962 ἐπερείδεσθιιι,
1226 1914 1387 1956 βαδίζειν,’
1433 1914 1442 1930 ‘
1460 1914 1570 1951 inniti,
1611 1913 1674 1950 ire,

968 1983 1043 2005 cuin
1072 1973 1203 2012 impetu
1228 1966 1334 1999 ferri.’
1380 1964 1448 1997 Sed
1469 1970 1586 2005 postea
1612 1964 1673 1993 lioc

970 2023 1110 2055 verbum
1136 2020 1224 2052 male
1253 2017 1374 2056 audiit,
1399 2021 1435 2048 et
1457 2013 1603 2054 grassari
1630 2013 1672 2043 de

969 2075 1099 2105 viarum
1129 2069 1362 2103 obsessoribus
1395 2066 1522 2096 dictum
1555 2064 1611 2104 qui
1640 2063 1674 2092 in

971 2125 1218 2165 praetereuntes
1266 2119 1431 2158 impetum
1490 2113 1674 2145 faciebant.

974 2173 1075 2206 Unde
1088 2173 1120 2203 in
1132 2172 1244 2204 Gloss.
1260 2171 1269 2186 ‘
1281 2172 1466 2209 grassatur,
1478 2162 1676 2201 λωποδυτεῖ,’

975 2225 984 2242 ‘
1002 2222 1210 2255 vestimentis
1236 2218 1353 2250 exuit.’
1375 2219 1384 2234 ‘
1401 2217 1587 2249 Grassator
1615 2220 1678 2244 λω-

975 2272 1133 2311 ποδύτης,“
1151 2276 1158 2289 ‘
1174 2271 1231 2312 qui
1258 2266 1470 2301 vestimentis
1498 2264 1618 2305 exuit,'
1635 2264 1677 2295 ti.

976 2334 1050 2356 reur
1079 2325 1115 2355 de
1142 2322 1234 2352 laiue.
1280 2318 1367 2350 Inde
1397 2321 1510 2347 antem
1537 2315 1678 2355 grassari

976 2384 1038 2416 pro
1077 2372 1229 2404 adulari:
1270 2368 1359 2409 qnod
1398 2366 1536 2408 parasiti
1575 2370 1678 2407 atque

977 2425 1172 2456 adulatores
1190 2430 1251 2461 per
1272 2420 1398 2459 plateas
1415 2417 1626 2449 ambulantes
1643 2416 1677 2446 in

977 2475 1113 2506 obvium
1152 2478 1318 2512 quemque
1357 2472 1603 2508 grassarentur,
1640 2470 1679 2497 ut

979 2522 1227 2556 adulationibus
1245 2520 1313 2550 suis
1330 2518 1391 2549 sibi
1409 2519 1535 2548 victum
1548 2526 1679 2558 quaere-

979 2579 1068 2605 rent.
1113 2573 1159 2603 Et
1182 2569 1259 2611 quia
1283 2570 1333 2600 ita
1352 2569 1431 2599 olim
1460 2565 1534 2598 fere
1557 2566 1680 2606 poetae,

979 2624 1001 2655 ii
1019 2624 1121 2654 etiam
1145 2623 1340 2660 grassatores
1359 2617 1443 2649 dicti
1460 2621 1550 2648 sunt.
1572 2617 1680 2647 Varro

979 2676 1011 2706 in
1036 2673 1121 2703 libro
1145 2671 1187 2702 de
1203 2669 1365 2701 moribus.
1411 2666 1511 2706 Apud
1529 2666 1678 2697 Gellium

981 2724 1036 2755 lib.
1063 2731 1111 2754 xi.
1135 2731 1210 2762 cap.
1235 2722 1266 2751 2.
1291 2721 1299 2737 ‘
1319 2717 1444 2749 Vestiri
1468 2716 1501 2747 in
1527 2715 1601 2747 foro
1626 2716 1680 2746 lio-
