<?xml version="1.0" encoding="UTF-8"?>
<!DOCTYPE html PUBLIC "-//W3C//DTD XHTML 1.0 Transitional//EN"
    "http://www.w3.org/TR/xhtml1/DTD/xhtml1-transitional.dtd">
<html xmlns="http://www.w3.org/1999/xhtml" xml:lang="en" lang="en">
 <head>
  <title>
</title>
<meta http-equiv="Content-Type" content="text/html;charset=utf-8" />
  <meta name='ocr-system' content='tesseract 3.04.00' />
  <meta name='ocr-capabilities' content='ocr_page ocr_carea ocr_par ocr_line ocrx_word'/>
</head>
<body>
  <div class='ocr_page' id='page_1' title='image "./mverriiflacciqua01verruoft_0042.png"; bbox 0 0 1835 2906; ppageno 0'>
   <div class='ocr_carea' id='block_1_1' title="bbox 224 121 1221 171">
    <p class='ocr_par' dir='ltr' id='par_1_1' title="bbox 224 121 1221 171">
     <span class='ocr_line' id='line_1_1' title="bbox 224 121 1221 171; baseline 0.011 -11"><span class='ocrx_word' id='word_1_1' title='bbox 224 121 280 161; x_wconf 76' lang='lat'>32</span> <span class='ocrx_word' id='word_1_2' title='bbox 667 134 815 166; x_wconf 74' lang='lat' dir='ltr'>sssxri</span> <span class='ocrx_word' id='word_1_3' title='bbox 852 123 1052 169; x_wconf 55' lang='lat' dir='ltr'><strong>POMPEI}</strong></span> <span class='ocrx_word' id='word_1_4' title='bbox 1089 140 1221 171; x_wconf 68' lang='lat' dir='ltr'>asss&#39;rr</span> 
     </span>
    </p>
   </div>
   <div class='ocr_carea' id='block_1_2' title="bbox 227 228 1670 361">
    <p class='ocr_par' dir='ltr' id='par_1_2' title="bbox 227 228 1670 361">
     <span class='ocr_line' id='line_1_2' title="bbox 227 228 1670 288; baseline 0.012 -21"><span class='ocrx_word' id='word_1_5' title='bbox 227 228 519 281; x_wconf 55' lang='lat' dir='ltr'>Aborigines?</span> <span class='ocrx_word' id='word_1_6' title='bbox 550 231 765 284; x_wconf 84' lang='lat' dir='ltr'>appellati</span> <span class='ocrx_word' id='word_1_7' title='bbox 801 237 912 283; x_wconf 82' lang='lat' dir='ltr'>sunt,</span> <span class='ocrx_word' id='word_1_8' title='bbox 940 235 1055 288; x_wconf 90' lang='lat' dir='ltr'>quod</span> <span class='ocrx_word' id='word_1_9' title='bbox 1090 241 1282 278; x_wconf 82' lang='lat' dir='ltr'><strong>errantes</strong></span> <span class='ocrx_word' id='word_1_10' title='bbox 1316 242 1597 283; x_wconf 81' lang='lat' dir='ltr'>convenerint</span> <span class='ocrx_word' id='word_1_11' title='bbox 1625 243 1670 283; x_wconf 90' lang='lat' dir='ltr'>in</span> 
     </span>
     <span class='ocr_line' id='line_1_3' title="bbox 283 298 1670 361; baseline 0.011 -26"><span class='ocrx_word' id='word_1_12' title='bbox 283 302 466 349; x_wconf 74' lang='lat' dir='ltr'>agrum,‘³</span> <span class='ocrx_word' id='word_1_13' title='bbox 489 298 566 350; x_wconf 88' lang='lat' dir='ltr'>qui</span> <span class='ocrx_word' id='word_1_14' title='bbox 585 311 698 339; x_wconf 87' lang='lat' dir='ltr'>nunc</span> <span class='ocrx_word' id='word_1_15' title='bbox 721 305 789 341; x_wconf 87' lang='lat' dir='ltr'>est</span> <span class='ocrx_word' id='word_1_16' title='bbox 810 301 967 354; x_wconf 87' lang='lat' dir='ltr'>populi</span> <span class='ocrx_word' id='word_1_17' title='bbox 990 301 1208 355; x_wconf 82' lang='lat' dir='ltr'>Romani3</span> <span class='ocrx_word' id='word_1_18' title='bbox 1230 304 1311 347; x_wconf 85' lang='lat' dir='ltr'>fuit</span> <span class='ocrx_word' id='word_1_19' title='bbox 1331 307 1445 348; x_wconf 88' lang='lat' dir='ltr'>enim</span> <span class='ocrx_word' id='word_1_20' title='bbox 1465 322 1573 361; x_wconf 87' lang='lat' dir='ltr'>gens</span> <span class='ocrx_word' id='word_1_21' title='bbox 1595 322 1670 350; x_wconf 86' lang='lat' dir='ltr'>an-</span> 
     </span>
    </p>
   </div>
   <div class='ocr_carea' id='block_1_3' title="bbox 281 364 715 417">
    <p class='ocr_par' dir='ltr' id='par_1_3' title="bbox 281 364 715 417">
     <span class='ocr_line' id='line_1_4' title="bbox 281 364 715 417; baseline 0.007 -13"><span class='ocrx_word' id='word_1_22' title='bbox 281 364 533 417; x_wconf 86' lang='lat' dir='ltr'>tiquissima</span> <span class='ocrx_word' id='word_1_23' title='bbox 554 364 715 407; x_wconf 83' lang='lat' dir='ltr'>Italiae.</span> 
     </span>
    </p>
   </div>
   <div class='ocr_carea' id='block_1_4' title="bbox 226 429 1670 495">
    <p class='ocr_par' dir='ltr' id='par_1_4' title="bbox 226 429 1670 495">
     <span class='ocr_line' id='line_1_5' title="bbox 226 429 1670 495; baseline 0.01 -25"><span class='ocrx_word' id='word_1_24' title='bbox 226 429 442 471; x_wconf 88' lang='lat' dir='ltr'>Abortum</span> <span class='ocrx_word' id='word_1_25' title='bbox 456 429 470 450; x_wconf 78' lang='lat'>³</span> <span class='ocrx_word' id='word_1_26' title='bbox 485 437 499 453; x_wconf 54' lang='lat'>¹⁴</span> <span class='ocrx_word' id='word_1_27' title='bbox 527 433 721 485; x_wconf 83' lang='lat' dir='ltr'>gravidae</span> <span class='ocrx_word' id='word_1_28' title='bbox 743 433 937 475; x_wconf 85' lang='lat' dir='ltr'>mulieris</span> <span class='ocrx_word' id='word_1_29' title='bbox 960 435 1133 486; x_wconf 87' lang='lat' dir='ltr'>dicitur,</span> <span class='ocrx_word' id='word_1_30' title='bbox 1156 438 1274 491; x_wconf 92' lang='lat' dir='ltr'>quod</span> <span class='ocrx_word' id='word_1_31' title='bbox 1294 452 1380 481; x_wconf 90' lang='lat' dir='ltr'>non</span> <span class='ocrx_word' id='word_1_32' title='bbox 1398 441 1458 482; x_wconf 87' lang='lat' dir='ltr'>sit</span> <span class='ocrx_word' id='word_1_33' title='bbox 1480 446 1670 495; x_wconf 87' lang='lat' dir='ltr'>tempes-</span> 
     </span>
    </p>
   </div>
   <div class='ocr_carea' id='block_1_5' title="bbox 227 497 736 617">
    <p class='ocr_par' dir='ltr' id='par_1_5' title="bbox 227 497 736 617">
     <span class='ocr_line' id='line_1_6' title="bbox 283 497 556 539; baseline 0 -2"><span class='ocrx_word' id='word_1_34' title='bbox 283 497 374 538; x_wconf 88' lang='lat' dir='ltr'>tive</span> <span class='ocrx_word' id='word_1_35' title='bbox 401 503 556 539; x_wconf 86' lang='lat' dir='ltr'>ortum.</span> 
     </span>
     <span class='ocr_line' id='line_1_7' title="bbox 227 562 736 617; baseline 0.006 -14"><span class='ocrx_word' id='word_1_36' title='bbox 227 562 469 617; x_wconf 86' lang='lat' dir='ltr'>Abrogare‚</span> <span class='ocrx_word' id='word_1_37' title='bbox 490 565 627 606; x_wconf 89' lang='lat' dir='ltr'>infirm</span> <span class='ocrx_word' id='word_1_38' title='bbox 634 572 736 607; x_wconf 79' lang='lat' dir='ltr'>are.s</span> 
     </span>
    </p>
   </div>
   <div class='ocr_carea' id='block_1_6' title="bbox 227 628 1673 756">
    <p class='ocr_par' dir='ltr' id='par_1_6' title="bbox 227 628 1673 756">
     <span class='ocr_line' id='line_1_8' title="bbox 227 628 1673 694; baseline 0.01 -24"><span class='ocrx_word' id='word_1_39' title='bbox 227 628 348 670; x_wconf 82' lang='lat' dir='ltr'>Abst</span> <span class='ocrx_word' id='word_1_40' title='bbox 382 634 636 686; x_wconf 82' lang='lat' dir='ltr'>praepositio</span> <span class='ocrx_word' id='word_1_41' title='bbox 671 646 697 673; x_wconf 89' lang='lat' dir='ltr'>a</span> <span class='ocrx_word' id='word_1_42' title='bbox 729 633 889 676; x_wconf 85' lang='lat' dir='ltr'>Graeco</span> <span class='ocrx_word' id='word_1_43' title='bbox 910 636 1143 678; x_wconf 83' lang='lat' dir='ltr'>deducitur</span> <span class='ocrx_word' id='word_1_44' title='bbox 1173 637 1246 687; x_wconf 73' lang='grc' dir='ltr'>ἄψ.</span> <span class='ocrx_word' id='word_1_45' title='bbox 1284 640 1502 694; x_wconf 86' lang='lat' dir='ltr'>significat</span> <span class='ocrx_word' id='word_1_46' title='bbox 1528 647 1673 684; x_wconf 87' lang='lat' dir='ltr'>autem</span> 
     </span>
     <span class='ocr_line' id='line_1_9' title="bbox 283 700 1165 756; baseline 0.007 -18"><span class='ocrx_word' id='word_1_47' title='bbox 283 700 591 740; x_wconf 83' lang='lat' dir='ltr'>retractionem</span> <span class='ocrx_word' id='word_1_48' title='bbox 612 701 654 740; x_wconf 86' lang='lat' dir='ltr'>in</span> <span class='ocrx_word' id='word_1_49' title='bbox 676 705 842 753; x_wconf 87' lang='lat' dir='ltr'>partem</span> <span class='ocrx_word' id='word_1_50' title='bbox 863 705 1165 756; x_wconf 82' lang='lat' dir='ltr'><strong>posteriorem.</strong></span> 
     </span>
    </p>
   </div>
   <div class='ocr_carea' id='block_1_7' title="bbox 830 833 965 844">
    <p class='ocr_par' dir='ltr' id='par_1_7' title="bbox 830 833 965 844">
     <span class='ocr_line' id='line_1_10' title="bbox 830 833 965 844; baseline 0.007 -1"><span class='ocrx_word' id='word_1_51' title='bbox 830 833 965 844; x_wconf 51' lang='grc' dir='ltr'>ααααααα</span> 
     </span>
    </p>
   </div>
   <div class='ocr_carea' id='block_1_8' title="bbox 271 905 730 946">
    <p class='ocr_par' dir='ltr' id='par_1_8' title="bbox 271 905 730 946">
     <span class='ocr_line' id='line_1_11' title="bbox 271 905 730 946; baseline 0 -11"><span class='ocrx_word' id='word_1_52' title='bbox 271 908 288 935; x_wconf 82' lang='grc'><strong>3</strong></span> <span class='ocrx_word' id='word_1_53' title='bbox 314 905 461 946; x_wconf 86' lang='lat' dir='ltr'>Coujicit</span> <span class='ocrx_word' id='word_1_54' title='bbox 478 907 563 937; x_wconf 84' lang='lat' dir='ltr'>Dae.</span> <span class='ocrx_word' id='word_1_55' title='bbox 582 906 730 937; x_wconf 79' lang='lat' dir='ltr'>Abortus.</span> 
     </span>
    </p>
   </div>
   <div class='ocr_carea' id='block_1_9' title="bbox 971 834 1066 846">
    <p class='ocr_par' dir='ltr' id='par_1_9' title="bbox 971 834 1066 846">
     <span class='ocr_line' id='line_1_12' title="bbox 971 834 1066 846; baseline 0 -1"><span class='ocrx_word' id='word_1_56' title='bbox 971 834 1066 846; x_wconf 58' lang='lat' dir='ltr'>ooooo</span> 
     </span>
    </p>
   </div>
   <div class='ocr_carea' id='block_1_10' title="bbox 886 1017 1026 1050">
    <p class='ocr_par' dir='ltr' id='par_1_10' title="bbox 886 1017 1026 1050">
     <span class='ocr_line' id='line_1_13' title="bbox 886 1017 1026 1050; baseline 0.021 -3"><span class='ocrx_word' id='word_1_57' title='bbox 886 1017 1026 1050; x_wconf 80' lang='lat' dir='ltr'><strong>NOTAE</strong></span> 
     </span>
    </p>
   </div>
   <div class='ocr_carea' id='block_1_11' title="bbox 227 1078 931 2726">
    <p class='ocr_par' dir='ltr' id='par_1_11' title="bbox 228 1078 927 1169">
     <span class='ocr_line' id='line_1_14' title="bbox 228 1078 927 1119; baseline 0.006 -11"><span class='ocrx_word' id='word_1_58' title='bbox 228 1079 291 1108; x_wconf 86' lang='lat' dir='ltr'>hoc</span> <span class='ocrx_word' id='word_1_59' title='bbox 319 1082 383 1113; x_wconf 88' lang='lat' dir='ltr'>est,</span> <span class='ocrx_word' id='word_1_60' title='bbox 409 1078 558 1109; x_wconf 85' lang='lat' dir='ltr'>Pilumni</span> <span class='ocrx_word' id='word_1_61' title='bbox 584 1079 723 1119; x_wconf 87' lang='lat' dir='ltr'>populi:</span> <span class='ocrx_word' id='word_1_62' title='bbox 750 1084 785 1111; x_wconf 90' lang='lat' dir='ltr'>et</span> <span class='ocrx_word' id='word_1_63' title='bbox 812 1087 927 1112; x_wconf 70' lang='lat' dir='ltr'>FAsct-</span> 
     </span>
     <span class='ocr_line' id='line_1_15' title="bbox 228 1129 732 1169; baseline -0.002 -10"><span class='ocrx_word' id='word_1_64' title='bbox 228 1137 301 1159; x_wconf 77' lang='grc' dir='ltr'>ΝοΕ</span> <span class='ocrx_word' id='word_1_65' title='bbox 319 1137 378 1169; x_wconf 88' lang='lat' dir='ltr'>pro</span> <span class='ocrx_word' id='word_1_66' title='bbox 396 1129 542 1160; x_wconf 86' lang='lat' dir='ltr'>Fascini.</span> <span class='ocrx_word' id='word_1_67' title='bbox 564 1129 633 1160; x_wconf 84' lang='lat' dir='ltr'>Jos.</span> <span class='ocrx_word' id='word_1_68' title='bbox 650 1129 732 1160; x_wconf 78' lang='lat' dir='ltr'>Scal.</span> 
     </span>
    </p>

    <p class='ocr_par' dir='ltr' id='par_1_12' title="bbox 227 1177 927 1409">
     <span class='ocr_line' id='line_1_16' title="bbox 270 1177 927 1221; baseline 0.003 -11"><span class='ocrx_word' id='word_1_69' title='bbox 270 1178 321 1210; x_wconf 86' lang='lat' dir='ltr'>Ab</span> <span class='ocrx_word' id='word_1_70' title='bbox 336 1177 431 1218; x_wconf 80' lang='lat' dir='ltr'>oloes]</span> <span class='ocrx_word' id='word_1_71' title='bbox 457 1179 527 1220; x_wconf 88' lang='lat' dir='ltr'>Oli,</span> <span class='ocrx_word' id='word_1_72' title='bbox 550 1189 611 1220; x_wconf 87' lang='lat' dir='ltr'>pro</span> <span class='ocrx_word' id='word_1_73' title='bbox 637 1180 705 1220; x_wconf 84' lang='lat' dir='ltr'>olli,</span> <span class='ocrx_word' id='word_1_74' title='bbox 728 1185 763 1211; x_wconf 90' lang='lat' dir='ltr'>et</span> <span class='ocrx_word' id='word_1_75' title='bbox 783 1181 838 1212; x_wconf 91' lang='lat' dir='ltr'>olli</span> <span class='ocrx_word' id='word_1_76' title='bbox 866 1191 927 1221; x_wconf 86' lang='lat' dir='ltr'>pro</span> 
     </span>
     <span class='ocr_line' id='line_1_17' title="bbox 227 1230 927 1271; baseline 0.004 -12"><span class='ocrx_word' id='word_1_77' title='bbox 227 1230 296 1262; x_wconf 87' lang='lat' dir='ltr'>illi:</span> <span class='ocrx_word' id='word_1_78' title='bbox 313 1230 405 1261; x_wconf 88' lang='lat' dir='ltr'>oloes</span> <span class='ocrx_word' id='word_1_79' title='bbox 420 1234 531 1260; x_wconf 86' lang='lat' dir='ltr'>autem</span> <span class='ocrx_word' id='word_1_80' title='bbox 548 1231 643 1262; x_wconf 87' lang='lat' dir='ltr'>illoes</span> <span class='ocrx_word' id='word_1_81' title='bbox 656 1236 720 1269; x_wconf 87' lang='lat' dir='ltr'>est,</span> <span class='ocrx_word' id='word_1_82' title='bbox 736 1236 770 1262; x_wconf 90' lang='lat' dir='ltr'>et</span> <span class='ocrx_word' id='word_1_83' title='bbox 786 1241 846 1271; x_wconf 91' lang='lat' dir='ltr'>pro</span> <span class='ocrx_word' id='word_1_84' title='bbox 861 1232 927 1262; x_wconf 89' lang='lat' dir='ltr'>illis</span> 
     </span>
     <span class='ocr_line' id='line_1_18' title="bbox 228 1280 927 1319; baseline 0.003 -9"><span class='ocrx_word' id='word_1_85' title='bbox 228 1280 396 1319; x_wconf 76' lang='lat' dir='ltr'>accipitur</span> <span class='ocrx_word' id='word_1_86' title='bbox 413 1280 537 1311; x_wconf 83' lang='lat' dir='ltr'>Graeca</span> <span class='ocrx_word' id='word_1_87' title='bbox 550 1281 799 1312; x_wconf 83' lang='lat' dir='ltr'>terminatione.</span> <span class='ocrx_word' id='word_1_88' title='bbox 839 1281 927 1312; x_wconf 87' lang='lat' dir='ltr'><strong>Vide</strong></span> 
     </span>
     <span class='ocr_line' id='line_1_19' title="bbox 228 1329 926 1371; baseline 0.006 -12"><span class='ocrx_word' id='word_1_89' title='bbox 228 1334 236 1346; x_wconf 76' lang='lat'>⁶</span> <span class='ocrx_word' id='word_1_90' title='bbox 255 1329 455 1360; x_wconf 83' lang='lat' dir='ltr'>Loebesum&#39;</span> <span class='ocrx_word' id='word_1_91' title='bbox 473 1335 508 1361; x_wconf 88' lang='lat' dir='ltr'>et</span> <span class='ocrx_word' id='word_1_92' title='bbox 534 1332 543 1347; x_wconf 89' lang='lat'>‘</span> <span class='ocrx_word' id='word_1_93' title='bbox 562 1330 662 1364; x_wconf 87' lang='lat' dir='ltr'>ollic.&#39;</span> <span class='ocrx_word' id='word_1_94' title='bbox 695 1331 774 1363; x_wconf 83' lang='lat' dir='ltr'>Ant.</span> <span class='ocrx_word' id='word_1_95' title='bbox 801 1331 926 1371; x_wconf 75' lang='lat' dir='ltr'>Augus-</span> 
     </span>
     <span class='ocr_line' id='line_1_20' title="bbox 228 1379 324 1409; baseline 0.01 -1"><span class='ocrx_word' id='word_1_96' title='bbox 228 1379 324 1409; x_wconf 71' lang='lat' dir='ltr'>tinus.</span> 
     </span>
    </p>

    <p class='ocr_par' dir='ltr' id='par_1_13' title="bbox 227 1430 930 1959">
     <span class='ocr_line' id='line_1_21' title="bbox 270 1430 926 1473; baseline 0.006 -13"><span class='ocrx_word' id='word_1_97' title='bbox 270 1430 424 1470; x_wconf 84' lang='lat' dir='ltr'>Aboloes]</span> <span class='ocrx_word' id='word_1_98' title='bbox 434 1430 533 1462; x_wconf 89' lang='lat' dir='ltr'>Recti</span> <span class='ocrx_word' id='word_1_99' title='bbox 548 1431 706 1472; x_wconf 85' lang='lat' dir='ltr'>plurales,</span> <span class='ocrx_word' id='word_1_100' title='bbox 720 1432 776 1473; x_wconf 87' lang='lat' dir='ltr'>qui</span> <span class='ocrx_word' id='word_1_101' title='bbox 791 1434 926 1464; x_wconf 90' lang='lat' dir='ltr'>nuncin</span> 
     </span>
     <span class='ocr_line' id='line_1_22' title="bbox 228 1480 927 1522; baseline 0.006 -12"><span class='ocrx_word' id='word_1_102' title='bbox 228 1480 251 1519; x_wconf 90' lang='lat' dir='ltr'>i,</span> <span class='ocrx_word' id='word_1_103' title='bbox 263 1480 449 1521; x_wconf 88' lang='lat' dir='ltr'>antiquitus</span> <span class='ocrx_word' id='word_1_104' title='bbox 465 1481 667 1513; x_wconf 81' lang='lat' dir='ltr'>desinebant</span> <span class='ocrx_word' id='word_1_105' title='bbox 684 1482 717 1512; x_wconf 92' lang='lat' dir='ltr'>in</span> <span class='ocrx_word' id='word_1_106' title='bbox 733 1493 779 1522; x_wconf 85' lang='lat' dir='ltr'>oe,</span> <span class='ocrx_word' id='word_1_107' title='bbox 805 1484 927 1514; x_wconf 84' lang='lat' dir='ltr'>Pilum-</span> 
     </span>
     <span class='ocr_line' id='line_1_23' title="bbox 228 1531 926 1573; baseline 0.009 -14"><span class='ocrx_word' id='word_1_108' title='bbox 228 1531 426 1571; x_wconf 81' lang='lat' dir='ltr'>noe,poploe‚</span> <span class='ocrx_word' id='word_1_109' title='bbox 438 1541 498 1571; x_wconf 83' lang='lat' dir='ltr'>pro</span> <span class='ocrx_word' id='word_1_110' title='bbox 512 1532 656 1572; x_wconf 81' lang='lat' dir='ltr'>pilumni,</span> <span class='ocrx_word' id='word_1_111' title='bbox 669 1534 766 1573; x_wconf 80' lang='lat' dir='ltr'><em>popli.</em></span> <span class='ocrx_word' id='word_1_112' title='bbox 788 1534 840 1564; x_wconf 87' lang='lat' dir='ltr'>Ex</span> <span class='ocrx_word' id='word_1_113' title='bbox 854 1535 926 1565; x_wconf 89' lang='lat' dir='ltr'>imi-</span> 
     </span>
     <span class='ocr_line' id='line_1_24' title="bbox 230 1580 928 1623; baseline 0.007 -14"><span class='ocrx_word' id='word_1_114' title='bbox 230 1580 357 1610; x_wconf 84' lang='lat' dir='ltr'>tatione</span> <span class='ocrx_word' id='word_1_115' title='bbox 373 1581 585 1618; x_wconf 73' lang='lat' dir='ltr'>Graemrum,</span> <span class='ocrx_word' id='word_1_116' title='bbox 609 1582 699 1621; x_wconf 84' lang='lat' dir='ltr'>apud</span> <span class='ocrx_word' id='word_1_117' title='bbox 717 1592 800 1623; x_wconf 89' lang='lat' dir='ltr'>quos</span> <span class='ocrx_word' id='word_1_118' title='bbox 824 1584 928 1614; x_wconf 89' lang='lat' dir='ltr'>nomi-</span> 
     </span>
     <span class='ocr_line' id='line_1_25' title="bbox 227 1629 925 1670; baseline 0.009 -11"><span class='ocrx_word' id='word_1_119' title='bbox 227 1629 334 1660; x_wconf 90' lang='lat' dir='ltr'>nativi</span> <span class='ocrx_word' id='word_1_120' title='bbox 373 1630 519 1670; x_wconf 87' lang='lat' dir='ltr'>plurales</span> <span class='ocrx_word' id='word_1_121' title='bbox 555 1632 783 1662; x_wconf 79' lang='lat' dir='ltr'>terminantur</span> <span class='ocrx_word' id='word_1_122' title='bbox 812 1633 847 1663; x_wconf 91' lang='lat' dir='ltr'>in</span> <span class='ocrx_word' id='word_1_123' title='bbox 881 1634 925 1665; x_wconf 92' lang='lat' dir='ltr'>oi.</span> 
     </span>
     <span class='ocr_line' id='line_1_26' title="bbox 230 1678 927 1721; baseline 0.006 -12"><span class='ocrx_word' id='word_1_124' title='bbox 230 1678 297 1709; x_wconf 87' lang='lat' dir='ltr'>Hic</span> <span class='ocrx_word' id='word_1_125' title='bbox 321 1679 373 1709; x_wconf 79' lang='lat' dir='ltr'>olli</span> <span class='ocrx_word' id='word_1_126' title='bbox 390 1681 532 1720; x_wconf 79' lang='lat' dir='ltr'>simplici</span> <span class='ocrx_word' id='word_1_127' title='bbox 549 1681 557 1711; x_wconf 92' lang='grc' dir='ltr'>Ι</span> <span class='ocrx_word' id='word_1_128' title='bbox 574 1681 626 1718; x_wconf 82' lang='lat' dir='ltr'>oli,</span> <span class='ocrx_word' id='word_1_129' title='bbox 652 1682 790 1721; x_wconf 86' lang='lat' dir='ltr'>antiqua</span> <span class='ocrx_word' id='word_1_130' title='bbox 814 1684 927 1713; x_wconf 81' lang='lat' dir='ltr'>termi-</span> 
     </span>
     <span class='ocr_line' id='line_1_27' title="bbox 228 1731 926 1773; baseline 0.006 -13"><span class='ocrx_word' id='word_1_131' title='bbox 228 1731 366 1761; x_wconf 89' lang='lat' dir='ltr'>natione</span> <span class='ocrx_word' id='word_1_132' title='bbox 383 1732 456 1763; x_wconf 73' lang='lat'><em>⁰100.</em></span> <span class='ocrx_word' id='word_1_133' title='bbox 490 1731 532 1762; x_wconf 86' lang='lat' dir='ltr'>In</span> <span class='ocrx_word' id='word_1_134' title='bbox 556 1736 653 1762; x_wconf 82' lang='lat' dir='ltr'>sexto</span> <span class='ocrx_word' id='word_1_135' title='bbox 673 1742 753 1763; x_wconf 90' lang='lat' dir='ltr'>casu</span> <span class='ocrx_word' id='word_1_136' title='bbox 770 1734 850 1763; x_wconf 83' lang='lat' dir='ltr'>oloes</span> <span class='ocrx_word' id='word_1_137' title='bbox 865 1743 926 1773; x_wconf 85' lang='lat' dir='ltr'>pro</span> 
     </span>
     <span class='ocr_line' id='line_1_28' title="bbox 228 1780 926 1823; baseline 0.007 -14"><span class='ocrx_word' id='word_1_138' title='bbox 228 1780 309 1819; x_wconf 80' lang='lat' dir='ltr'>ollis,</span> <span class='ocrx_word' id='word_1_139' title='bbox 325 1780 401 1811; x_wconf 85' lang='lat' dir='ltr'>illis.</span> <span class='ocrx_word' id='word_1_140' title='bbox 429 1780 468 1811; x_wconf 90' lang='lat' dir='ltr'>In</span> <span class='ocrx_word' id='word_1_141' title='bbox 484 1782 558 1821; x_wconf 85' lang='lat' dir='ltr'>lege</span> <span class='ocrx_word' id='word_1_142' title='bbox 576 1782 691 1821; x_wconf 85' lang='lat' dir='ltr'>Regia,</span> <span class='ocrx_word' id='word_1_143' title='bbox 705 1784 714 1799; x_wconf 92' lang='lat'>‘</span> <span class='ocrx_word' id='word_1_144' title='bbox 731 1783 786 1813; x_wconf 89' lang='lat' dir='ltr'>Sei</span> <span class='ocrx_word' id='word_1_145' title='bbox 806 1793 926 1823; x_wconf 85' lang='lat' dir='ltr'>paren-</span> 
     </span>
     <span class='ocr_line' id='line_1_29' title="bbox 230 1829 927 1872; baseline 0.007 -14"><span class='ocrx_word' id='word_1_146' title='bbox 230 1829 294 1859; x_wconf 83' lang='lat' dir='ltr'>teis</span> <span class='ocrx_word' id='word_1_147' title='bbox 320 1839 404 1869; x_wconf 88' lang='lat' dir='ltr'>puer</span> <span class='ocrx_word' id='word_1_148' title='bbox 427 1830 599 1869; x_wconf 87' lang='lat' dir='ltr'>verberet,</span> <span class='ocrx_word' id='word_1_149' title='bbox 617 1835 668 1861; x_wconf 88' lang='lat' dir='ltr'>ast</span> <span class='ocrx_word' id='word_1_150' title='bbox 695 1832 769 1861; x_wconf 88' lang='lat' dir='ltr'>oloe</span> <span class='ocrx_word' id='word_1_151' title='bbox 800 1834 927 1872; x_wconf 87' lang='lat' dir='ltr'>ploras-</span> 
     </span>
     <span class='ocr_line' id='line_1_30' title="bbox 230 1878 930 1920; baseline 0.007 -12"><span class='ocrx_word' id='word_1_152' title='bbox 230 1878 311 1917; x_wconf 90' lang='lat' dir='ltr'>sint,</span> <span class='ocrx_word' id='word_1_153' title='bbox 328 1888 412 1919; x_wconf 88' lang='lat' dir='ltr'>puer</span> <span class='ocrx_word' id='word_1_154' title='bbox 426 1880 522 1910; x_wconf 87' lang='lat' dir='ltr'>Divis</span> <span class='ocrx_word' id='word_1_155' title='bbox 536 1883 714 1920; x_wconf 86' lang='lat' dir='ltr'>parentum</span> <span class='ocrx_word' id='word_1_156' title='bbox 726 1890 822 1911; x_wconf 85' lang='lat' dir='ltr'>sacer</span> <span class='ocrx_word' id='word_1_157' title='bbox 836 1882 930 1913; x_wconf 64' lang='lat' dir='ltr'>esto!</span> 
     </span>
     <span class='ocr_line' id='line_1_31' title="bbox 230 1928 313 1959; baseline 0.012 -1"><span class='ocrx_word' id='word_1_158' title='bbox 230 1928 313 1959; x_wconf 82' lang='lat' dir='ltr'>Dae.</span> 
     </span>
    </p>

    <p class='ocr_par' dir='ltr' id='par_1_14' title="bbox 230 1979 931 2726">
     <span class='ocr_line' id='line_1_32' title="bbox 273 1979 930 2023; baseline 0.005 -14"><span class='ocrx_word' id='word_1_159' title='bbox 273 1983 289 2003; x_wconf 72' lang='grc' dir='ltr'>Ρ</span> <span class='ocrx_word' id='word_1_160' title='bbox 311 1979 516 2020; x_wconf 71' lang='lat' dir='ltr'>Aborigines]</span> <span class='ocrx_word' id='word_1_161' title='bbox 548 1980 615 2011; x_wconf 90' lang='lat' dir='ltr'>Hic</span> <span class='ocrx_word' id='word_1_162' title='bbox 640 1982 762 2013; x_wconf 87' lang='lat' dir='ltr'>Festus</span> <span class='ocrx_word' id='word_1_163' title='bbox 787 1982 930 2023; x_wconf 84' lang='lat' dir='ltr'>aborigi-</span> 
     </span>
     <span class='ocr_line' id='line_1_33' title="bbox 230 2030 929 2074; baseline 0.007 -14"><span class='ocrx_word' id='word_1_164' title='bbox 230 2039 290 2060; x_wconf 89' lang='lat' dir='ltr'>nes</span> <span class='ocrx_word' id='word_1_165' title='bbox 307 2030 392 2061; x_wconf 89' lang='lat' dir='ltr'>dicit</span> <span class='ocrx_word' id='word_1_166' title='bbox 410 2040 471 2070; x_wconf 85' lang='lat' dir='ltr'>pro</span> <span class='ocrx_word' id='word_1_167' title='bbox 486 2031 690 2071; x_wconf 78' lang='lat' dir='ltr'>aberrigz&#39;nes‚</span> <span class='ocrx_word' id='word_1_168' title='bbox 703 2034 839 2074; x_wconf 82' lang='lat' dir='ltr'>antiqua</span> <span class='ocrx_word' id='word_1_169' title='bbox 849 2043 929 2065; x_wconf 91' lang='lat' dir='ltr'>con-</span> 
     </span>
     <span class='ocr_line' id='line_1_34' title="bbox 231 2081 930 2122; baseline 0.006 -12"><span class='ocrx_word' id='word_1_170' title='bbox 231 2081 424 2119; x_wconf 86' lang='lat' dir='ltr'>suetudine,</span> <span class='ocrx_word' id='word_1_171' title='bbox 450 2082 594 2122; x_wconf 83' lang='lat' dir='ltr'>simplici</span> <span class='ocrx_word' id='word_1_172' title='bbox 618 2093 646 2120; x_wconf 80' lang='lat' dir='ltr'>r,</span> <span class='ocrx_word' id='word_1_173' title='bbox 666 2090 701 2115; x_wconf 91' lang='lat' dir='ltr'>et</span> <span class='ocrx_word' id='word_1_174' title='bbox 728 2094 745 2114; x_wconf 91' lang='lat' dir='ltr'>e</span> <span class='ocrx_word' id='word_1_175' title='bbox 768 2094 930 2116; x_wconf 83' lang='lat' dir='ltr'>converso</span> 
     </span>
     <span class='ocr_line' id='line_1_35' title="bbox 231 2131 929 2165; baseline 0.006 -4"><span class='ocrx_word' id='word_1_176' title='bbox 231 2131 265 2161; x_wconf 89' lang='lat' dir='ltr'>in</span> <span class='ocrx_word' id='word_1_177' title='bbox 283 2142 311 2161; x_wconf 88' lang='lat' dir='ltr'>o.</span> <span class='ocrx_word' id='word_1_178' title='bbox 358 2132 420 2162; x_wconf 91' lang='lat' dir='ltr'>Cui</span> <span class='ocrx_word' id='word_1_179' title='bbox 437 2133 618 2163; x_wconf 68' lang='lat' dir='ltr'>sententiae</span> <span class='ocrx_word' id='word_1_180' title='bbox 640 2132 735 2165; x_wconf 86' lang='lat' dir='ltr'>favet</span> <span class='ocrx_word' id='word_1_181' title='bbox 751 2139 872 2165; x_wconf 86' lang='lat' dir='ltr'>auctor</span> <span class='ocrx_word' id='word_1_182' title='bbox 887 2134 929 2165; x_wconf 91' lang='lat' dir='ltr'>de</span> 
     </span>
     <span class='ocr_line' id='line_1_36' title="bbox 230 2180 930 2222; baseline 0.004 -11"><span class='ocrx_word' id='word_1_183' title='bbox 230 2181 358 2221; x_wconf 85' lang='lat' dir='ltr'>origine</span> <span class='ocrx_word' id='word_1_184' title='bbox 380 2182 503 2212; x_wconf 90' lang='lat' dir='ltr'>Gentis</span> <span class='ocrx_word' id='word_1_185' title='bbox 526 2183 623 2213; x_wconf 87' lang='lat' dir='ltr'>Rom.</span> <span class='ocrx_word' id='word_1_186' title='bbox 648 2184 656 2199; x_wconf 90' lang='lat'>‘</span> <span class='ocrx_word' id='word_1_187' title='bbox 674 2180 930 2222; x_wconf 53' lang='lat' dir='ltr'>[tumber-ignia</span> 
     </span>
     <span class='ocr_line' id='line_1_37' title="bbox 232 2232 928 2275; baseline 0.006 -14"><span class='ocrx_word' id='word_1_188' title='bbox 232 2232 488 2272; x_wconf 85' lang='lat' dir='ltr'>cognominatos</span> <span class='ocrx_word' id='word_1_189' title='bbox 512 2233 628 2264; x_wconf 88' lang='lat' dir='ltr'>volunt</span> <span class='ocrx_word' id='word_1_190' title='bbox 656 2234 743 2275; x_wconf 92' lang='lat' dir='ltr'>quod</span> <span class='ocrx_word' id='word_1_191' title='bbox 775 2240 928 2265; x_wconf 78' lang='lat' dir='ltr'>errantes</span> 
     </span>
     <span class='ocr_line' id='line_1_38' title="bbox 231 2281 931 2326; baseline 0.009 -16"><span class='ocrx_word' id='word_1_192' title='bbox 231 2281 289 2311; x_wconf 91' lang='lat' dir='ltr'>illo</span> <span class='ocrx_word' id='word_1_193' title='bbox 308 2282 472 2317; x_wconf 86' lang='lat' dir='ltr'>venerint,</span> <span class='ocrx_word' id='word_1_194' title='bbox 498 2283 606 2323; x_wconf 89' lang='lat' dir='ltr'>primo</span> <span class='ocrx_word' id='word_1_195' title='bbox 626 2284 829 2324; x_wconf 82' lang='lat' dir='ltr'>aberrigines,</span> <span class='ocrx_word' id='word_1_196' title='bbox 855 2289 931 2326; x_wconf 88' lang='lat' dir='ltr'>post</span> 
     </span>
     <span class='ocr_line' id='line_1_39' title="bbox 232 2332 931 2371; baseline 0.007 -11"><span class='ocrx_word' id='word_1_197' title='bbox 232 2335 364 2361; x_wconf 82' lang='lat' dir='ltr'>mutata</span> <span class='ocrx_word' id='word_1_198' title='bbox 395 2332 502 2371; x_wconf 86' lang='lat' dir='ltr'>prima</span> <span class='ocrx_word' id='word_1_199' title='bbox 531 2333 631 2364; x_wconf 83' lang='lat' dir='ltr'>litera</span> <span class='ocrx_word' id='word_1_200' title='bbox 661 2334 767 2364; x_wconf 87' lang='lat' dir='ltr'>altera</span> <span class='ocrx_word' id='word_1_201' title='bbox 797 2334 931 2366; x_wconf 87' lang='lat' dir='ltr'>ademta</span> 
     </span>
     <span class='ocr_line' id='line_1_40' title="bbox 231 2381 931 2426; baseline 0.01 -16"><span class='ocrx_word' id='word_1_202' title='bbox 231 2381 406 2420; x_wconf 80' lang='lat' dir='ltr'>aborigines</span> <span class='ocrx_word' id='word_1_203' title='bbox 417 2383 693 2422; x_wconf 67' lang='lat' dir='ltr'>cognominatos!</span> <span class='ocrx_word' id='word_1_204' title='bbox 713 2385 781 2416; x_wconf 89' lang='lat' dir='ltr'>Sed</span> <span class='ocrx_word' id='word_1_205' title='bbox 794 2385 931 2426; x_wconf 90' lang='lat' dir='ltr'>utrique</span> 
     </span>
     <span class='ocr_line' id='line_1_41' title="bbox 233 2432 931 2474; baseline 0.007 -13"><span class='ocrx_word' id='word_1_206' title='bbox 233 2432 311 2462; x_wconf 88' lang='lat' dir='ltr'>falsi</span> <span class='ocrx_word' id='word_1_207' title='bbox 328 2437 417 2470; x_wconf 80' lang='lat' dir='ltr'>sunt,</span> <span class='ocrx_word' id='word_1_208' title='bbox 433 2441 509 2463; x_wconf 87' lang='lat' dir='ltr'>nam</span> <span class='ocrx_word' id='word_1_209' title='bbox 526 2433 716 2474; x_wconf 84' lang='lat' dir='ltr'>aborigines</span> <span class='ocrx_word' id='word_1_210' title='bbox 741 2439 819 2466; x_wconf 89' lang='lat' dir='ltr'>suut</span> <span class='ocrx_word' id='word_1_211' title='bbox 844 2435 931 2466; x_wconf 90' lang='lat' dir='ltr'>indi-</span> 
     </span>
     <span class='ocr_line' id='line_1_42' title="bbox 235 2480 929 2525; baseline 0.007 -14"><span class='ocrx_word' id='word_1_212' title='bbox 235 2491 330 2521; x_wconf 81' lang='lat' dir='ltr'>genae</span> <span class='ocrx_word' id='word_1_213' title='bbox 364 2480 549 2520; x_wconf 82' lang='grc' dir='ltr'>αὐτόχθονες</span> <span class='ocrx_word' id='word_1_214' title='bbox 579 2485 634 2524; x_wconf 84' lang='lat' dir='ltr'>qui</span> <span class='ocrx_word' id='word_1_215' title='bbox 663 2485 706 2515; x_wconf 83' lang='lat' dir='ltr'>ab</span> <span class='ocrx_word' id='word_1_216' title='bbox 736 2485 866 2525; x_wconf 77' lang='lat' dir='ltr'>origine</span> <span class='ocrx_word' id='word_1_217' title='bbox 896 2485 929 2516; x_wconf 86' lang='lat' dir='ltr'>in</span> 
     </span>
     <span class='ocr_line' id='line_1_43' title="bbox 234 2531 929 2573; baseline 0.007 -11"><span class='ocrx_word' id='word_1_218' title='bbox 234 2532 336 2562; x_wconf 87' lang='lat' dir='ltr'>Italia</span> <span class='ocrx_word' id='word_1_219' title='bbox 364 2531 503 2572; x_wconf 85' lang='lat' dir='ltr'>fuerint,</span> <span class='ocrx_word' id='word_1_220' title='bbox 527 2543 589 2564; x_wconf 86' lang='lat' dir='ltr'>uec</span> <span class='ocrx_word' id='word_1_221' title='bbox 614 2535 749 2567; x_wconf 86' lang='lat' dir='ltr'>aliunde</span> <span class='ocrx_word' id='word_1_222' title='bbox 780 2535 929 2573; x_wconf 84' lang='lat' dir='ltr'>advecti,</span> 
     </span>
     <span class='ocr_line' id='line_1_44' title="bbox 234 2582 929 2623; baseline 0.007 -11"><span class='ocrx_word' id='word_1_223' title='bbox 234 2586 273 2612; x_wconf 90' lang='lat' dir='ltr'>ut</span> <span class='ocrx_word' id='word_1_224' title='bbox 300 2582 346 2613; x_wconf 88' lang='lat' dir='ltr'>ait</span> <span class='ocrx_word' id='word_1_225' title='bbox 373 2583 555 2623; x_wconf 85' lang='lat' dir='ltr'>Euripides</span> <span class='ocrx_word' id='word_1_226' title='bbox 585 2583 626 2615; x_wconf 91' lang='lat' dir='ltr'>de</span> <span class='ocrx_word' id='word_1_227' title='bbox 653 2585 929 2622; x_wconf 84' lang='lat' dir='ltr'>Atheniensibus,</span> 
     </span>
     <span class='ocr_line' id='line_1_45' title="bbox 235 2632 926 2675; baseline 0.007 -13"><span class='ocrx_word' id='word_1_228' title='bbox 235 2633 291 2672; x_wconf 85' lang='lat' dir='ltr'>qui</span> <span class='ocrx_word' id='word_1_229' title='bbox 305 2642 340 2663; x_wconf 80' lang='lat' dir='ltr'>se</span> <span class='ocrx_word' id='word_1_230' title='bbox 354 2633 454 2664; x_wconf 87' lang='lat' dir='ltr'>etiam</span> <span class='ocrx_word' id='word_1_231' title='bbox 473 2632 660 2672; x_wconf 76' lang='grc' dir='ltr'>αὐτόχθονας</span> <span class='ocrx_word' id='word_1_232' title='bbox 676 2635 926 2675; x_wconf 84' lang='lat' dir='ltr'>gloriabantur:</span> 
     </span>
     <span class='ocr_line' id='line_1_46' title="bbox 236 2682 929 2726; baseline 0.01 -15"><span class='ocrx_word' id='word_1_233' title='bbox 236 2682 314 2712; x_wconf 75' lang='grc' dir='ltr'>Λαὸς</span> <span class='ocrx_word' id='word_1_234' title='bbox 337 2682 390 2712; x_wconf 81' lang='grc' dir='ltr'>οὐκ</span> <span class='ocrx_word' id='word_1_235' title='bbox 418 2683 550 2714; x_wconf 82' lang='grc' dir='ltr'>ἐπακτὸς</span> <span class='ocrx_word' id='word_1_236' title='bbox 574 2684 718 2725; x_wconf 77' lang='grc' dir='ltr'>ἄλλοθεν,</span> <span class='ocrx_word' id='word_1_237' title='bbox 745 2685 929 2726; x_wconf 78' lang='grc' dir='ltr'>αὐτόχθονες</span> 
     </span>
    </p>
   </div>
   <div class='ocr_carea' id='block_1_12' title="bbox 980 1082 1684 2726">
    <p class='ocr_par' dir='ltr' id='par_1_15' title="bbox 982 1082 1679 1175">
     <span class='ocr_line' id='line_1_47' title="bbox 983 1082 1679 1126; baseline 0.009 -14"><span class='ocrx_word' id='word_1_238' title='bbox 983 1082 1108 1123; x_wconf 84' lang='grc' dir='ltr'>ἔφυμεν.</span> <span class='ocrx_word' id='word_1_239' title='bbox 1153 1086 1161 1100; x_wconf 95' lang='lat'>‘</span> <span class='ocrx_word' id='word_1_240' title='bbox 1180 1085 1332 1126; x_wconf 90' lang='lat' dir='ltr'>Populus</span> <span class='ocrx_word' id='word_1_241' title='bbox 1353 1094 1419 1116; x_wconf 91' lang='lat' dir='ltr'>non</span> <span class='ocrx_word' id='word_1_242' title='bbox 1437 1085 1603 1117; x_wconf 83' lang='lat' dir='ltr'>advectus</span> <span class='ocrx_word' id='word_1_243' title='bbox 1620 1087 1679 1118; x_wconf 85' lang='lat' dir='ltr'>ali-</span> 
     </span>
     <span class='ocr_line' id='line_1_48' title="bbox 982 1133 1629 1175; baseline 0.005 -11"><span class='ocrx_word' id='word_1_244' title='bbox 982 1133 1083 1170; x_wconf 86' lang='lat' dir='ltr'>unde,</span> <span class='ocrx_word' id='word_1_245' title='bbox 1097 1134 1265 1175; x_wconf 86' lang='lat' dir='ltr'>indigenae</span> <span class='ocrx_word' id='word_1_246' title='bbox 1282 1135 1353 1166; x_wconf 81' lang='lat' dir='ltr'>nati</span> <span class='ocrx_word' id='word_1_247' title='bbox 1369 1136 1506 1166; x_wconf 87' lang='lat' dir='ltr'>sumus.&#39;</span> <span class='ocrx_word' id='word_1_248' title='bbox 1532 1136 1629 1168; x_wconf 82' lang='lat' dir='ltr'>Idem.</span> 
     </span>
    </p>

    <p class='ocr_par' dir='ltr' id='par_1_16' title="bbox 980 1184 1681 1366">
     <span class='ocr_line' id='line_1_49' title="bbox 1024 1184 1680 1226; baseline 0.002 -11"><span class='ocrx_word' id='word_1_249' title='bbox 1024 1189 1039 1210; x_wconf 73' lang='lat' dir='ltr'>q</span> <span class='ocrx_word' id='word_1_250' title='bbox 1064 1185 1103 1215; x_wconf 86' lang='lat' dir='ltr'>In</span> <span class='ocrx_word' id='word_1_251' title='bbox 1118 1185 1245 1225; x_wconf 83' lang='lat' dir='ltr'>agrum]</span> <span class='ocrx_word' id='word_1_252' title='bbox 1269 1186 1336 1217; x_wconf 83' lang='lat' dir='ltr'>Qui</span> <span class='ocrx_word' id='word_1_253' title='bbox 1351 1191 1469 1226; x_wconf 87' lang='lat' dir='ltr'>postea</span> <span class='ocrx_word' id='word_1_254' title='bbox 1484 1184 1612 1217; x_wconf 82' lang='lat' dir='ltr'>Latium</span> <span class='ocrx_word' id='word_1_255' title='bbox 1626 1196 1680 1217; x_wconf 89' lang='lat' dir='ltr'>vo-</span> 
     </span>
     <span class='ocr_line' id='line_1_50' title="bbox 983 1235 1681 1276; baseline 0.003 -11"><span class='ocrx_word' id='word_1_256' title='bbox 983 1239 1079 1265; x_wconf 87' lang='lat' dir='ltr'>catus</span> <span class='ocrx_word' id='word_1_257' title='bbox 1099 1240 1163 1274; x_wconf 83' lang='lat' dir='ltr'>est,</span> <span class='ocrx_word' id='word_1_258' title='bbox 1184 1240 1219 1266; x_wconf 90' lang='lat' dir='ltr'>et</span> <span class='ocrx_word' id='word_1_259' title='bbox 1240 1235 1305 1276; x_wconf 87' lang='lat' dir='ltr'>ipsi</span> <span class='ocrx_word' id='word_1_260' title='bbox 1322 1235 1521 1276; x_wconf 86' lang='lat' dir='ltr'>aborigenes</span> <span class='ocrx_word' id='word_1_261' title='bbox 1537 1241 1614 1276; x_wconf 89' lang='lat' dir='ltr'>post</span> <span class='ocrx_word' id='word_1_262' title='bbox 1626 1237 1681 1267; x_wconf 56' lang='grc' dir='ltr'>ΖΕ·</span> 
     </span>
     <span class='ocr_line' id='line_1_51' title="bbox 982 1283 1679 1326; baseline 0.004 -13"><span class='ocrx_word' id='word_1_263' title='bbox 982 1292 1055 1314; x_wconf 86' lang='lat' dir='ltr'>neae</span> <span class='ocrx_word' id='word_1_264' title='bbox 1070 1283 1253 1315; x_wconf 82' lang='lat' dir='ltr'>adventum</span> <span class='ocrx_word' id='word_1_265' title='bbox 1267 1294 1342 1315; x_wconf 90' lang='lat' dir='ltr'>cum</span> <span class='ocrx_word' id='word_1_266' title='bbox 1354 1285 1508 1326; x_wconf 85' lang='lat' dir='ltr'>Trojanis</span> <span class='ocrx_word' id='word_1_267' title='bbox 1526 1285 1679 1326; x_wconf 87' lang='lat' dir='ltr'>permisti</span> 
     </span>
     <span class='ocr_line' id='line_1_52' title="bbox 980 1333 1414 1366; baseline 0.002 -2"><span class='ocrx_word' id='word_1_268' title='bbox 980 1333 1090 1364; x_wconf 80' lang='lat' dir='ltr'>Latini</span> <span class='ocrx_word' id='word_1_269' title='bbox 1105 1333 1189 1364; x_wconf 84' lang='lat' dir='ltr'>dicti</span> <span class='ocrx_word' id='word_1_270' title='bbox 1204 1339 1292 1366; x_wconf 85' lang='lat' dir='ltr'>sunt.</span> <span class='ocrx_word' id='word_1_271' title='bbox 1316 1335 1414 1366; x_wconf 83' lang='lat' dir='ltr'>Idem.</span> 
     </span>
    </p>

    <p class='ocr_par' dir='ltr' id='par_1_17' title="bbox 981 1383 1683 1717">
     <span class='ocr_line' id='line_1_53' title="bbox 1025 1383 1680 1424; baseline 0.002 -10"><span class='ocrx_word' id='word_1_272' title='bbox 1025 1388 1035 1403; x_wconf 74' lang='lat'>¹</span> <span class='ocrx_word' id='word_1_273' title='bbox 1057 1383 1224 1423; x_wconf 79' lang='lat' dir='ltr'>Abortum]</span> <span class='ocrx_word' id='word_1_274' title='bbox 1248 1384 1401 1415; x_wconf 84' lang='lat' dir='ltr'>Verbum</span> <span class='ocrx_word' id='word_1_275' title='bbox 1427 1384 1562 1424; x_wconf 83' lang='lat' dir='ltr'>elegans</span> <span class='ocrx_word' id='word_1_276' title='bbox 1591 1384 1680 1415; x_wconf 89' lang='lat' dir='ltr'>Abo—</span> 
     </span>
     <span class='ocr_line' id='line_1_54' title="bbox 982 1433 1682 1471; baseline 0.001 -7"><span class='ocrx_word' id='word_1_277' title='bbox 982 1434 1050 1464; x_wconf 87' lang='lat' dir='ltr'>riri.</span> <span class='ocrx_word' id='word_1_278' title='bbox 1075 1435 1195 1471; x_wconf 86' lang='lat' dir='ltr'>Varro,</span> <span class='ocrx_word' id='word_1_279' title='bbox 1206 1434 1305 1465; x_wconf 87' lang='lat' dir='ltr'>Gallo</span> <span class='ocrx_word' id='word_1_280' title='bbox 1319 1434 1496 1465; x_wconf 89' lang='lat' dir='ltr'>Fundanio</span> <span class='ocrx_word' id='word_1_281' title='bbox 1508 1434 1550 1465; x_wconf 88' lang='lat' dir='ltr'>de</span> <span class='ocrx_word' id='word_1_282' title='bbox 1565 1433 1682 1465; x_wconf 81' lang='lat' dir='ltr'>Admi-</span> 
     </span>
     <span class='ocr_line' id='line_1_55' title="bbox 983 1483 1683 1525; baseline 0 -11"><span class='ocrx_word' id='word_1_283' title='bbox 983 1483 1114 1514; x_wconf 86' lang='lat' dir='ltr'>randis:</span> <span class='ocrx_word' id='word_1_284' title='bbox 1139 1485 1147 1501; x_wconf 90' lang='lat'>‘</span> <span class='ocrx_word' id='word_1_285' title='bbox 1166 1484 1304 1525; x_wconf 89' lang='lat' dir='ltr'>Vinum,</span> <span class='ocrx_word' id='word_1_286' title='bbox 1322 1483 1410 1525; x_wconf 90' lang='lat' dir='ltr'>quod</span> <span class='ocrx_word' id='word_1_287' title='bbox 1428 1483 1473 1514; x_wconf 92' lang='lat' dir='ltr'>ibi</span> <span class='ocrx_word' id='word_1_288' title='bbox 1499 1488 1616 1515; x_wconf 90' lang='lat' dir='ltr'>natum</span> <span class='ocrx_word' id='word_1_289' title='bbox 1639 1484 1683 1514; x_wconf 90' lang='lat' dir='ltr'>sit</span> 
     </span>
     <span class='ocr_line' id='line_1_56' title="bbox 982 1533 1683 1574; baseline 0 -10"><span class='ocrx_word' id='word_1_290' title='bbox 982 1534 1015 1565; x_wconf 88' lang='lat' dir='ltr'>in</span> <span class='ocrx_word' id='word_1_291' title='bbox 1032 1533 1176 1574; x_wconf 85' lang='lat' dir='ltr'>quodam</span> <span class='ocrx_word' id='word_1_292' title='bbox 1193 1534 1278 1572; x_wconf 90' lang='lat' dir='ltr'>loco,</span> <span class='ocrx_word' id='word_1_293' title='bbox 1305 1534 1333 1564; x_wconf 88' lang='lat' dir='ltr'>si</span> <span class='ocrx_word' id='word_1_294' title='bbox 1360 1543 1519 1574; x_wconf 79' lang='lat' dir='ltr'>praegnas</span> <span class='ocrx_word' id='word_1_295' title='bbox 1544 1534 1683 1573; x_wconf 83' lang='lat' dir='ltr'>biberit,</span> 
     </span>
     <span class='ocr_line' id='line_1_57' title="bbox 981 1583 1682 1616; baseline 0 -1"><span class='ocrx_word' id='word_1_296' title='bbox 981 1584 1055 1615; x_wconf 80' lang='lat' dir='ltr'>fleri</span> <span class='ocrx_word' id='word_1_297' title='bbox 1082 1589 1120 1615; x_wconf 92' lang='lat' dir='ltr'>ut</span> <span class='ocrx_word' id='word_1_298' title='bbox 1152 1583 1349 1616; x_wconf 58' lang='lat' dir='ltr'>aboriatur!</span> <span class='ocrx_word' id='word_1_299' title='bbox 1379 1584 1530 1615; x_wconf 86' lang='lat' dir='ltr'>Titulum</span> <span class='ocrx_word' id='word_1_300' title='bbox 1558 1585 1682 1615; x_wconf 86' lang='lat' dir='ltr'>Varro·</span> 
     </span>
     <span class='ocr_line' id='line_1_58' title="bbox 981 1635 1682 1676; baseline 0 -10"><span class='ocrx_word' id='word_1_301' title='bbox 981 1636 1072 1666; x_wconf 84' lang='lat' dir='ltr'>niani</span> <span class='ocrx_word' id='word_1_302' title='bbox 1091 1635 1170 1666; x_wconf 88' lang='lat' dir='ltr'>libri</span> <span class='ocrx_word' id='word_1_303' title='bbox 1187 1635 1406 1666; x_wconf 88' lang='lat' dir='ltr'>emendamus</span> <span class='ocrx_word' id='word_1_304' title='bbox 1433 1635 1480 1666; x_wconf 85' lang='lat' dir='ltr'>ita</span> <span class='ocrx_word' id='word_1_305' title='bbox 1505 1635 1594 1676; x_wconf 87' lang='lat' dir='ltr'>apud</span> <span class='ocrx_word' id='word_1_306' title='bbox 1614 1635 1682 1667; x_wconf 92' lang='lat' dir='ltr'>No-</span> 
     </span>
     <span class='ocr_line' id='line_1_59' title="bbox 981 1686 1283 1717; baseline 0 -1"><span class='ocrx_word' id='word_1_307' title='bbox 981 1687 1085 1717; x_wconf 87' lang='lat' dir='ltr'>nium.</span> <span class='ocrx_word' id='word_1_308' title='bbox 1109 1686 1178 1716; x_wconf 87' lang='lat' dir='ltr'>Jos.</span> <span class='ocrx_word' id='word_1_309' title='bbox 1198 1686 1283 1717; x_wconf 84' lang='lat' dir='ltr'>Scul.</span> 
     </span>
    </p>

    <p class='ocr_par' dir='ltr' id='par_1_18' title="bbox 981 1735 1683 2066">
     <span class='ocr_line' id='line_1_60' title="bbox 1024 1735 1682 1776; baseline 0.003 -10"><span class='ocrx_word' id='word_1_310' title='bbox 1024 1735 1193 1776; x_wconf 81' lang='lat' dir='ltr'>Abortum]</span> <span class='ocrx_word' id='word_1_311' title='bbox 1231 1736 1356 1766; x_wconf 88' lang='lat' dir='ltr'>Melius</span> <span class='ocrx_word' id='word_1_312' title='bbox 1394 1735 1508 1767; x_wconf 85' lang='lat' dir='ltr'>forsan</span> <span class='ocrx_word' id='word_1_313' title='bbox 1547 1737 1682 1770; x_wconf 77' lang='lat' dir='ltr'>abortus.</span> 
     </span>
     <span class='ocr_line' id='line_1_61' title="bbox 981 1784 1682 1826; baseline 0.001 -10"><span class='ocrx_word' id='word_1_314' title='bbox 981 1785 1109 1816; x_wconf 88' lang='lat' dir='ltr'>Tamen</span> <span class='ocrx_word' id='word_1_315' title='bbox 1147 1790 1183 1816; x_wconf 88' lang='lat' dir='ltr'>et</span> <span class='ocrx_word' id='word_1_316' title='bbox 1209 1784 1350 1816; x_wconf 80' lang='lat' dir='ltr'>abortum</span> <span class='ocrx_word' id='word_1_317' title='bbox 1380 1786 1528 1817; x_wconf 89' lang='lat' dir='ltr'>retinere</span> <span class='ocrx_word' id='word_1_318' title='bbox 1563 1787 1682 1826; x_wconf 82' lang='lat' dir='ltr'>possis.</span> 
     </span>
     <span class='ocr_line' id='line_1_62' title="bbox 982 1834 1682 1873; baseline 0.003 -8"><span class='ocrx_word' id='word_1_319' title='bbox 982 1835 1121 1866; x_wconf 82' lang='lat' dir='ltr'>Abortns</span> <span class='ocrx_word' id='word_1_320' title='bbox 1148 1840 1260 1866; x_wconf 87' lang='lat' dir='ltr'>autem</span> <span class='ocrx_word' id='word_1_321' title='bbox 1292 1835 1333 1865; x_wconf 84' lang='lat' dir='ltr'>ab</span> <span class='ocrx_word' id='word_1_322' title='bbox 1366 1834 1522 1873; x_wconf 87' lang='lat' dir='ltr'>aborior;</span> <span class='ocrx_word' id='word_1_323' title='bbox 1555 1836 1588 1866; x_wconf 89' lang='lat' dir='ltr'>id</span> <span class='ocrx_word' id='word_1_324' title='bbox 1620 1842 1682 1872; x_wconf 86' lang='lat' dir='ltr'>est,</span> 
     </span>
     <span class='ocr_line' id='line_1_63' title="bbox 984 1884 1683 1923; baseline 0.004 -9"><span class='ocrx_word' id='word_1_325' title='bbox 984 1884 1139 1915; x_wconf 87' lang='lat' dir='ltr'>abortum</span> <span class='ocrx_word' id='word_1_326' title='bbox 1155 1884 1255 1915; x_wconf 87' lang='lat' dir='ltr'>facio.</span> <span class='ocrx_word' id='word_1_327' title='bbox 1295 1884 1415 1923; x_wconf 83' lang='lat' dir='ltr'>Varro,</span> <span class='ocrx_word' id='word_1_328' title='bbox 1431 1884 1532 1915; x_wconf 84' lang='lat' dir='ltr'>Gallo</span> <span class='ocrx_word' id='word_1_329' title='bbox 1550 1886 1683 1917; x_wconf 87' lang='lat' dir='ltr'>Funda-</span> 
     </span>
     <span class='ocr_line' id='line_1_64' title="bbox 983 1933 1683 1974; baseline 0.003 -10"><span class='ocrx_word' id='word_1_330' title='bbox 983 1934 1052 1973; x_wconf 88' lang='lat' dir='ltr'>nio,</span> <span class='ocrx_word' id='word_1_331' title='bbox 1075 1937 1084 1951; x_wconf 88' lang='lat'>‘</span> <span class='ocrx_word' id='word_1_332' title='bbox 1102 1934 1240 1973; x_wconf 87' lang='lat' dir='ltr'>Vinum,</span> <span class='ocrx_word' id='word_1_333' title='bbox 1261 1933 1352 1974; x_wconf 87' lang='lat' dir='ltr'>quod</span> <span class='ocrx_word' id='word_1_334' title='bbox 1369 1933 1414 1964; x_wconf 91' lang='lat' dir='ltr'>ibi</span> <span class='ocrx_word' id='word_1_335' title='bbox 1431 1939 1542 1965; x_wconf 88' lang='lat' dir='ltr'>natum</span> <span class='ocrx_word' id='word_1_336' title='bbox 1569 1936 1612 1966; x_wconf 89' lang='lat' dir='ltr'>sit</span> <span class='ocrx_word' id='word_1_337' title='bbox 1636 1936 1683 1966; x_wconf 84' lang='lat' dir='ltr'>eis</span> 
     </span>
     <span class='ocr_line' id='line_1_65' title="bbox 985 1983 1682 2025; baseline 0.001 -11"><span class='ocrx_word' id='word_1_338' title='bbox 985 1983 1129 2025; x_wconf 85' lang='lat' dir='ltr'>quodam</span> <span class='ocrx_word' id='word_1_339' title='bbox 1147 1984 1233 2022; x_wconf 88' lang='lat' dir='ltr'>loco,</span> <span class='ocrx_word' id='word_1_340' title='bbox 1248 1984 1274 2013; x_wconf 89' lang='lat' dir='ltr'>si</span> <span class='ocrx_word' id='word_1_341' title='bbox 1292 1991 1446 2023; x_wconf 68' lang='lat' dir='ltr'>praegnas</span> <span class='ocrx_word' id='word_1_342' title='bbox 1461 1983 1595 2023; x_wconf 83' lang='lat' dir='ltr'>biberit,</span> <span class='ocrx_word' id='word_1_343' title='bbox 1609 1984 1682 2016; x_wconf 85' lang='lat' dir='ltr'>fieri</span> 
     </span>
     <span class='ocr_line' id='line_1_66' title="bbox 986 2033 1336 2066; baseline -0.006 0"><span class='ocrx_word' id='word_1_344' title='bbox 986 2039 1023 2066; x_wconf 88' lang='lat' dir='ltr'>ut</span> <span class='ocrx_word' id='word_1_345' title='bbox 1039 2033 1233 2066; x_wconf 87' lang='lat' dir='ltr'>aboriatur.’</span> <span class='ocrx_word' id='word_1_346' title='bbox 1260 2034 1336 2064; x_wconf 79' lang='lat' dir='ltr'>Dac-</span> 
     </span>
    </p>

    <p class='ocr_par' dir='ltr' id='par_1_19' title="bbox 984 2083 1684 2424">
     <span class='ocr_line' id='line_1_67' title="bbox 1026 2083 1681 2125; baseline 0.003 -11"><span class='ocrx_word' id='word_1_347' title='bbox 1026 2090 1037 2104; x_wconf 63' lang='grc' dir='ltr'><strong>θ</strong></span> <span class='ocrx_word' id='word_1_348' title='bbox 1060 2084 1235 2123; x_wconf 73' lang='lat' dir='ltr'>Abrogare,</span> <span class='ocrx_word' id='word_1_349' title='bbox 1259 2083 1434 2124; x_wconf 77' lang='lat' dir='ltr'>infirmare]</span> <span class='ocrx_word' id='word_1_350' title='bbox 1458 2084 1598 2123; x_wconf 84' lang='lat' dir='ltr'>Optime</span> <span class='ocrx_word' id='word_1_351' title='bbox 1622 2085 1681 2125; x_wconf 82' lang='lat' dir='ltr'>igi-</span> 
     </span>
     <span class='ocr_line' id='line_1_68' title="bbox 986 2133 1684 2173; baseline 0.003 -9"><span class='ocrx_word' id='word_1_352' title='bbox 986 2137 1040 2164; x_wconf 78' lang='lat' dir='ltr'>tur</span> <span class='ocrx_word' id='word_1_353' title='bbox 1056 2134 1168 2164; x_wconf 83' lang='lat' dir='ltr'>Gloss.</span> <span class='ocrx_word' id='word_1_354' title='bbox 1184 2135 1193 2150; x_wconf 76' lang='lat'><strong>⁴</strong></span> <span class='ocrx_word' id='word_1_355' title='bbox 1207 2133 1345 2173; x_wconf 80' lang='lat' dir='ltr'>abrogo,</span> <span class='ocrx_word' id='word_1_356' title='bbox 1370 2133 1522 2173; x_wconf 83' lang='grc' dir='ltr'><strong><em>ἇποκυρῶ,</em></strong></span> <span class='ocrx_word' id='word_1_357' title='bbox 1537 2135 1684 2166; x_wconf 83' lang='grc' dir='ltr'>ἐλαττῶ.’</span> 
     </span>
     <span class='ocr_line' id='line_1_69' title="bbox 985 2182 1680 2224; baseline 0 -9"><span class='ocrx_word' id='word_1_358' title='bbox 985 2184 1025 2215; x_wconf 95' lang='lat' dir='ltr'>Id</span> <span class='ocrx_word' id='word_1_359' title='bbox 1044 2188 1106 2224; x_wconf 79' lang='lat' dir='ltr'>est,</span> <span class='ocrx_word' id='word_1_360' title='bbox 1124 2184 1256 2214; x_wconf 87' lang='lat' dir='ltr'>irritum</span> <span class='ocrx_word' id='word_1_361' title='bbox 1273 2182 1375 2222; x_wconf 85' lang='lat' dir='ltr'>facio,</span> <span class='ocrx_word' id='word_1_362' title='bbox 1399 2183 1538 2218; x_wconf 82' lang='lat' dir='ltr'>infirmo,</span> <span class='ocrx_word' id='word_1_363' title='bbox 1558 2185 1680 2215; x_wconf 87' lang='lat' dir='ltr'>minuo.</span> 
     </span>
     <span class='ocr_line' id='line_1_70' title="bbox 984 2233 1682 2273; baseline 0.001 -9"><span class='ocrx_word' id='word_1_364' title='bbox 984 2234 1116 2273; x_wconf 81' lang='lat' dir='ltr'>Saepius</span> <span class='ocrx_word' id='word_1_365' title='bbox 1143 2237 1255 2263; x_wconf 85' lang='lat' dir='ltr'>tamen</span> <span class='ocrx_word' id='word_1_366' title='bbox 1285 2233 1436 2271; x_wconf 84' lang='lat' dir='ltr'>abrogare</span> <span class='ocrx_word' id='word_1_367' title='bbox 1459 2243 1520 2273; x_wconf 84' lang='lat' dir='ltr'>pro</span> <span class='ocrx_word' id='word_1_368' title='bbox 1546 2234 1682 2265; x_wconf 88' lang='lat' dir='ltr'>omnino</span> 
     </span>
     <span class='ocr_line' id='line_1_71' title="bbox 986 2282 1683 2323; baseline 0 -10"><span class='ocrx_word' id='word_1_369' title='bbox 986 2284 1115 2323; x_wconf 83' lang='lat' dir='ltr'>tollere,</span> <span class='ocrx_word' id='word_1_370' title='bbox 1130 2282 1273 2322; x_wconf 78' lang='lat' dir='ltr'>eripere,</span> <span class='ocrx_word' id='word_1_371' title='bbox 1285 2287 1324 2313; x_wconf 90' lang='lat' dir='ltr'>ut</span> <span class='ocrx_word' id='word_1_372' title='bbox 1337 2282 1499 2322; x_wconf 85' lang='lat' dir='ltr'>abrogare</span> <span class='ocrx_word' id='word_1_373' title='bbox 1510 2282 1608 2314; x_wconf 86' lang='lat' dir='ltr'>fidem</span> <span class='ocrx_word' id='word_1_374' title='bbox 1624 2284 1683 2313; x_wconf 89' lang='lat' dir='ltr'>ali-</span> 
     </span>
     <span class='ocr_line' id='line_1_72' title="bbox 986 2332 1681 2374; baseline 0.001 -10"><span class='ocrx_word' id='word_1_375' title='bbox 986 2334 1052 2374; x_wconf 86' lang='lat' dir='ltr'>cui,</span> <span class='ocrx_word' id='word_1_376' title='bbox 1075 2338 1113 2364; x_wconf 90' lang='lat' dir='ltr'>ut</span> <span class='ocrx_word' id='word_1_377' title='bbox 1135 2335 1144 2351; x_wconf 89' lang='lat'>‘</span> <span class='ocrx_word' id='word_1_378' title='bbox 1162 2333 1327 2373; x_wconf 82' lang='lat' dir='ltr'>abrogare</span> <span class='ocrx_word' id='word_1_379' title='bbox 1350 2332 1485 2373; x_wconf 84' lang='lat' dir='ltr'>legem‚’</span> <span class='ocrx_word' id='word_1_380' title='bbox 1505 2337 1556 2364; x_wconf 86' lang='lat' dir='ltr'>est</span> <span class='ocrx_word' id='word_1_381' title='bbox 1571 2334 1681 2374; x_wconf 88' lang='lat' dir='ltr'>legem</span> 
     </span>
     <span class='ocr_line' id='line_1_73' title="bbox 986 2382 1570 2424; baseline 0 -10"><span class='ocrx_word' id='word_1_382' title='bbox 986 2384 1148 2424; x_wconf 85' lang='lat' dir='ltr'>perlatam</span> <span class='ocrx_word' id='word_1_383' title='bbox 1164 2393 1301 2423; x_wconf 88' lang='lat' dir='ltr'>prorsus</span> <span class='ocrx_word' id='word_1_384' title='bbox 1319 2382 1451 2414; x_wconf 88' lang='lat' dir='ltr'>tollere.</span> <span class='ocrx_word' id='word_1_385' title='bbox 1474 2383 1570 2414; x_wconf 82' lang='lat' dir='ltr'>Idem.</span> 
     </span>
    </p>

    <p class='ocr_par' dir='ltr' id='par_1_20' title="bbox 983 2432 1680 2726">
     <span class='ocr_line' id='line_1_74' title="bbox 1028 2432 1680 2475; baseline 0 -10"><span class='ocrx_word' id='word_1_386' title='bbox 1028 2436 1037 2455; x_wconf 75' lang='grc' dir='ltr'><strong>ῑ</strong></span> <span class='ocrx_word' id='word_1_387' title='bbox 1059 2434 1140 2475; x_wconf 77' lang='lat' dir='ltr'>Abs]</span> <span class='ocrx_word' id='word_1_388' title='bbox 1165 2435 1268 2465; x_wconf 80' lang='lat' dir='ltr'>Certe</span> <span class='ocrx_word' id='word_1_389' title='bbox 1295 2433 1349 2464; x_wconf 86' lang='lat' dir='ltr'>bic</span> <span class='ocrx_word' id='word_1_390' title='bbox 1378 2432 1507 2464; x_wconf 86' lang='lat' dir='ltr'>frustra</span> <span class='ocrx_word' id='word_1_391' title='bbox 1534 2438 1587 2465; x_wconf 87' lang='lat' dir='ltr'>est</span> <span class='ocrx_word' id='word_1_392' title='bbox 1610 2435 1680 2465; x_wconf 88' lang='lat' dir='ltr'>sive</span> 
     </span>
     <span class='ocr_line' id='line_1_75' title="bbox 986 2482 1680 2523; baseline 0.001 -9"><span class='ocrx_word' id='word_1_393' title='bbox 986 2484 1120 2523; x_wconf 88' lang='lat' dir='ltr'>Festus,</span> <span class='ocrx_word' id='word_1_394' title='bbox 1138 2483 1208 2514; x_wconf 87' lang='lat' dir='ltr'>sive</span> <span class='ocrx_word' id='word_1_395' title='bbox 1226 2483 1364 2522; x_wconf 85' lang='lat' dir='ltr'>Paulus,</span> <span class='ocrx_word' id='word_1_396' title='bbox 1382 2482 1522 2522; x_wconf 87' lang='lat' dir='ltr'>quisine</span> <span class='ocrx_word' id='word_1_397' title='bbox 1540 2483 1606 2514; x_wconf 91' lang='lat' dir='ltr'>ullo</span> <span class='ocrx_word' id='word_1_398' title='bbox 1622 2494 1680 2515; x_wconf 80' lang='lat' dir='ltr'>ex-</span> 
     </span>
     <span class='ocr_line' id='line_1_76' title="bbox 984 2533 1680 2575; baseline 0 -10"><span class='ocrx_word' id='word_1_399' title='bbox 984 2535 1093 2575; x_wconf 88' lang='lat' dir='ltr'>emplo</span> <span class='ocrx_word' id='word_1_400' title='bbox 1108 2534 1163 2565; x_wconf 79' lang='lat' dir='ltr'>abs</span> <span class='ocrx_word' id='word_1_401' title='bbox 1180 2533 1337 2565; x_wconf 86' lang='lat' dir='ltr'>Latinum</span> <span class='ocrx_word' id='word_1_402' title='bbox 1354 2542 1373 2563; x_wconf 90' lang='lat' dir='ltr'>a</span> <span class='ocrx_word' id='word_1_403' title='bbox 1390 2533 1512 2564; x_wconf 67' lang='lat' dir='ltr'>Graeco</span> <span class='ocrx_word' id='word_1_404' title='bbox 1534 2533 1578 2573; x_wconf 74' lang='grc' dir='ltr'>ἂψ</span> <span class='ocrx_word' id='word_1_405' title='bbox 1593 2534 1680 2566; x_wconf 87' lang='lat' dir='ltr'>dixit</span> 
     </span>
     <span class='ocr_line' id='line_1_77' title="bbox 983 2582 1678 2625; baseline 0 -11"><span class='ocrx_word' id='word_1_406' title='bbox 983 2584 1164 2624; x_wconf 83' lang='lat' dir='ltr'>proficisci,</span> <span class='ocrx_word' id='word_1_407' title='bbox 1187 2594 1227 2615; x_wconf 88' lang='lat' dir='ltr'>eo</span> <span class='ocrx_word' id='word_1_408' title='bbox 1253 2588 1384 2614; x_wconf 88' lang='lat' dir='ltr'>tantum</span> <span class='ocrx_word' id='word_1_409' title='bbox 1408 2582 1566 2615; x_wconf 82' lang='lat' dir='ltr'>inductus</span> <span class='ocrx_word' id='word_1_410' title='bbox 1590 2585 1678 2625; x_wconf 86' lang='lat' dir='ltr'>quod</span> 
     </span>
     <span class='ocr_line' id='line_1_78' title="bbox 983 2632 1678 2675; baseline 0 -10"><span class='ocrx_word' id='word_1_411' title='bbox 983 2634 1082 2665; x_wconf 87' lang='lat' dir='ltr'>ambo</span> <span class='ocrx_word' id='word_1_412' title='bbox 1098 2634 1216 2666; x_wconf 87' lang='lat' dir='ltr'>eodem</span> <span class='ocrx_word' id='word_1_413' title='bbox 1234 2633 1333 2665; x_wconf 88' lang='lat' dir='ltr'>modo</span> <span class='ocrx_word' id='word_1_414' title='bbox 1349 2632 1558 2664; x_wconf 85' lang='lat' dir='ltr'>desinerent.</span> <span class='ocrx_word' id='word_1_415' title='bbox 1596 2635 1678 2675; x_wconf 71' lang='lat' dir='ltr'>Abs,</span> 
     </span>
     <span class='ocr_line' id='line_1_79' title="bbox 984 2682 1678 2726; baseline 0 -10"><span class='ocrx_word' id='word_1_416' title='bbox 984 2684 1100 2717; x_wconf 85' lang='lat' dir='ltr'>addito</span> <span class='ocrx_word' id='word_1_417' title='bbox 1113 2686 1148 2726; x_wconf 90' lang='lat' dir='ltr'>S,</span> <span class='ocrx_word' id='word_1_418' title='bbox 1159 2689 1212 2717; x_wconf 88' lang='lat' dir='ltr'>est</span> <span class='ocrx_word' id='word_1_419' title='bbox 1224 2694 1243 2715; x_wconf 89' lang='lat' dir='ltr'>a</span> <span class='ocrx_word' id='word_1_420' title='bbox 1256 2682 1494 2725; x_wconf 83' lang='lat' dir='ltr'>praepositione</span> <span class='ocrx_word' id='word_1_421' title='bbox 1508 2683 1562 2724; x_wconf 79' lang='lat' dir='ltr'>ab,</span> <span class='ocrx_word' id='word_1_422' title='bbox 1572 2695 1590 2725; x_wconf 83' lang='lat' dir='ltr'>q</span> <span class='ocrx_word' id='word_1_423' title='bbox 1598 2695 1645 2717; x_wconf 81' lang='lat' dir='ltr'>uae</span> <span class='ocrx_word' id='word_1_424' title='bbox 1659 2696 1678 2716; x_wconf 79' lang='lat' dir='ltr'>a</span> 
     </span>
    </p>
   </div>
  </div>
 </body>
</html>
