1835 2906
374 160 436 190 DE
474 158 751 190 VERBORUM
785 157 1196 189 SIGNIFIGATIONE
1232 158 1327 188 LIB.
1359 158 1464 189 xlv·

1568 149 1652 190 627

202 255 502 298 Praemiosamp
520 254 782 310 pecuniosam
801 252 903 295 dixit
929 251 1033 295 Cato
1054 254 1097 295 in
1119 255 1327 304 oratione,
1359 267 1490 308 quam
1515 256 1653 310 scrip-

256 324 323 365 sit.

258 392 548 445 praemiosam.

1332 322 1652 376 impudentiam

202 460 461 502 Praenesteq
493 459 613 500 dicta
642 462 722 508 est,
752 459 855 512 quia
876 458 914 498 is
939 458 1079 508 locus,
1111 470 1198 511 quo
1230 458 1408 500 condita
1428 463 1511 509 est,
1532 472 1654 499 mon-

263 526 383 568 tibus
405 531 602 580 praestet.

202 594 578 636 Praenominibusr
597 593 778 635 feminas
792 607 889 635 esse
908 594 1161 648 appellatas
1182 593 1438 634 testimonio
1471 594 1562 646 [ΡΛ
1575 606 1603 635 υ
1616 607 1653 634 1,,

260 665 364 703 sunt
384 662 587 712 Caecilia,
618 666 661 703 et
680 662 901 713 Tarratia,
924 676 1024 716 quae
1046 664 1188 704 ambae
1211 661 1333 703 Caiae
1357 662 1501 702 solitae
1523 663 1607 702 sint
1624 668 1657 685 ¹0

260 730 503 784 appellari:
535 730 631 783 pari
652 731 784 788 modo
807 731 963 781 Lucia,
985 736 1030 772 et
1049 731 1219 772 Titia.¹¹

205 798 459 851 Praepetes³
483 811 589 839 aves
607 798 826 849 dicuntur,
848 813 946 852 quae
980 812 1027 839 se
1049 804 1150 839 ante
1173 798 1472 851 auspicantem
1494 797 1658 838 ferunt:

261 877 359 906 nam
382 869 626 920 praepetere
646 865 855 907 dicebant
878 880 957 920 pro
978 867 1199 908 anteire.¹2

811 987 931 999 oooooo

935 987 1053 999 eeeeee

250 1075 293 1103 10
319 1071 398 1103 Vet.
418 1071 476 1102 lib.
502 1076 671 1104 sunt.—ll
698 1074 779 1105 Vet.
805 1073 864 1104 lib.
894 1073 1101 1105 Tarum—12
1125 1073 1212 1104 Haec
1236 1077 1271 1103 et
1295 1072 1473 1113 sequentia
1497 1080 1601 1112 usque
1620 1070 1661 1101 ad

205 1119 279 1146 ante
294 1115 340 1145 ire
356 1115 389 1145 in
415 1115 469 1145 ed.
485 1116 576 1147 Scal.
595 1117 643 1147 ita
657 1117 837 1155 leguntur:
862 1120 871 1134 ‘
892 1118 1061 1155 Praepetes
1076 1127 1147 1147 ares
1161 1117 1316 1149 dicuntur,
1339 1126 1408 1155 1111oe
1421 1125 1452 1145 se
1466 1117 1538 1144 ante
1558 1114 1663 1153 auspi-

207 1157 470 1196 cantemferunt:
495 1169 565 1189 nam
583 1159 703 1199 antiqui
716 1163 887 1200 praepetere
909 1160 1050 1190 (licebant
1071 1170 1127 1199 pro
1142 1160 1257 1193 antire,
1274 1158 1438 1198 pullarium
1453 1167 1471 1187 a
1491 1156 1586 1195 pullis
1608 1166 1662 1195 ap-

204 1201 351 1240 pellatum
367 1201 501 1242 quidam
521 1206 643 1240 putant
660 1202 739 1242 quia
754 1212 812 1232 non
828 1203 912 1232 aliud
927 1203 978 1232 sed
995 1202 1050 1232 hoc
1065 1203 1094 1232 ei
1113 1203 1267 1242 peculiare
1282 1206 1334 1230 est
1349 1210 1444 1230 avem
1461 1199 1663 1239 auspicanda

208 1243 381 1280 observare,
401 1248 553 1283 praepetes
571 1254 650 1275 aves
674 1245 834 1275 dicuntur
860 1254 933 1284 quan
951 1254 983 1274 se
998 1248 1070 1275 ante
1085 1245 1296 1284 auspicantem
1311 1244 1422 1280 ι[ει-ατη
1440 1251 1515 1272 nam
1534 1242 1663 1281 antiqui

209 1291 405 1326 praepetere
432 1286 574 1317 dicebant
599 1297 655 1326 pro
681 1286 824 1318 anteire!

871 1287 1014 1318 Notavit
1040 1296 1172 1328 quoque
1200 1287 1285 1317 Scal.
1309 1287 1371 1316 ltoc
1400 1291 1433 1316 et
1460 1285 1525 1315 duo
1548 1284 1663 1324 capita

210 1329 362 1369 proxime
379 1330 561 1370 sequentia
576 1340 650 1361 esse
667 1330 804 1371 quidem
822 1330 929 1370 Festi,
945 1330 1003 1361 sed
1021 1340 1086 1361 non
1104 1340 1145 1361 ex
1159 1334 1227 1360 vet.
1246 1329 1301 1359 lib.
1318 1333 1439 1359 sumta.

866 1453 1007 1485 NOTAE

254 1534 270 1554 Ρ
293 1528 511 1570 Praemiosam]
550 1528 754 1560 Proemiosum
776 1539 839 1570 pro
860 1539 911 1569 pe-

210 1579 333 1610 cunioso
348 1580 493 1611 Veteres
515 1579 690 1618 dicebant,
717 1580 796 1622 quia
822 1590 912 1612 com-

210 1629 312 1661 moda
327 1630 440 1660 omnia
457 1635 491 1660 et
507 1630 675 1661 utilitates
697 1640 811 1661 omnes
832 1641 913 1671 prce-

210 1680 274 1711 mz‘a
289 1679 542 1721 nuncupabant.
588 1681 791 1711 Proemz'osam
810 1681 914 1721 igitur

211 1730 434 1770 impudentiam
464 1730 590 1761 dixerit
614 1731 713 1769 Cato,
738 1731 830 1772 quasi
855 1741 915 1762 nos

212 1781 414 1819 diceremus,
430 1791 486 1813 une
502 1781 679 1821 impudence
689 1782 916 1821 Iucrative‚une

212 1833 391 1872 impudence
406 1831 473 1862 bien
499 1831 719 1871 recompenset?-
762 1831 830 1862 Sed
855 1841 915 1871 pu-

212 1887 249 1913 to
278 1883 427 1922 Festum,
456 1882 545 1922 quod
576 1892 661 1922 pace
688 1882 761 1922 ejus
788 1881 915 1913 dictum

215 1933 273 1973 sit,
288 1933 396 1964 minus
420 1932 616 1973 percepisse
640 1936 787 1963 mentem
815 1933 917 1963 Cato-

215 1985 279 2024 nis,
297 1985 351 2025 qui
369 1985 454 2015 dixit
471 1984 683 2025 praemiosam
711 1983 916 2024 impudenti-

216 2046 281 2070 am,
298 2045 359 2077 pro
377 2035 617 2076 praemiatoria,
640 2034 672 2066 id
696 2039 761 2072 est,
784 2044 919 2074 magna,

215 2090 252 2117 et
267 2085 400 2127 qualem
422 2084 653 2125 praemiatores
676 2082 842 2124 praeferre
866 2093 918 2114 so-

212 2137 298 2167 lent.
345 2137 431 2167 Sunt
453 2135 542 2166 enim
570 2135 815 2175 praemiatores,
842 2143 921 2165 noc-

218 2187 307 2218 turni
335 2185 523 2227 praedones.
569 2185 700 2217 Nonius
726 2185 759 2216 in
786 2185 921 2225 Agryp-

217 2235 397 2267 nantibus:
423 2237 535 2267 ‘Nam
561 2236 594 2266 in
618 2244 730 2266 scaena
752 2244 812 2265 nos
841 2244 922 2266 noc-

220 2291 338 2316 turnos
376 2285 467 2326 cepit
504 2285 739 2325 praemiatores
777 2283 921 2315 tollere!

219 2336 309 2368 Vide
326 2336 476 2368 Nonium
497 2336 531 2366 in
553 2336 562 2352 ‘
581 2334 833 2374 praemiatores!
877 2335 923 2366 Et

220 2388 363 2428 praemia
381 2397 398 2418 e
415 2386 516 2418 rebus
533 2385 625 2417 furto
641 2385 764 2416 ablatis
787 2384 924 2416 confec-

221 2446 258 2470 ta
272 2439 579 2479 pecunia‚lucrum.
603 2436 760 2477 [Tibull.]
778 2436 875 2476 Eleg.
892 2439 924 2468 ⁶2.

223 2488 324 2520 lib.1.
348 2489 446 2520 ‘Nec
471 2487 551 2518 sinit
566 2492 725 2518 occurrat
747 2487 923 2527 quisquam

224 2541 282 2583 qui
294 2550 438 2582 corpora
451 2539 542 2571 ferro
555 2541 734 2574 Vulneret,
751 2545 810 2570 aut
827 2545 926 2580 rapta

224 2591 365 2632 praemia
381 2595 476 2621 veste
491 2590 611 2631 petat.'
636 2590 733 2622 Idem.

266 2647 283 2668 ¹1
306 2641 484 2682 Praeneste]
510 2641 606 2672 Idem
631 2641 718 2672 Cato
736 2640 825 2681 apud
847 2640 925 2672 Ser-

226 2691 330 2729 vium,
349 2695 358 2709 ‘
373 2691 461 2725 Quia
481 2692 509 2723 is
526 2691 641 2731 locus}
668 2691 791 2732 inquit,
814 2695 925 2722 ‘mon-

229 2743 319 2775 tibus
346 2747 501 2785 praestet‚
524 2743 701 2775 Praeneste
719 2742 847 2784 oppido
867 2752 924 2774 no-

968 1540 1043 1561 men
1061 1529 1181 1561 dedit!
1228 1530 1268 1560 In
1287 1528 1456 1560 montibus
1482 1530 1595 1558 autem
1621 1527 1667 1557 lo-

968 1585 1079 1612 catum
1096 1581 1273 1612 Praeneste
1287 1590 1328 1610 ex
1345 1579 1512 1610 Strabone
1533 1581 1568 1608 et
1593 1577 1665 1607 aliis

967 1637 1083 1663 notum
1121 1637 1186 1663 est.
1240 1631 1340 1663 Unde
1367 1629 1491 1670 Virgil.
1517 1629 1642 1658 ‘ultum
1661 1627 1668 1639 ¹

969 1687 1079 1713 vocat.
1135 1683 1144 1699 ‘
1161 1682 1295 1722 Quique
1334 1682 1440 1712 altum
1491 1679 1667 1709 Praeneste

970 1733 1075 1764 viri:’
1104 1733 1162 1764 sed
1191 1733 1233 1764 de
1263 1737 1376 1772 etymo
1401 1729 1560 1761 dissentit
1591 1729 1669 1759 Ser-

969 1783 1065 1814 vius:
1088 1782 1312 1818 ‘Praeneste‚’
1336 1781 1455 1822 inquit,
1477 1781 1592 1811 ‘locus
1616 1783 1669 1809 est

969 1834 1057 1864 haud
1073 1835 1171 1871 longe
1195 1833 1237 1864 ab
1264 1833 1360 1871 urbe,
1387 1832 1499 1862 dictus
1521 1830 1580 1860 ἀπὸ
1609 1832 1671 1860 τῶν

970 1884 1092 1926 πρίνων,
1122 1885 1155 1916 id
1182 1889 1245 1919 est,
1274 1884 1316 1915 ab
1341 1882 1480 1921 ilicibus,
1500 1891 1574 1922 quae
1602 1881 1669 1912 illic

972 1935 1169 1967 abundant.'
1215 1934 1314 1966 Allia
1330 1934 1507 1964 Praeneste
1524 1932 1670 1972 quodam

972 1986 1103 2027 Ulyssis
1118 1991 1243 2026 nepote
1261 1985 1387 2016 dictum
1404 1983 1533 2014 volunt.
1562 1983 1656 2012 Idem.

1016 2041 1027 2056 r
1050 2034 1315 2074 Proenominz‘bns]
1346 2033 1435 2065 Vide
1460 2033 1504 2064 A.
1522 2032 1673 2063 Gellium

972 2086 1031 2117 lib.
1046 2095 1096 2117 vi.
1110 2096 1184 2125 cap.
1200 2089 1232 2118 7.
1245 2084 1424 2116 Plutarch.
1442 2083 1552 2123 probl.
1570 2088 1605 2114 et
1620 2092 1672 2114 su-

976 2146 1037 2177 pra
1053 2137 1086 2167 iu
1103 2141 1111 2153 ‘
1127 2134 1286 2166 Praebia.’
1303 2135 1373 2166 Ful.
1392 2135 1502 2165 Ursin.

1028 2186 1297 2226 Praenominibus]
1335 2186 1518 2216 Valerius:
1562 2188 1570 2201 ‘
1590 2184 1674 2214 anti-

975 2247 1115 2279 quarum
1145 2237 1322 2268 mulierum
1349 2234 1519 2276 frequenti
1550 2234 1582 2264 in
1612 2244 1673 2264 usu

975 2289 1184 2328 praenomina
1201 2286 1351 2326 fuerunt,
1363 2285 1504 2325 Rutilia,
1521 2284 1676 2321 Caeselia,

977 2338 1167 2376 Rodocnta,
1183 2338 1354 2376 Murcnla,
1381 2337 1492 2367 Burra
1517 2345 1535 2366 a
1562 2336 1675 2366 colore

976 2387 1092 2427 dIcta3
1132 2388 1197 2419 ista
1229 2387 1439 2428 praenomina
1472 2397 1490 2417 a
1523 2385 1677 2416 virilibus

978 2442 1086 2469 tracta
1103 2444 1193 2477 sunt,
1208 2438 1303 2475 Cain,
1318 2437 1438 2474 Lucia,
1455 2436 1589 2474 Publia,
1607 2436 1678 2467 Nu-

976 2488 1106 2520 meria.'
1146 2488 1211 2520 Sed
1242 2488 1318 2519 vide
1343 2488 1516 2528 Sigonium
1547 2487 1608 2518 lib.
1637 2495 1678 2517 ιι.

978 2539 1158 2570 Emendat.
1171 2548 1248 2578 cap.
1261 2541 1313 2569 35.
1338 2538 1420 2568 Duc.

1021 2595 1032 2609 ³
1057 2589 1232 2631 Proepetes]
1257 2590 1437 2630 Praepetes
1466 2598 1544 2620 aves
1571 2587 1676 2618 dictas

980 2641 1114 2682 quidam
1144 2644 1277 2681 putant,
1301 2640 1381 2680 quia
1408 2639 1560 2670 volantes
1577 2647 1612 2668 se
1629 2636 1679 2667 of-

981 2690 1116 2721 ferunt:
1142 2699 1216 2720 nam
1232 2694 1396 2730 praepetere
1413 2695 1477 2723 est,
1496 2699 1588 2719 avem
1606 2697 1679 2716 ans·

983 2741 1110 2782 picanti
1138 2750 1173 2771 se
1202 2739 1350 2772 offen-e:
1391 2740 1492 2777 unde,
1525 2740 1681 2777 Praepeles
