1835 2906
361 162 424 191 DE
458 159 729 190 VERBORUM
763 158 1172 193 SlGNlFlCATIONF.
1207 160 1298 188 hin.
1333 161 1381 188 ll.

1523 150 1540 189 l
1550 150 1604 189 05)

162 256 347 297 Barbari
360 254 376 278 ¹¹
398 256 654 297 dicebantur
670 253 911 308 antiquitus
929 265 1081 293 omnes
1098 255 1242 304 gentes
1262 251 1463 304 exceptis
1479 252 1604 293 Grae-

220 324 311 365 cis:
342 323 457 364 unde
481 323 667 364 Plautus
691 321 913 370 Naevium,
930 319 1106 374 po'e'tam
1124 319 1348 367 Latinum,
1372 319 1606 359 barbarum

218 390 354 432 dixit:
387 397 429 431 et
449 390 503 431 de
524 404 571 431 se
592 403 692 432 cum
713 389 966 430 transferret
991 387 1187 428 fabulam
1209 399 1267 426 ex
1290 386 1452 427 Graeco
1475 386 1605 426 dixit.

218 457 400 499 Marcus
428 456 605 499 Attiusi
631 458 760 499 vertit
792 457 1006 498 barbare:
1038 455 1226 496 fortasse
1257 460 1301 495 et
1329 454 1428 494 hinc
1459 458 1608 493 noster

217 523 483 578 Apostolusj
504 525 676 567 Graecis
692 538 744 566 ac
755 524 951 565 barbaris
965 536 1013 563 se
1035 523 1279 564 debitorem
1301 534 1400 561 esse
1416 520 1608 560 fatetur;4

161 591 477 634 Barbaricumk
505 593 752 647 appellatur
778 592 942 632 clamor
970 591 1221 631 exercitus:
1263 587 1470 629 videlicet
1491 587 1607 640 quod

217 673 271 701 eo
293 671 445 714 genere
466 660 639 701 barbari
661 664 853 700 utantur.

161 725 359 768 Bardus¹
388 727 545 768 stultus
579 740 604 768 a
633 727 834 768 tarditate
860 727 1021 779 ingenii
1045 725 1312 779 appellatur.

1373 721 1606 763 Caecilius:

217 795 365 836 Nimis
388 794 618 844 audacem,
639 795 859 848 nimisque
879 794 1064 836 bardum
1094 794 1341 834 barbarum.
1401 790 1609 831 Trahitur

216 867 360 904 autem
382 875 408 903 a
429 861 605 912 Graeco,
628 861 743 915 quod
765 862 829 902 illi
849 861 995 917 βάρδεις
1016 861 1179 901 dicunt.
1235 859 1409 899 Bardus
1433 857 1607 899 Gallice

216 934 370 970 cantor
386 934 410 950 ¹¹¹
442 929 702 982 appellatur,
724 930 799 982 qui
831 930 1021 970 virorum
1042 928 1212 968 fortium
1244 926 1397 967 laudes
1423 925 1560 974 canit,
1583 937 1609 965 a

217 1001 341 1048 gente
374 996 634 1045 Bardorum,
667 996 720 1036 de
751 997 910 1050 quibus
949 996 1184 1036 Lucanus:
1230 995 1427 1035 Plurima
1464 992 1607 1033 securi

214 1065 389 1105 fudistis
413 1067 608 1107 carmina
631 1065 782 1105 Bardi.

768 1194 886 1205 cauto

890 1194 1007 1205 eeeeee

201 1284 220 1312 4
241 1282 394 1321 Fortasse,
420 1284 472 1322 35⁶.
490 1304 498 1313 .
517 1304 524 1312 .
542 1304 549 1313 .
566 1283 692 1321 fatetur
708 1282 893 1323 rejicienda
920 1291 995 1313 esse
1022 1286 1141 1313 censet
1167 1282 1257 1313 Scal.
1286 1282 1367 1313 licet
1396 1281 1429 1312 iu
1458 1281 1610 1312 omnibus

160 1323 254 1355 libris
275 1332 414 1365 reperta
430 1325 508 1357 siut.

823 1422 966 1462 NOTAE

157 1512 241 1542 bera!
246 1511 345 1546 hrum,
355 1515 390 1541 et
402 1510 575 1541 berethrum
584 1509 757 1542 dicebant.
776 1511 856 1542 Dae.

200 1560 214 1581 ἲ·
238 1560 391 1600 Barbari]
416 1561 527 1592 Plaut.
541 1561 573 1591 in
584 1561 716 1592 Milite:
743 1566 751 1578 ‘
769 1561 855 1592 Nam

158 1621 194 1642 os
220 1612 447 1642 columnatum
473 1611 582 1652 poe‘tae
610 1612 759 1642 inaudivi
783 1621 857 1642 esse

159 1662 314 1697 barbaro,
338 1664 427 1695 Quoi
449 1664 515 1693 vivi
540 1663 700 1694 custodes
724 1672 858 1702 semper

158 1713 240 1744 totis
266 1713 356 1743 horis
381 1713 581 1744 accubautz’
604 1713 693 1743 idem
725 1713 757 1742 in
783 1712 858 1742 Asi-

157 1763 267 1793 naria:
294 1767 302 1779 ‘
320 1764 456 1793 Marcus
474 1764 576 1794 vortit
594 1761 762 1793 barbare.’
795 1762 858 1792 Lo-

158 1822 233 1844 cum
265 1812 419 1853 Apostoli
447 1823 489 1844 ex
514 1814 616 1853 epist.
641 1813 682 1844 ad
709 1813 807 1844 Rom.
832 1821 857 1844 1.

158 1871 258 1892 nemo
285 1862 404 1893 credat
420 1863 511 1894 Festi
527 1862 644 1898 fuisse,
669 1863 726 1893 sed
746 1863 859 1898 Pauli,

160 1913 215 1953 qui
235 1913 406 1953 epitomen
425 1913 586 1945 confecit.
609 1913 687 1944 Ant.
705 1913 792 1952 Aug.

203 1963 357 2003 Barbari]
384 1965 491 1994 Locus
518 1964 633 1994 Plauti
658 1968 712 1994 est
734 1964 765 1993 in
782 1963 860 1994 Mil.

159 2013 253 2044 Glor.
282 2022 321 2043 ιι.
343 2016 375 2043 2.
410 2015 419 2030 ‘
439 2014 526 2044 Nam
559 2023 596 2043 os
627 2013 857 2044 columnatum

158 2063 270 2103 poe'tae
288 2072 361 2094 esse
378 2063 529 2093 inaudivi
547 2061 716 2094 barbar0.'
734 2063 816 2094 Dae.

201 2112 208 2133 ἰ
233 2114 282 2144 Μ.
301 2113 423 2153 Altius]
453 2114 545 2153 Lege
567 2118 700 2144 tautum
717 2113 858 2144 Marcus.

159 2163 253 2194 Utin
271 2173 330 2194 ora
343 2165 504 2203 scriptum
518 2164 641 2194 fuerat.
687 2165 796 2194 Locus
808 2168 861 2195 est

158 2213 191 2243 iu
211 2213 350 2253 Prolog.
370 2213 462 2245 Asin.
486 2218 495 2231 ‘
512 2214 734 2254 Demophilus
754 2215 858 2255 scrip-

160 2263 216 2304 sit,
230 2264 368 2294 Marcus
386 2264 490 2294 vortit
508 2263 676 2295 barbare!
696 2264 794 2295 Idem.

201 2311 212 2339 3
236 2313 353 2344 Noster
379 2313 560 2353 Apostolus]
593 2315 664 2345 Ista
690 2325 709 2345 a
740 2315 860 2354 Paulo,

160 2371 226 2392 non
252 2372 269 2392 a
293 2363 396 2393 Festo
419 2369 508 2394 sunt.
552 2364 722 2405 Intelligit
746 2371 860 2396 autem

161 2413 209 2443 D.
227 2412 367 2443 Paulum
384 2413 440 2452 qui
455 2413 556 2453 epist.
569 2423 593 2444 1.
606 2414 647 2445 ad
662 2415 757 2446 Rom.
771 2425 858 2446 vers.

163 2465 215 2494 14.
241 2463 372 2497 scribit,
389 2463 544 2494 ‘Graecis
568 2469 603 2495 et
628 2464 792 2500 barbaris,
809 2475 859 2496 sa-

162 2513 334 2552 pientibus
379 2518 414 2543 et
451 2513 702 2553 insipientibus,
727 2514 862 2546 debitor

164 2562 260 2593 sum!
305 2563 372 2594 Sed
396 2573 462 2593 non
487 2563 602 2594 Graeci
631 2568 760 2594 tantum
786 2564 861 2594 bar-

164 2611 261 2643 baros
270 2613 435 2643 vocabant
447 2618 595 2648 exteros,
606 2613 749 2644 Romani
761 2614 862 2644 etiam

164 2671 279 2693 omnes
297 2669 422 2703 praeter
439 2663 545 2694 Italos
567 2664 614 2694 sic
632 2663 811 2702 vocabant,
828 2668 862 2694 et

166 2712 326 2755 quicquid
346 2714 572 2745 alit-numerat
585 2714 724 2755 imperio
743 2715 862 2745 Roma-

912 1520 954 1541 no
972 1511 1161 1541 Barbarz'am
1182 1514 1216 1540 et
1233 1508 1452 1540 Barbaricum.
1497 1507 1552 1537 Sic
1578 1511 1612 1537 ct

912 1561 1063 1601 AEgyptii
1081 1570 1196 1591 omnes
1221 1569 1278 1589 eos
1297 1559 1354 1598 qui
1377 1559 1525 1597 ipsorum
1551 1557 1611 1587 liu-

913 1620 977 1650 gua
995 1620 1058 1640 non
1077 1614 1266 1640 uterentur.
1292 1609 1390 1639 Idem.

955 1660 969 1679 k
993 1659 1214 1698 Barbaricum]
1233 1659 1333 1690 Hune
1344 1661 1526 1691 clamorem
1539 1660 1612 1691 bar„

913 1710 1015 1740 ritum
1039 1710 1141 1739 etiam
1160 1714 1294 1740 vocant.
1339 1710 1463 1750 Veget.
1483 1711 1540 1741 lib.
1559 1720 1612 1741 111.

912 1760 1073 1797 ‘Clamor,
1093 1769 1190 1799 quem
1210 1759 1373 1790 barritum
1392 1765 1528 1798 vocant,
1547 1770 1612 1790 nou

915 1810 1006 1850 prius
1019 1809 1123 1839 debet
1136 1809 1289 1839 exaudiri
1303 1819 1404 1850 quam
1416 1810 1507 1841 acies
1520 1816 1613 1841 utra-

915 1868 980 1900 que
997 1859 1223 1898 sejunxerit!
1239 1859 1338 1890 Idem.

959 1907 966 1928 ¹
989 1908 1131 1948 Bar-dus]
1167 1908 1293 1948 Βραδὺς,
1321 1909 1447 1949 βαρδὺς,
1477 1909 1614 1947 bardus,

915 1960 1045 1996 tardus,
1057 1960 1111 1989 cui
1123 1960 1328 1990 contrarium
1345 1960 1422 1991 ὠκὺς
1433 1961 1543 1991 velox.
1573 1960 1613 1990 In

915 2020 1010 2040 versu
1025 2009 1165 2049 Caecilii,
1177 2010 1430 2049 nimi'amlacem,
1440 2012 1491 2049 δῖε.
1508 2010 1614 2041 Idem.

957 2060 1099 2100 Bar-dus]
1125 2061 1249 2091 Lucan.
1268 2060 1326 2090 lib.
1344 2070 1368 2090 ι.
1385 2061 1532 2101 quicum
1549 2060 1614 2090 alio

915 2112 990 2142 loco
1012 2121 1076 2142 nou
1103 2110 1272 2141 referatur
1295 2121 1312 2140 a
1338 2111 1452 2145 Festo,
1477 2119 1614 2149 suspec-

915 2168 986 2194 tum
1002 2162 1090 2192 hunc
1108 2160 1202 2192 facit.
1226 2162 1302 2192 Ant.
1320 2162 1404 2199 Aug.

957 2218 979 2232 ¹¹³
1003 2212 1131 2242 Barclus
1143 2210 1263 2242 Gallice
1275 2210 1396 2250 cantor]
1421 2210 1508 2240 Vide
1519 2209 1613 2240 Stra-

915 2263 1036 2294 bonem
1062 2262 1120 2292 lib.
1140 2270 1188 2291 iv.
1207 2265 1240 2291 et
1264 2260 1432 2290 Ammian.
1456 2258 1613 2289 Marcell.

914 2314 974 2344 lib.
993 2322 1054 2343 xv.
1098 2311 1201 2342 Bardi
1221 2310 1321 2341 fortia
1352 2309 1497 2339 virorum
1522 2308 1613 2338 illus-

917 2364 1016 2394 trium
1035 2362 1126 2392 facta
1144 2360 1287 2391 heroicis
1305 2359 1492 2400 composita
1514 2359 1615 2389 versi·

916 2414 977 2445 bus
994 2422 1068 2444 cum
1093 2410 1248 2441 dulcibus
1265 2410 1346 2450 lyrae
1370 2408 1514 2439 modulis
1535 2418 1612 2439 cau-

917 2464 1072 2494 titaruut·
1120 2462 1182 2491 Est
1196 2465 1307 2491 autem
1320 2470 1384 2490 vox
1398 2459 1546 2497 Gallica,
1559 2459 1614 2488 lio-

917 2514 1053 2552 dieque,
1070 2515 1107 2541 ut
1132 2517 1224 2541 recte
1247 2510 1441 2541 observavit
1459 2510 1614 2540 doctissi-

917 2573 989 2594 mus
1031 2562 1130 2592 Voss.
1159 2562 1331 2593 Britannis
1371 2562 1457 2591 Bard
1488 2560 1615 2591 dicitur

918 2614 972 2655 qui
1004 2614 1152 2644 versibus
1182 2613 1298 2653 pangit
1335 2611 1429 2643 facta
1460 2611 1613 2641 illustria.

919 2666 963 2695 Et
982 2669 1078 2694 vetus
1095 2664 1266 2696 Celtarum
1284 2664 1398 2704 lingua
1416 2662 1532 2694 eadem
1549 2661 1614 2692 fuit

919 2724 990 2756 quw
1007 2714 1214 2745 Britannica.
1239 2714 1321 2744 Duc.
