1835 2906
192 118 276 160 184

632 128 779 159 SEXTl
814 130 1015 160 POMPEll
1051 129 1183 160 FESTI

195 223 414 264 Consulas
431 228 455 244 ¹¹¹
487 224 654 277 antiqui
672 225 909 277 ponebant,
920 237 1004 265 non
1020 229 1190 264 tantum
1208 236 1287 276 pro
1304 224 1531 265 consilium
1554 238 1630 278 pe-

250 296 330 340 tas,
350 295 392 331 et
411 291 694 343 perconteris,
707 291 786 332 sed
808 293 942 332 ctiam
963 305 1042 345 pro
1054 290 1242 344 judices,
1264 297 1309 330 et
1332 295 1535 332 statuas.¹²

195 357 512 411 Contagionem
527 363 543 379 ⁰
572 371 671 399 esse
693 359 938 408 dicendum,
960 372 1041 399 non
1063 358 1331 410 contagium,

195 425 522 477 Contemplarip
553 425 714 466 dictum
755 430 823 466 est
852 440 880 467 a
909 426 1098 480 templo3
1130 425 1173 465 id
1203 429 1282 475 est,
1312 425 1430 473 loco,
1468 426 1544 479 qui
1577 427 1632 466 ab

251 492 369 533 omni
391 497 518 545 parte
541 493 698 546 aspici,
719 493 788 534 vel
809 506 866 533 ex
893 507 981 547 quo
1014 493 1158 533 omnis
1187 505 1290 545 pars
1315 492 1452 533 videri
1473 497 1633 546 potest,

251 573 378 612 quem
399 559 566 612 antiqui
583 560 789 612 templum
812 561 1107 601 nominabant.

198 624 449 666 Contestari
466 631 482 654 ‘³
522 630 601 674 est,
632 639 730 667 cum
771 632 952 680 uterque
987 640 1086 667 reus
1121 626 1245 677 dicit,
1286 626 1442 667 Testes
1483 630 1637 668 estote.

255 692 503 732 Contestari
524 692 645 733 litem
666 693 870 734 dicuntur
886 693 973 734 duo
995 702 1070 734 aut
1086 694 1234 746 plures
1256 693 1505 747 adversarii,
1520 694 1637 746 quod

252 759 445 800 ordinato
460 758 632 812 judicio
654 765 837 814 utraque
859 773 963 813 pars
987 760 1128 801 dicere
1147 761 1274 810 solet,
1292 760 1446 801 Testes
1463 766 1618 802 estote.

850 879 991 910 NOTAE

197 952 326 982 celetur
342 953 574 984 consuetudo!
620 954 707 994 Lege
734 954 896 984 consuetio.

198 1002 306 1033 Immo
331 1003 432 1033 ethic
449 1013 564 1034 versus
581 1010 632 1035 est
648 1015 690 1035 ex
709 1004 856 1045 Amphit.
874 1014 897 1035 1.

197 1055 229 1082 2.
243 1052 252 1068 ‘
268 1053 311 1083 Et
328 1054 540 1084 clandestina
556 1060 593 1085 ut
610 1056 741 1086 celetur
757 1064 897 1085 consue-

198 1103 247 1132 tio
263 1102 283 1141 ;'
313 1103 369 1133 ubi
398 1105 482 1134 male
500 1105 577 1135 libri
602 1115 715 1136 omnes
738 1105 831 1145 editi,
851 1116 898 1137 ce·

198 1153 279 1183 Iecur
303 1153 448 1193 suspicio.
497 1155 663 1186 Consuetio
693 1156 819 1195 primus
846 1165 897 1186 re-

199 1203 312 1234 stituit
325 1204 513 1244 Scioppius.
557 1205 566 1221 ‘
582 1205 776 1245 Consuetio‚
791 1217 897 1237 συνου-

200 1251 274 1283 σίαι
300 1263 534 1294 consuescere,
550 1256 705 1287 συνεῖναι.’
742 1256 808 1287 Sed
825 1257 897 1288 haec

199 1302 296 1334 nimis
313 1309 403 1335 nota.
428 1305 525 1336 Idem.

243 1357 266 1373 ¹¹¹
292 1354 456 1394 Consules]
479 1354 595 1386 Attius
612 1356 644 1386 in
663 1356 791 1387 Bruto:
815 1356 824 1372 ⁴
839 1356 896 1397 qui

201 1408 294 1435 recte
316 1405 480 1440 consulat,
500 1406 617 1436 consul
641 1407 766 1437 cluat?
790 1407 836 1438 ita
852 1407 897 1437 le·

201 1454 346 1494 gendum
371 1455 461 1495 apud
478 1456 665 1487 Varronem
689 1458 822 1488 memini
847 1467 898 1487 nie

202 1504 376 1536 admoneri
398 1505 439 1536 ab
463 1506 570 1537 amico
586 1507 727 1547 quodam
744 1517 819 1539 meo
836 1508 898 1539 Co-

202 1555 355 1594 loniensi,
370 1555 712 1597 doctissimojuvene.
737 1558 899 1590 Jos.Scal.

250 1605 413 1645 Consulas]
438 1606 621 1637 Consulere
638 1617 699 1648 pro
722 1609 900 1639 consilinm

204 1660 334 1695 petere.
351 1656 461 1688 Cicer.
474 1657 505 1687 in
522 1657 697 1690 Veri-‚11.‘
714 1659 814 1690 Nunc
826 1669 900 1698 ego,

201 1705 345 1744 judices,
361 1715 417 1736 vos
435 1707 583 1743 consulo,
596 1708 674 1748 quid
686 1709 763 1739 mihi
776 1708 903 1741 facien-

204 1755 283 1784 dum
302 1756 453 1794 putetis!
477 1757 559 1787 Dac.

249 1809 262 1823 ¹¹
290 1805 354 1835 Pro
367 1806 490 1843 judices
513 1811 543 1838 et
566 1809 700 1849 statuas]
731 1810 826 1842 Male
852 1811 904 1842 vel

207 1852 294 1884 bene
311 1854 353 1884 (le
375 1855 486 1895 aliquo
505 1857 556 1887 vel
573 1858 605 1887 in
624 1859 766 1899 aliquem
786 1870 906 1891 consu-

205 1901 289 1942 lere,
306 1908 371 1943 est,
395 1909 554 1946 statuere,
576 1906 760 1939 decernere
790 1910 831 1941 de
855 1920 909 1954 eo,

207 1953 297 1993 quod
315 1953 345 1983 ei
362 1955 413 1984 vel
430 1956 640 1987 commodum
657 1959 700 1989 sit
716 1959 768 1989 vel
785 1959 908 1991 incom—

207 2003 354 2033 modum.
383 2004 521 2036 Terent.
539 2005 663 2038 Heant.
681 2017 736 2040 111.
748 2011 776 2039 l.
791 2011 800 2026 ‘
813 2011 901 2042 Quia

207 2052 352 2091 pessime
379 2053 466 2085 istuc
494 2055 527 2085 in
558 2060 593 2086 te
620 2062 722 2097 atque
750 2059 783 2089 in
809 2059 902 2090 illum

208 2102 370 2143 consulis,
385 2103 420 2134 Si
435 2109 468 2134 te
483 2109 550 2135 tam
565 2105 632 2136 leni
645 2113 679 2138 et
692 2108 780 2139 victo
793 2109 902 2139 animo

208 2161 281 2182 esse
318 2153 530 2185 ostenderis!
574 2155 688 2187 Livius
725 2158 783 2189 lib.
815 2168 904 2190 xxx.

206 2208 214 2223 ⁴
234 2203 284 2233 De
300 2204 450 2243 perfugis
466 2206 598 2245 gravius
615 2217 712 2248 quam
730 2209 771 2239 de
789 2208 904 2250 sugiti-

211 2253 259 2283 vis
274 2254 486 2285 consultum.¹
512 2256 610 2287 Idem.

251 2307 265 2320 ⁰
294 2304 532 2344 Contagionem]
555 2306 689 2338 Sallust.
712 2311 720 2325 ¹
738 2307 820 2339 Post
848 2309 904 2340 ubi

211 2354 378 2392 contagio,
409 2356 503 2394 quasi
529 2357 736 2397 pestilentia,
761 2360 904 2390 invasit!

210 2401 276 2432 Sed
291 2408 324 2432 et
340 2405 515 2442 contagium
539 2406 627 2438 dixit
649 2407 770 2449 virgil.
802 2410 811 2425 ‘
833 2410 905 2441 Nec

210 2453 296 2483 mala
313 2454 411 2484 vicini
431 2458 561 2494 pecoris
587 2460 743 2500 contagia
760 2460 907 2492 laedent!

215 2503 367 2541 Coniugio
380 2509 414 2534 et
427 2507 604 2544 contagium
620 2509 765 2550 antiquis
781 2511 908 2550 simpli·

212 2552 298 2583 citer
309 2553 579 2593 conjunctionem
593 2558 846 2598 significabant:
863 2565 910 2592 ta-

211 2612 251 2640 go
269 2612 327 2642 pro
343 2606 450 2641 tango,
466 2610 607 2645 contage.
651 2610 718 2639 Sed
737 2616 855 2650 postea
870 2612 910 2642 ad

214 2661 376 2684 venenum
391 2654 558 2696 traducta,
571 2662 604 2688 et
615 2659 765 2691 morbum
779 2661 833 2701 qui
843 2671 910 2693 sei·-

952 953 1015 993 pit,
1029 953 1152 994 gliscit,
1166 958 1201 985 et
1217 958 1375 985 contactu
1389 953 1504 985 inficit.
1523 953 1619 984 Idem.

994 1008 1009 1028 ¹⁷
1045 1005 1269 1045 Contemplurz']
1305 1005 1481 1044 Templum
1521 1004 1643 1035 dicitur

953 1054 1060 1094 quivis
1072 1055 1164 1085 locus
1176 1065 1299 1086 vacuus
1313 1061 1347 1086 et
1363 1060 1515 1095 apertus,
1531 1060 1568 1086 ut
1579 1057 1587 1072 ‘
1599 1065 1643 1085 ae·

953 1104 1071 1135 tlierea
1109 1105 1260 1145 templa,’
1297 1107 1448 1146 regiones
1484 1105 1617 1136 aetheris
1634 1116 1642 1135 :

953 1160 960 1172 ¹
977 1154 1160 1186 Acherusia
1174 1156 1323 1196 templa,’
1339 1158 1401 1187 &c.
1432 1155 1530 1187 Unde
1543 1155 1575 1186 in
1589 1164 1645 1185 au-

950 1206 1053 1245 guriis
1068 1206 1228 1246 templum
1246 1206 1372 1237 dicitur·
1390 1207 1482 1236 locus
1506 1204 1646 1245 auspicii

950 1265 1064 1294 causa,
1079 1255 1275 1296 quibusdam
1292 1256 1466 1296 conceptis
1483 1255 1593 1286 verbis
1610 1253 1648 1285 fi-

951 1305 1053 1344 nitus,
1077 1305 1109 1336 in
1127 1305 1218 1336 edito
1238 1311 1273 1337 et
1293 1311 1412 1346 aperto
1429 1305 1470 1336 ad
1487 1313 1648 1346 prospec-

951 1361 1036 1394 tum,
1053 1356 1190 1396 singulis
1206 1356 1279 1396 ejus
1302 1355 1467 1387 lateribus
1493 1354 1646 1385 obversis

952 1406 993 1437 ad
1022 1407 1168 1446 singulas
1193 1407 1308 1438 mundi
1335 1407 1463 1447 plagas,
1490 1406 1523 1436 in
1552 1404 1648 1445 cujus

952 1456 1111 1487 umbilico
1135 1463 1209 1488 erat
1232 1467 1374 1497 arx‚seu
1394 1455 1649 1497 auguraculum,

952 1517 1011 1538 seu
1024 1507 1291 1548 tabernaculum,
1301 1507 1341 1538 ad
1351 1506 1578 1538 observandas
1591 1506 1650 1536 ali-

955 1563 1025 1589 tum
1043 1558 1249 1597 augur-alium
1271 1558 1415 1589 volatus.
1462 1557 1516 1587 Ab
1534 1566 1573 1587 eo
1589 1556 1650 1596 igi-

955 1612 1010 1639 un·
1026 1608 1261 1648 contemplari.
1285 1607 1352 1639 Sed
1372 1607 1446 1639 vide
1463 1607 1550 1647 apud
1568 1606 1650 1636 Var-

955 1667 1072 1688 ronem
1089 1658 1145 1689 lib.
1163 1667 1212 1689 vi.
1229 1658 1284 1698 qui
1301 1658 1427 1698 optime
1446 1662 1549 1688 totam
1568 1662 1651 1687 tem-

957 1708 1084 1748 plorum
1115 1707 1393 1747 significationem
1417 1711 1470 1738 est
1497 1715 1654 1747 persecu-

960 1763 1025 1797 tus,
1056 1758 1118 1789 etsi
1147 1759 1179 1788 in
1209 1763 1322 1798 etymo
1351 1767 1488 1798 operam
1514 1756 1652 1793 luserit;

959 1818 1068 1848 neque
1094 1808 1181 1839 enim
1205 1809 1348 1848 templum
1374 1817 1393 1838 a
1419 1809 1543 1846 tuendo,
1559 1807 1653 1848 quasi

961 1861 1137 1899 Memphim,
1155 1860 1225 1890 sive
1239 1859 1438 1899 tuempulum,
1455 1863 1492 1890 ut
1508 1859 1579 1899 ipse
1595 1858 1653 1888 (lo-

962 1915 1031 1949 cet,
1060 1919 1171 1940 verum
1197 1920 1214 1940 a
1239 1908 1376 1948 τέμενος,
1393 1909 1558 1950 quomodo
1588 1918 1653 1939 non

962 1961 1066 1991 solum
1084 1960 1153 2000 agri
1172 1966 1304 2000 partem
1333 1960 1489 2001 aliquam,
1513 1958 1556 1989 ab
1578 1958 1653 1989 aliis

955 2010 1095 2040 divisam
1111 2017 1146 2041 et
1167 2016 1347 2048 secretam,
1363 2019 1436 2050 quae
1464 2009 1541 2039 viris
1559 2007 1653 2038 forti-

956 2061 1016 2091 bus
1033 2065 1068 2091 et
1083 2060 1219 2100 regibus
1236 2070 1296 2100 pro
1309 2060 1433 2090 honore
1445 2059 1601 2097 dabatur,
1617 2063 1655 2089 ut

955 2111 1135 2151 Tarquinio
1152 2110 1302 2149 Superbo
1326 2110 1359 2140 in
1379 2119 1498 2149 campo
1518 2108 1655 2146 Martio,

958 2160 1072 2191 Graeci
1105 2159 1245 2198 dixere3
1275 2159 1334 2189 sed
1364 2159 1472 2190 locum
1502 2158 1654 2200 quemvis

959 2212 1111 2252 patulum
1124 2216 1159 2241 et
1174 2216 1328 2251 apertum
1340 2211 1442 2241 certis
1456 2210 1654 2251 quibusdam

959 2260 1079 2291 finibus
1116 2263 1331 2291 terminatum
1351 2271 1359 2290 :
1398 2262 1446 2291 sie
1485 2260 1657 2300 lEscbylus

960 2312 1047 2342 dixit
1061 2310 1184 2349 τέμενος
1201 2311 1329 2351 αι’θέρος,
1352 2312 1361 2328 ‘
1376 2311 1535 2351 templum
1553 2312 1656 2341 aethe-

960 2361 1027 2392 ris.'
1052 2363 1150 2393 Idem.

1002 2418 1016 2439 ‘¹
1042 2413 1235 2452 Contesturz']
1261 2412 1552 2453 Interpunctionis
1578 2418 1658 2443 nota

961 2462 1094 2493 videtur
1122 2462 1279 2493 addenda
1296 2462 1337 2493 ad
1360 2463 1498 2493 verbum
1521 2465 1657 2501 uterque.

964 2513 1036 2544 Ful.
1054 2513 1169 2543 Ursin.

1011 2563 1203 2602 Contestari]
1235 2562 1333 2603 Apud
1363 2567 1494 2593 veteres
1523 2562 1657 2592 Latinos

967 2614 1105 2653 petitor,
1134 2618 1169 2643 et
1200 2613 1226 2643 is
1258 2612 1344 2642 unde
1382 2611 1573 2651 petebatur,
1604 2612 1659 2641 ille

966 2669 1098 2704 petens,
1123 2662 1175 2694 hic
1198 2670 1325 2702 negans
1347 2661 1488 2702 primum
1514 2662 1601 2693 inter
1621 2670 1657 2692 se
