1835 2906
238 135 293 175 30

675 149 822 179 SEXTI
856 150 1057 182 POMPEH
1093 152 1229 184 FESTI

239 241 612 296 Antipagmenta,¹¹
633 244 856 286 valvarum
872 251 1151 288 ornamenta:
1173 260 1273 302 quae
1290 250 1404 291 antis
1421 251 1674 306 adpangun-

293 313 373 359 tur,
395 308 439 350 id
460 313 538 358 est,
560 310 825 363 adfiguntur.

238 376 506 429 Antiquare⁰
528 381 592 417 est
613 378 655 417 in
675 391 834 419 morem
855 381 1087 431 pristinum
1108 382 1333 424 reducere.

238 443 434 493 AntraS‚p
455 444 692 494 convalles,
715 446 783 486 vel
806 447 1004 487 arborum
1029 448 1274 490 intervalla.

238 511 488 560 Antroare,q
509 512 667 563 gratias
685 513 866 556 referre:
899 518 1059 564 truant,
1083 522 1286 556 movent:
1331 521 1473 559 truam
1493 532 1672 573 quoque

295 582 466 627 vocant,
487 591 572 631 quo
593 585 842 632 permovent
863 586 1100 635 coquentes
1123 588 1244 624 exta.

239 645 366 686 Anus
382 650 395 666 Γ
414 645 530 685 dicta
550 651 618 686 est
638 647 693 686 ab
712 660 922 690 annorum
942 650 1240 691 multitudine:
1273 651 1475 703 quoniam
1494 650 1678 706 Antiqui

297 725 383 751 non
397 713 676 763 geminabant
691 722 998 757 consonantes:
1022 717 1091 757 vel
1106 717 1220 770 quod
1235 717 1330 771 jam
1352 719 1410 758 sit
1425 719 1516 759 sine
1532 732 1676 770 sensu,

297 779 371 832 qui
394 779 551 820 Graece
573 780 731 821 dicitur
752 785 841 829 τοῦς.

892 942 1037 975 NOTAE

241 1035 371 1066 Anctos.
426 1035 667 1076 Adstipulatur
696 1043 730 1068 et
772 1039 933 1078 optimum

242 1085 324 1115 illud
341 1085 570 1116 Glossarium:
595 1091 602 1104 ‘
616 1087 759 1126 Anctos,
781 1087 935 1127 ἀναγκασ-

242 1135 360 1166 θέντας.
387 1135 501 1172 Αιιοῑί,
515 1135 711 1175 ἀγχοίμενοι.’
724 1138 792 1168 Jos.
809 1138 891 1169 Scal.

284 1191 298 1205 ¹¹
314 1186 572 1226 Antipagmema]
609 1186 721 1217 Gloss.
764 1188 935 1229 ‘autipag-

242 1242 367 1275 menta,
382 1236 611 1276 προπή-γματα.’
638 1238 831 1278 Sculpturae
849 1240 935 1269 Deo-

243 1297 328 1325 rum,
341 1288 519 1325 hominum,
537 1288 768 1327 animantium,
781 1289 935 1319 aliarum-

242 1347 284 1368 ve
303 1347 427 1376 rerum,
454 1348 528 1379 qua²
547 1339 700 1378 postibus
727 1345 785 1370 aut
811 1340 934 1370 colum-

243 1388 294 1417 nis
311 1392 426 1427 postes
443 1389 685 1420 sustinentibus
698 1390 800 1429 pangi
816 1390 934 1420 solent.

246 1438 329 1469 Duc.

286 1493 300 1508 ⁰
318 1488 510 1529 Atttiquare]
538 1488 687 1520 Verbum
711 1490 846 1520 solenne
872 1499 937 1530 qno

245 1540 390 1578 populus
416 1541 511 1570 Rom.
529 1539 690 1570 utebatur
713 1549 788 1571 cum
812 1539 938 1580 signifi-

245 1591 347 1621 cabat
357 1600 391 1621 se
401 1591 510 1630 legem
523 1601 587 1622 non
598 1592 783 1632 accipere,‘
792 1592 941 1633 antiquo’

245 1646 296 1670 est
311 1640 422 1677 deleo,
433 1642 562 1681 aboleo,
575 1643 606 1672 in
623 1643 796 1682 antiquum
811 1652 937 1673 morem

246 1690 385 1730 reduco,
401 1691 433 1721 id
449 1697 513 1730 est,
535 1697 570 1721 ut
587 1692 759 1732 antiquum
773 1692 830 1731 jus
851 1693 937 1723 vale-

247 1746 295 1778 at,
309 1749 371 1771 nec
387 1751 508 1772 novum
526 1747 704 1773 statuatur.
730 1742 842 1773 Gloss.
859 1744 866 1760 ‘
882 1753 939 1773 an-

248 1790 393 1829 tiquare,
421 1791 590 1829 ἆρχαιῶσαι
603 1791 623 1829 ;’
649 1798 684 1823 et
701 1794 708 1809 ‘
723 1793 872 1833 antiquo,
889 1794 941 1832 ἀρ·

248 1838 371 1878 χαί”ζω.’
399 1841 494 1870 Mem.

291 1894 305 1914 Ρ
322 1889 455 1929 Antros]
472 1890 630 1921 Placidus
645 1891 677 1920 in
692 1891 840 1922 Glossis:
859 1892 942 1922 ‘An-

248 1948 336 1977 cras,
351 1940 531 1977 convalles,
546 1940 597 1969 vel
615 1949 770 1970 arvorum
785 1941 943 1972 interval-

249 1990 309 2021 la:'
335 1989 433 2028 ἄγκεα
461 1989 620 2030 ποιήεντα,
651 1991 834 2023 Homerus.
870 1993 943 2023 Ful.

255 2040 360 2071 Ursin.

293 2090 428 2130 Antras]
456 2090 686 2122 Glossarium:
713 2096 859 2130 ‘ancraS,
884 2102 941 2122 an-

250 2151 329 2178 ctae,
346 2140 461 2180 ἄγγεα,
478 2141 635 2172 ahmins?
673 2142 819 2173 Videtur
845 2142 943 2173 Glos-

251 2192 330 2223 sarii
347 2193 450 2223 lectio
468 2193 596 2223 verior:
621 2192 839 2223 confirmatur
855 2193 942 2223 enim

252 2243 369 2280 glossis
378 2242 518 2272 Isidori:
535 2242 687 2281 ‘Angrae‚
699 2243 878 2273 intervalla
891 2253 939 2273 ar-

253 2291 385 2329 borum,
401 2293 453 2322 vel
470 2292 662 2324 convalles!
689 2293 775 2323 Nam
789 2299 944 2333 cognatae

253 2347 331 2371 sunt
349 2342 388 2371 C.
407 2348 441 2372 et
459 2342 503 2373 G.
542 2343 698 2373 Fortasse
729 2344 943 2374 scribendum

253 2401 366 2430 anceoe,
392 2396 464 2429 aut,
488 2397 524 2422 ut
543 2393 701 2428 Isidorus,
718 2404 844 2432 uugeoe:
868 2404 943 2424 uam

254 2451 273 2472 a
290 2442 412 2472 Graeco
436 2441 554 2480 ἄγγεα;
583 2444 663 2483 quin
686 2444 787 2474 etiam
811 2445 843 2474 in
872 2445 944 2475 aliis

255 2492 374 2531 glossis
396 2491 671 2524 Graeco-Latinis
688 2505 696 2525 ε
718 2496 727 2512 ‘
745 2505 877 2532 averca‚
893 2496 944 2525 αὐ-

255 2542 330 2581 λὼν,
345 2543 360 2571 ὁ
375 2541 483 2572 στενὸς
499 2541 602 2578 τόπος,
619 2544 668 2574 καὶ
686 2544 832 2583 ἐπιμήκης
844 2545 863 2576 :'
887 2555 945 2576 ex-

258 2597 343 2630 tant,
369 2593 455 2622 enim
481 2594 626 2633 vestigia
650 2595 742 2625 vocis
765 2606 875 2626 ancra:
900 2596 945 2626 ita

258 2643 345 2673 enim
373 2642 562 2682 legendum.
610 2643 695 2674 Item
714 2646 722 2661 ⁴
738 2647 864 2685 aucria,
887 2644 946 2685 φοί-

258 2691 357 2731 ραγξ,’
376 2693 384 2707 ‘
397 2690 512 2722 vallis!
536 2691 692 2723 Jos.Scal.

1032 1047 1045 1068 ‘¹
1058 1044 1212 1074 Antroare
1224 1042 1414 1083 [Antruare]
1427 1041 1528 1080 Vide,
1539 1051 1579 1072 an
1592 1041 1680 1072 idem

990 1092 1033 1122 sit
1049 1093 1136 1133 quod
1160 1095 1259 1134 paulo
1288 1094 1439 1134 superius
1461 1093 1648 1123 ‘andruare
1661 1091 1679 1123 :¹

990 1147 1026 1173 et
1058 1143 1146 1183 quod
1182 1144 1237 1174 hic
1273 1145 1281 1161 ‘
1295 1143 1389 1175 trua'
1429 1143 1575 1177 dicatur,
1614 1142 1682 1172 illic

991 1196 998 1209 ‘
1012 1192 1095 1223 drua
1108 1192 1115 1205 '
1133 1194 1335 1233 appelletur.
1352 1194 1429 1225 Ant.
1442 1192 1527 1232 Aug.

1032 1243 1207 1284 Antruare]
1225 1245 1450 1275 Glossarium:
1474 1244 1483 1260 ‘
1499 1242 1682 1277 Antruare,

990 1293 1188 1330 σπηλεῢσαι-’
1214 1294 1269 1325 Ita
1284 1295 1503 1334 corrigimus:
1528 1292 1683 1328 σπήλαιον

991 1345 1079 1375 enim
1101 1348 1237 1376 antrum.
1283 1345 1399 1384 Longe
1428 1344 1494 1374 alia
1520 1342 1685 1383 significa-

991 1394 1083 1424 tione
1115 1395 1238 1434 posuit,
1268 1403 1307 1424 ac
1342 1395 1462 1424 Festus
1492 1393 1576 1433 ipse.
1613 1392 1685 1422 Jos.

990 1443 1074 1473 Scal.

1034 1492 1209 1532 Anti-nare]
1238 1492 1466 1524 Glossarium:
1492 1495 1686 1529 ‘antruare‚

992 1543 1162 1575 σπιλεῦσε.’
1208 1542 1382 1573 Rescribit
1404 1541 1587 1571 Vulcanius
1616 1550 1686 1570 σπι-

991 1594 1110 1624 λεῦσαι.
1136 1593 1288 1631 Scaliger
1306 1591 1491 1628 σπηλεῦσαι.
1530 1590 1686 1631 Uterque

992 1653 1071 1673 sane
1089 1643 1179 1672 nullo
1196 1651 1316 1672 sensu:
1343 1651 1416 1672 nam
1443 1640 1608 1670 σπιλεῦσαι
1635 1644 1687 1670 est

994 1694 1236 1731 contaminare,
1252 1691 1401 1730 inficere,
1414 1690 1501 1732 quod
1517 1690 1618 1720 verbo
1633 1700 1687 1720 ‹171-

995 1746 1100 1772 truare
1125 1752 1290 1781 nunquam
1308 1741 1489 1772 convenire
1509 1740 1630 1780 possit,
1653 1743 1689 1769 at

995 1793 1168 1829 σπηλεῦσαι
1177 1792 1216 1823 ab
1226 1791 1385 1828 σπήλαιον,
1396 1789 1689 1829 antmm‚inaudita

996 1853 1070 1877 vox,
1093 1848 1127 1872 et
1149 1852 1223 1882 qnae
1248 1851 1417 1882 nunquam
1443 1840 1561 1870 referri
1586 1839 1627 1869 ad
1651 1839 1688 1868 τὸ

995 1896 1154 1930 antrum-e,
1176 1901 1283 1932 neque
1308 1893 1395 1922 euim
1411 1895 1557 1921 antruare
1573 1889 1614 1919 ab
1633 1898 1691 1919 an-

999 1948 1062 1972 tro.
1113 1943 1202 1981 Lege
1220 1942 1321 1981 igitur
1337 1940 1650 1978 ‹intructi-eandam,
1667 1939 1688 1969 i.

995 1992 1121 2023 ‘citato
1147 1992 1253 2031 gradu
1271 1991 1374 2022 ferri.5
1418 1992 1517 2023 Nunc
1532 1991 1619 2031 quod
1638 1991 1686 2021 ait

999 2044 1134 2081 Festus,
1160 2047 1316 2081 enervare,
1347 2042 1470 2080 gratias
1497 2040 1621 2077 referre,
1653 2040 1685 2070 id

997 2093 1075 2123 milii
1092 2092 1228 2122 dubium
1246 2097 1311 2130 est,
1335 2092 1454 2131 aioque
1478 2092 1689 2121 redamtruare

998 2143 1110 2183 potius
1139 2152 1198 2183 pro
1229 2143 1354 2181 gratias
1385 2141 1511 2172 referre
1543 2141 1689 2181 positum

998 2192 1112 2231 fnisse,
1128 2201 1202 2222 nam
1219 2196 1366 2223 antruare
1382 2197 1433 2222 est
1450 2196 1558 2222 motus
1577 2190 1689 2228 edere,

997 2244 1221 2276 redamtruare,
1252 2241 1384 2272 eosdem
1409 2245 1517 2270 motus
1547 2240 1689 2270 invicem

999 2292 1139 2327 referre,
1170 2292 1258 2322 unde
1289 2301 1354 2322 non
1380 2292 1557 2321 invenusta
1585 2295 1690 2320 meta-

1000 2343 1102 2382 pliora
1120 2351 1179 2381 pro
1197 2342 1322 2381 gratias
1348 2339 1472 2372 referre
1488 2340 1555 2370 dici
1580 2339 1690 2379 potuit

997 2394 1219 2423 redamtruare.
1246 2391 1337 2422 Nihil
1355 2390 1442 2420 aliud
1460 2390 1568 2420 video.
1587 2389 1670 2419 Duc.

1041 2446 1053 2461 r
1067 2441 1168 2481 Anus]
1197 2442 1222 2471 A
1241 2441 1364 2472 Graeco
1381 2441 1480 2479 ἄνους,
1495 2449 1618 2470 amens:
1634 2448 1690 2470 ne-

999 2502 1062 2533 que
1080 2492 1167 2523 enim
1186 2491 1228 2522 ab
1251 2493 1342 2522 annis
1366 2502 1439 2522 esse
1468 2495 1590 2531 potest,
1613 2499 1690 2520 curn

998 2552 1075 2573 unus
1092 2543 1203 2572 vetula
1217 2543 1361 2582 priorem
1374 2540 1532 2581 syllabam
1550 2540 1690 2580 corripi-

1000 2598 1046 2630 at,
1068 2602 1145 2622 anus
1162 2602 1240 2622 vero
1257 2601 1316 2632 pro
1330 2601 1430 2622 annus
1451 2590 1592 2622 eandem
1614 2600 1691 2631 pro·

1000 2644 1112 2674 ducat.
1138 2643 1246 2681 Idem„
