<?xml version="1.0" encoding="UTF-8"?>
<!DOCTYPE html PUBLIC "-//W3C//DTD XHTML 1.0 Transitional//EN"
    "http://www.w3.org/TR/xhtml1/DTD/xhtml1-transitional.dtd">
<html xmlns="http://www.w3.org/1999/xhtml" xml:lang="en" lang="en">
 <head>
  <title>
</title>
<meta http-equiv="Content-Type" content="text/html;charset=utf-8" />
  <meta name='ocr-system' content='tesseract 3.04.00' />
  <meta name='ocr-capabilities' content='ocr_page ocr_carea ocr_par ocr_line ocrx_word'/>
</head>
<body>
  <div class='ocr_page' id='page_1' title='image "./mverriiflacciqua01verruoft_0063.png"; bbox 0 0 1835 2906; ppageno 0'>
   <div class='ocr_carea' id='block_1_1' title="bbox 361 177 1580 218">
    <p class='ocr_par' dir='ltr' id='par_1_1' title="bbox 361 177 1580 218">
     <span class='ocr_line' id='line_1_1' title="bbox 361 177 1580 218; baseline 0.003 -5"><span class='ocrx_word' id='word_1_1' title='bbox 361 184 425 214; x_wconf 85' lang='lat' dir='ltr'>DE</span> <span class='ocrx_word' id='word_1_2' title='bbox 458 183 730 215; x_wconf 79' lang='lat' dir='ltr'><strong>VERBORUM</strong></span> <span class='ocrx_word' id='word_1_3' title='bbox 766 181 1170 214; x_wconf 66' lang='lat' dir='ltr'>smulch‘rloNn</span> <span class='ocrx_word' id='word_1_4' title='bbox 1204 184 1298 214; x_wconf 77' lang='lat' dir='ltr'>Lm.</span> <span class='ocrx_word' id='word_1_5' title='bbox 1331 184 1362 214; x_wconf 82' lang='grc' dir='ltr'>ι.</span> <span class='ocrx_word' id='word_1_6' title='bbox 1524 177 1580 218; x_wconf 80' lang='grc'>53</span> 
     </span>
    </p>
   </div>
   <div class='ocr_carea' id='block_1_2' title="bbox 136 277 1578 1340">
    <p class='ocr_par' dir='ltr' id='par_1_2' title="bbox 140 277 937 320">
     <span class='ocr_line' id='line_1_2' title="bbox 140 277 937 320; baseline -0.004 0"><span class='ocrx_word' id='word_1_7' title='bbox 140 279 295 320; x_wconf 88' lang='lat' dir='ltr'>AEnesi</span> <span class='ocrx_word' id='word_1_8' title='bbox 317 277 422 318; x_wconf 86' lang='lat' dir='ltr'>dicti</span> <span class='ocrx_word' id='word_1_9' title='bbox 444 282 543 319; x_wconf 82' lang='lat' dir='ltr'>sunt</span> <span class='ocrx_word' id='word_1_10' title='bbox 565 278 744 318; x_wconf 83' lang='lat' dir='ltr'><strong>comites</strong></span> <span class='ocrx_word' id='word_1_11' title='bbox 767 277 937 318; x_wconf 84' lang='lat' dir='ltr'>AEneae.</span> 
     </span>
    </p>

    <p class='ocr_par' dir='ltr' id='par_1_3' title="bbox 140 346 889 397">
     <span class='ocr_line' id='line_1_3' title="bbox 140 346 889 397; baseline -0.005 -11"><span class='ocrx_word' id='word_1_12' title='bbox 140 346 381 395; x_wconf 87' lang='lat' dir='ltr'>AEnulum,⁰</span> <span class='ocrx_word' id='word_1_13' title='bbox 411 358 490 386; x_wconf 82' lang='lat' dir='ltr'>vas</span> <span class='ocrx_word' id='word_1_14' title='bbox 512 358 567 385; x_wconf 82' lang='lat' dir='ltr'>ex</span> <span class='ocrx_word' id='word_1_15' title='bbox 590 357 674 393; x_wconf 82' lang='lat' dir='ltr'>aere</span> <span class='ocrx_word' id='word_1_16' title='bbox 694 357 889 397; x_wconf 84' lang='lat' dir='ltr'>parvum.</span> 
     </span>
    </p>

    <p class='ocr_par' dir='ltr' id='par_1_4' title="bbox 139 411 1578 669">
     <span class='ocr_line' id='line_1_4' title="bbox 139 411 1576 465; baseline 0.001 -13"><span class='ocrx_word' id='word_1_17' title='bbox 139 412 395 465; x_wconf 81' lang='lat' dir='ltr'>AEquidiale</span> <span class='ocrx_word' id='word_1_18' title='bbox 411 418 426 442; x_wconf 76' lang='grc' dir='ltr'><strong><em>Ρ</em></strong></span> <span class='ocrx_word' id='word_1_19' title='bbox 457 412 573 465; x_wconf 79' lang='lat' dir='ltr'>apud</span> <span class='ocrx_word' id='word_1_20' title='bbox 595 411 801 464; x_wconf 85' lang='lat' dir='ltr'>antiquos</span> <span class='ocrx_word' id='word_1_21' title='bbox 824 411 988 451; x_wconf 80' lang='lat' dir='ltr'>dictum</span> <span class='ocrx_word' id='word_1_22' title='bbox 1010 415 1095 462; x_wconf 90' lang='lat' dir='ltr'>est,</span> <span class='ocrx_word' id='word_1_23' title='bbox 1118 411 1233 464; x_wconf 93' lang='lat' dir='ltr'>quod</span> <span class='ocrx_word' id='word_1_24' title='bbox 1253 424 1366 453; x_wconf 86' lang='lat' dir='ltr'>nune</span> <span class='ocrx_word' id='word_1_25' title='bbox 1389 412 1576 454; x_wconf 87' lang='lat' dir='ltr'><strong>dicimus</strong></span> 
     </span>
     <span class='ocr_line' id='line_1_5' title="bbox 196 478 1578 533; baseline 0.001 -14"><span class='ocrx_word' id='word_1_26' title='bbox 196 479 506 532; x_wconf 83' lang='lat' dir='ltr'>aequinoctiale</span> <span class='ocrx_word' id='word_1_27' title='bbox 526 491 535 518; x_wconf 75' lang='grc' dir='ltr'>ε</span> <span class='ocrx_word' id='word_1_28' title='bbox 560 480 664 533; x_wconf 84' lang='lat' dir='ltr'>quia</span> <span class='ocrx_word' id='word_1_29' title='bbox 685 492 772 518; x_wconf 76' lang='lat' dir='ltr'>nox</span> <span class='ocrx_word' id='word_1_30' title='bbox 797 479 885 519; x_wconf 90' lang='lat' dir='ltr'>diei</span> <span class='ocrx_word' id='word_1_31' title='bbox 906 478 1068 532; x_wconf 88' lang='lat' dir='ltr'>potius,</span> <span class='ocrx_word' id='word_1_32' title='bbox 1092 491 1222 532; x_wconf 81' lang='lat' dir='ltr'>quam</span> <span class='ocrx_word' id='word_1_33' title='bbox 1245 478 1342 520; x_wconf 86' lang='lat' dir='ltr'>dies</span> <span class='ocrx_word' id='word_1_34' title='bbox 1363 480 1481 521; x_wconf 87' lang='lat' dir='ltr'>nocti</span> <span class='ocrx_word' id='word_1_35' title='bbox 1502 493 1578 521; x_wconf 85' lang='lat' dir='ltr'>an·</span> 
     </span>
     <span class='ocr_line' id='line_1_6' title="bbox 194 545 1577 599; baseline 0.001 -14"><span class='ocrx_word' id='word_1_36' title='bbox 194 547 408 587; x_wconf 86' lang='lat' dir='ltr'>numerari</span> <span class='ocrx_word' id='word_1_37' title='bbox 431 547 573 588; x_wconf 85' lang='lat' dir='ltr'>debet.</span> <span class='ocrx_word' id='word_1_38' title='bbox 633 546 782 588; x_wconf 85' lang='lat' dir='ltr'>Graeci</span> <span class='ocrx_word' id='word_1_39' title='bbox 806 559 982 599; x_wconf 91' lang='lat' dir='ltr'>quoque</span> <span class='ocrx_word' id='word_1_40' title='bbox 1002 546 1046 586; x_wconf 88' lang='lat' dir='ltr'>in</span> <span class='ocrx_word' id='word_1_41' title='bbox 1066 545 1159 586; x_wconf 88' lang='lat' dir='ltr'>hoc</span> <span class='ocrx_word' id='word_1_42' title='bbox 1181 546 1477 598; x_wconf 85' lang='lat' dir='ltr'>consentiunt,</span> <span class='ocrx_word' id='word_1_43' title='bbox 1499 549 1577 596; x_wconf 81' lang='grc' dir='ltr'><strong><em>ἰση-</em></strong></span> 
     </span>
     <span class='ocr_line' id='line_1_7' title="bbox 196 612 1022 669; baseline 0.004 -17"><span class='ocrx_word' id='word_1_44' title='bbox 196 612 340 669; x_wconf 65' lang='grc' dir='ltr'>μερίαν,</span> <span class='ocrx_word' id='word_1_45' title='bbox 362 614 404 654; x_wconf 92' lang='lat' dir='ltr'>id</span> <span class='ocrx_word' id='word_1_46' title='bbox 430 619 512 663; x_wconf 88' lang='lat' dir='ltr'>est,</span> <span class='ocrx_word' id='word_1_47' title='bbox 536 614 788 668; x_wconf 84' lang='lat' dir='ltr'>aequidiale‚</span> <span class='ocrx_word' id='word_1_48' title='bbox 811 614 1022 655; x_wconf 81' lang='lat' dir='ltr'>dicentes.</span> 
     </span>
    </p>

    <p class='ocr_par' dir='ltr' id='par_1_5' title="bbox 139 680 1577 855">
     <span class='ocr_line' id='line_1_8' title="bbox 139 680 1577 733; baseline 0.001 -13"><span class='ocrx_word' id='word_1_49' title='bbox 139 680 437 733; x_wconf 80' lang='lat' dir='ltr'>AEquilavium</span> <span class='ocrx_word' id='word_1_50' title='bbox 456 685 486 710; x_wconf 77' lang='lat'>¹5</span> <span class='ocrx_word' id='word_1_51' title='bbox 501 686 517 709; x_wconf 65' lang='lat' dir='ltr'>q</span> <span class='ocrx_word' id='word_1_52' title='bbox 549 681 763 733; x_wconf 82' lang='lat' dir='ltr'>significat</span> <span class='ocrx_word' id='word_1_53' title='bbox 794 693 851 721; x_wconf 85' lang='lat' dir='ltr'>ex</span> <span class='ocrx_word' id='word_1_54' title='bbox 873 685 968 721; x_wconf 87' lang='lat' dir='ltr'>toto</span> <span class='ocrx_word' id='word_1_55' title='bbox 990 681 1220 723; x_wconf 89' lang='lat' dir='ltr'>dimidium</span> <span class='ocrx_word' id='word_1_56' title='bbox 1238 694 1248 723; x_wconf 92' lang='lat'>:</span> <span class='ocrx_word' id='word_1_57' title='bbox 1280 681 1443 722; x_wconf 87' lang='lat' dir='ltr'>dictum</span> <span class='ocrx_word' id='word_1_58' title='bbox 1465 694 1491 722; x_wconf 80' lang='lat' dir='ltr'><strong>a</strong></span> <span class='ocrx_word' id='word_1_59' title='bbox 1511 681 1577 722; x_wconf 85' lang='lat' dir='ltr'>la-</span> 
     </span>
     <span class='ocr_line' id='line_1_9' title="bbox 193 747 1577 801; baseline 0.001 -14"><span class='ocrx_word' id='word_1_60' title='bbox 193 748 370 788; x_wconf 79' lang='lat' dir='ltr'>vatione</span> <span class='ocrx_word' id='word_1_61' title='bbox 399 748 528 797; x_wconf 81' lang='lat' dir='ltr'>lanae‚</span> <span class='ocrx_word' id='word_1_62' title='bbox 552 761 650 801; x_wconf 83' lang='lat' dir='ltr'>quae</span> <span class='ocrx_word' id='word_1_63' title='bbox 681 747 840 789; x_wconf 83' lang='lat' dir='ltr'>dicitur</span> <span class='ocrx_word' id='word_1_64' title='bbox 870 748 1108 801; x_wconf 82' lang='lat' dir='ltr'>aequilavio</span> <span class='ocrx_word' id='word_1_65' title='bbox 1139 748 1289 798; x_wconf 89' lang='lat' dir='ltr'>redire,</span> <span class='ocrx_word' id='word_1_66' title='bbox 1321 761 1422 789; x_wconf 90' lang='lat' dir='ltr'>cum</span> <span class='ocrx_word' id='word_1_67' title='bbox 1452 748 1577 789; x_wconf 89' lang='lat' dir='ltr'>dimi-</span> 
     </span>
     <span class='ocr_line' id='line_1_10' title="bbox 193 812 738 855; baseline -0.002 -1"><span class='ocrx_word' id='word_1_68' title='bbox 193 812 313 854; x_wconf 90' lang='lat' dir='ltr'>dium</span> <span class='ocrx_word' id='word_1_69' title='bbox 334 814 496 855; x_wconf 86' lang='lat' dir='ltr'>decidit</span> <span class='ocrx_word' id='word_1_70' title='bbox 517 815 738 855; x_wconf 85' lang='lat' dir='ltr'>sordibus.</span> 
     </span>
    </p>

    <p class='ocr_par' dir='ltr' id='par_1_6' title="bbox 138 881 1575 1003">
     <span class='ocr_line' id='line_1_11' title="bbox 138 881 1575 936; baseline 0.001 -14"><span class='ocrx_word' id='word_1_71' title='bbox 138 881 297 922; x_wconf 82' lang='lat' dir='ltr'>AErarii</span> <span class='ocrx_word' id='word_1_72' title='bbox 317 881 502 923; x_wconf 87' lang='lat' dir='ltr'>Tribuni</span> <span class='ocrx_word' id='word_1_73' title='bbox 518 887 530 903; x_wconf 64' lang='lat' dir='ltr'>s</span> <span class='ocrx_word' id='word_1_74' title='bbox 552 895 579 923; x_wconf 83' lang='lat' dir='ltr'>a</span> <span class='ocrx_word' id='word_1_75' title='bbox 599 882 828 923; x_wconf 88' lang='lat' dir='ltr'>tribuendo</span> <span class='ocrx_word' id='word_1_76' title='bbox 848 895 935 923; x_wconf 83' lang='lat' dir='ltr'>aere</span> <span class='ocrx_word' id='word_1_77' title='bbox 957 886 1056 924; x_wconf 83' lang='lat' dir='ltr'>sunt</span> <span class='ocrx_word' id='word_1_78' title='bbox 1077 883 1304 936; x_wconf 79' lang='lat' dir='ltr'>appellati.</span> <span class='ocrx_word' id='word_1_79' title='bbox 1354 882 1575 924; x_wconf 83' lang='lat' dir='ltr'>AErarium</span> 
     </span>
     <span class='ocr_line' id='line_1_12' title="bbox 194 949 1358 1003; baseline 0.001 -15"><span class='ocrx_word' id='word_1_80' title='bbox 194 962 301 989; x_wconf 80' lang='lat' dir='ltr'>sane</span> <span class='ocrx_word' id='word_1_81' title='bbox 321 949 513 1003; x_wconf 87' lang='lat' dir='ltr'>populus</span> <span class='ocrx_word' id='word_1_82' title='bbox 533 949 764 990; x_wconf 82' lang='lat' dir='ltr'>Romanus</span> <span class='ocrx_word' id='word_1_83' title='bbox 787 949 831 989; x_wconf 91' lang='lat' dir='ltr'>in</span> <span class='ocrx_word' id='word_1_84' title='bbox 853 949 948 990; x_wconf 88' lang='lat' dir='ltr'>aede</span> <span class='ocrx_word' id='word_1_85' title='bbox 970 950 1145 990; x_wconf 85' lang='lat' dir='ltr'>Saturni</span> <span class='ocrx_word' id='word_1_86' title='bbox 1160 955 1172 972; x_wconf 80' lang='lat'>³</span> <span class='ocrx_word' id='word_1_87' title='bbox 1190 950 1358 991; x_wconf 84' lang='lat' dir='ltr'>habuit.</span> 
     </span>
    </p>

    <p class='ocr_par' dir='ltr' id='par_1_7' title="bbox 136 1016 1503 1070">
     <span class='ocr_line' id='line_1_13' title="bbox 136 1016 1503 1070; baseline 0.001 -14"><span class='ocrx_word' id='word_1_88' title='bbox 136 1016 317 1057; x_wconf 87' lang='lat' dir='ltr'>AEribus</span> <span class='ocrx_word' id='word_1_89' title='bbox 331 1017 342 1038; x_wconf 65' lang='lat' dir='ltr'><strong>t</strong></span> <span class='ocrx_word' id='word_1_90' title='bbox 363 1017 588 1070; x_wconf 82' lang='lat' dir='ltr'>pluraliter</span> <span class='ocrx_word' id='word_1_91' title='bbox 608 1017 663 1057; x_wconf 81' lang='lat' dir='ltr'>ab</span> <span class='ocrx_word' id='word_1_92' title='bbox 685 1030 784 1066; x_wconf 85' lang='lat' dir='ltr'>aere,</span> <span class='ocrx_word' id='word_1_93' title='bbox 805 1017 848 1057; x_wconf 91' lang='lat' dir='ltr'>id</span> <span class='ocrx_word' id='word_1_94' title='bbox 870 1022 951 1067; x_wconf 82' lang='lat' dir='ltr'>est,</span> <span class='ocrx_word' id='word_1_95' title='bbox 973 1021 1225 1069; x_wconf 71' lang='lat' dir='ltr'>aeramento,</span> <span class='ocrx_word' id='word_1_96' title='bbox 1247 1017 1356 1058; x_wconf 88' lang='lat' dir='ltr'>dicit</span> <span class='ocrx_word' id='word_1_97' title='bbox 1377 1016 1503 1058; x_wconf 82' lang='lat' dir='ltr'>Cato.</span> 
     </span>
    </p>

    <p class='ocr_par' dir='ltr' id='par_1_8' title="bbox 137 1083 1573 1202">
     <span class='ocr_line' id='line_1_14' title="bbox 137 1083 1573 1138; baseline 0.001 -16"><span class='ocrx_word' id='word_1_98' title='bbox 137 1083 338 1123; x_wconf 85' lang='lat' dir='ltr'>AErosam</span> <span class='ocrx_word' id='word_1_99' title='bbox 361 1083 695 1136; x_wconf 80' lang='lat' dir='ltr'>appellaverunt</span> <span class='ocrx_word' id='word_1_100' title='bbox 727 1084 889 1136; x_wconf 81' lang='lat' dir='ltr'>antiqui</span> <span class='ocrx_word' id='word_1_101' title='bbox 923 1084 1113 1125; x_wconf 78' lang='lat' dir='ltr'>insulam</span> <span class='ocrx_word' id='word_1_102' title='bbox 1136 1083 1355 1138; x_wconf 87' lang='lat' dir='ltr'>Cyprum;</span> <span class='ocrx_word' id='word_1_103' title='bbox 1385 1083 1504 1138; x_wconf 92' lang='lat' dir='ltr'>quod</span> <span class='ocrx_word' id='word_1_104' title='bbox 1531 1085 1573 1125; x_wconf 90' lang='lat' dir='ltr'>in</span> 
     </span>
     <span class='ocr_line' id='line_1_15' title="bbox 192 1149 860 1202; baseline 0.001 -13"><span class='ocrx_word' id='word_1_105' title='bbox 192 1162 246 1189; x_wconf 83' lang='lat' dir='ltr'>ea</span> <span class='ocrx_word' id='word_1_106' title='bbox 268 1149 499 1202; x_wconf 86' lang='lat' dir='ltr'>plurimum</span> <span class='ocrx_word' id='word_1_107' title='bbox 522 1150 621 1190; x_wconf 84' lang='lat' dir='ltr'>aeris</span> <span class='ocrx_word' id='word_1_108' title='bbox 641 1153 860 1191; x_wconf 81' lang='lat' dir='ltr'>nascatur.</span> 
     </span>
    </p>

    <p class='ocr_par' dir='ltr' id='par_1_9' title="bbox 136 1215 1575 1340">
     <span class='ocr_line' id='line_1_16' title="bbox 136 1215 1575 1271; baseline 0.001 -15"><span class='ocrx_word' id='word_1_109' title='bbox 136 1215 416 1257; x_wconf 82' lang='lat' dir='ltr'>AErumnulas</span> <span class='ocrx_word' id='word_1_110' title='bbox 431 1222 448 1239; x_wconf 81' lang='grc'>“</span> <span class='ocrx_word' id='word_1_111' title='bbox 479 1216 663 1258; x_wconf 83' lang='lat' dir='ltr'>Plautus</span> <span class='ocrx_word' id='word_1_112' title='bbox 686 1217 811 1258; x_wconf 80' lang='lat' dir='ltr'>refert</span> <span class='ocrx_word' id='word_1_113' title='bbox 831 1216 1042 1267; x_wconf 80' lang='lat' dir='ltr'>furcillas,</span> <span class='ocrx_word' id='word_1_114' title='bbox 1065 1217 1225 1271; x_wconf 84' lang='lat' dir='ltr'>quibus</span> <span class='ocrx_word' id='word_1_115' title='bbox 1255 1218 1462 1270; x_wconf 76' lang='lat' dir='ltr'>religatas</span> <span class='ocrx_word' id='word_1_116' title='bbox 1484 1230 1575 1258; x_wconf 86' lang='lat' dir='ltr'>sar-</span> 
     </span>
     <span class='ocr_line' id='line_1_17' title="bbox 190 1283 1575 1340; baseline 0.001 -17"><span class='ocrx_word' id='word_1_117' title='bbox 190 1283 314 1324; x_wconf 84' lang='lat' dir='ltr'>cinas</span> <span class='ocrx_word' id='word_1_118' title='bbox 334 1284 523 1325; x_wconf 82' lang='lat' dir='ltr'>viatores</span> <span class='ocrx_word' id='word_1_119' title='bbox 548 1284 786 1336; x_wconf 81' lang='lat' dir='ltr'>gerebant:</span> <span class='ocrx_word' id='word_1_120' title='bbox 816 1297 1005 1338; x_wconf 82' lang='lat' dir='ltr'>quarum</span> <span class='ocrx_word' id='word_1_121' title='bbox 1040 1298 1166 1327; x_wconf 88' lang='lat' dir='ltr'>usum</span> <span class='ocrx_word' id='word_1_122' title='bbox 1197 1286 1304 1340; x_wconf 84' lang='lat' dir='ltr'>quia</span> <span class='ocrx_word' id='word_1_123' title='bbox 1333 1285 1383 1326; x_wconf 91' lang='lat' dir='ltr'>C.</span> <span class='ocrx_word' id='word_1_124' title='bbox 1404 1285 1575 1327; x_wconf 79' lang='lat' dir='ltr'>Marius</span> 
     </span>
    </p>
   </div>
   <div class='ocr_carea' id='block_1_3' title="bbox 737 1405 976 1417">
    <p class='ocr_par' dir='ltr' id='par_1_10' title="bbox 737 1405 976 1417">
     <span class='ocr_line' id='line_1_18' title="bbox 737 1405 976 1417; baseline 0.004 -2"><span class='ocrx_word' id='word_1_125' title='bbox 737 1405 976 1417; x_wconf 58' lang='lat' dir='ltr'>eeeeeeeeeee</span> 
     </span>
    </p>
   </div>
   <div class='ocr_carea' id='block_1_4' title="bbox 178 1478 1105 1521">
    <p class='ocr_par' dir='ltr' id='par_1_11' title="bbox 178 1478 1105 1521">
     <span class='ocr_line' id='line_1_19' title="bbox 178 1478 1105 1521; baseline 0.006 -13"><span class='ocrx_word' id='word_1_126' title='bbox 178 1480 214 1509; x_wconf 81' lang='lat'>15</span> <span class='ocrx_word' id='word_1_127' title='bbox 240 1478 383 1511; x_wconf 79' lang='lat' dir='ltr'>Quidam</span> <span class='ocrx_word' id='word_1_128' title='bbox 399 1480 629 1521; x_wconf 80' lang='lat' dir='ltr'>AEquilanium:</span> <span class='ocrx_word' id='word_1_129' title='bbox 654 1482 752 1521; x_wconf 86' lang='lat' dir='ltr'>male,</span> <span class='ocrx_word' id='word_1_130' title='bbox 770 1487 930 1514; x_wconf 78' lang='lat' dir='ltr'>censente</span> <span class='ocrx_word' id='word_1_131' title='bbox 946 1483 1105 1514; x_wconf 88' lang='lat' dir='ltr'>Dacerio.</span> 
     </span>
    </p>
   </div>
   <div class='ocr_carea' id='block_1_5' title="bbox 781 1589 921 1622">
    <p class='ocr_par' dir='ltr' id='par_1_12' title="bbox 781 1589 921 1622">
     <span class='ocr_line' id='line_1_20' title="bbox 781 1589 921 1622; baseline -0.007 0"><span class='ocrx_word' id='word_1_132' title='bbox 781 1589 813 1622; x_wconf 88' lang='lat' dir='ltr'>N</span> <span class='ocrx_word' id='word_1_133' title='bbox 820 1590 921 1621; x_wconf 83' lang='lat' dir='ltr'>OTAE</span> 
     </span>
    </p>
   </div>
   <div class='ocr_carea' id='block_1_6' title="bbox 879 1665 1574 1766">
    <p class='ocr_par' dir='ltr' id='par_1_13' title="bbox 879 1665 1574 1766">
     <span class='ocr_line' id='line_1_21' title="bbox 879 1665 1574 1718; baseline 0.003 -12"><span class='ocrx_word' id='word_1_134' title='bbox 879 1676 1002 1707; x_wconf 88' lang='lat' dir='ltr'>Isidor.</span> <span class='ocrx_word' id='word_1_135' title='bbox 1041 1677 1074 1708; x_wconf 90' lang='lat' dir='ltr'>in</span> <span class='ocrx_word' id='word_1_136' title='bbox 1114 1676 1264 1708; x_wconf 86' lang='lat' dir='ltr'>Glossar.</span> <span class='ocrx_word' id='word_1_137' title='bbox 1319 1665 1574 1718; x_wconf 84' lang='lat' dir='ltr'>‘AEquilotium,</span> 
     </span>
     <span class='ocr_line' id='line_1_22' title="bbox 880 1726 1151 1766; baseline 0 -9"><span class='ocrx_word' id='word_1_138' title='bbox 880 1726 1048 1766; x_wconf 61' lang='lat' dir='ltr'>aequatio)</span> <span class='ocrx_word' id='word_1_139' title='bbox 1068 1727 1151 1758; x_wconf 77' lang='lat' dir='ltr'>Dae.</span> 
     </span>
    </p>
   </div>
   <div class='ocr_carea' id='block_1_7' title="bbox 922 1774 1574 1815">
    <p class='ocr_par' dir='ltr' id='par_1_14' title="bbox 922 1774 1574 1815">
     <span class='ocr_line' id='line_1_23' title="bbox 922 1774 1574 1815; baseline 0.005 -10"><span class='ocrx_word' id='word_1_140' title='bbox 922 1775 1071 1806; x_wconf 80' lang='lat' dir='ltr'>¹&#39;AErarz&#39;i</span> <span class='ocrx_word' id='word_1_141' title='bbox 1103 1774 1247 1815; x_wconf 78' lang='lat' dir='ltr'>Tribuni]</span> <span class='ocrx_word' id='word_1_142' title='bbox 1277 1777 1322 1807; x_wconf 87' lang='lat' dir='ltr'>Et</span> <span class='ocrx_word' id='word_1_143' title='bbox 1349 1776 1574 1808; x_wconf 83' lang='lat' dir='ltr'>Glossarium:</span> 
     </span>
    </p>
   </div>
   <div class='ocr_carea' id='block_1_8' title="bbox 132 1673 825 1814">
    <p class='ocr_par' dir='ltr' id='par_1_15' title="bbox 132 1673 825 1814">
     <span class='ocr_line' id='line_1_24' title="bbox 132 1673 421 1705; baseline 0.01 -3"><span class='ocrx_word' id='word_1_144' title='bbox 132 1674 289 1703; x_wconf 73' lang='lat' dir='ltr'>oeneolum.</span> <span class='ocrx_word' id='word_1_145' title='bbox 313 1673 421 1705; x_wconf 83' lang='lat' dir='ltr'>Idem.</span> 
     </span>
     <span class='ocr_line' id='line_1_25' title="bbox 185 1724 824 1763; baseline 0.003 -10"><span class='ocrx_word' id='word_1_146' title='bbox 185 1727 199 1742; x_wconf 88' lang='lat'><strong>⁰</strong></span> <span class='ocrx_word' id='word_1_147' title='bbox 229 1724 393 1763; x_wconf 74' lang='lat' dir='ltr'>AEnnlum]</span> <span class='ocrx_word' id='word_1_148' title='bbox 429 1724 638 1756; x_wconf 84' lang='lat' dir='ltr'>Glossarium</span> <span class='ocrx_word' id='word_1_149' title='bbox 654 1736 660 1754; x_wconf 93' lang='lat'><strong>:</strong></span> <span class='ocrx_word' id='word_1_150' title='bbox 704 1726 713 1742; x_wconf 80' lang='lat'><strong>⁴</strong></span> <span class='ocrx_word' id='word_1_151' title='bbox 730 1726 824 1761; x_wconf 82' lang='lat' dir='ltr'>AEna,</span> 
     </span>
     <span class='ocr_line' id='line_1_26' title="bbox 134 1771 825 1814; baseline 0.006 -12"><span class='ocrx_word' id='word_1_152' title='bbox 134 1771 251 1808; x_wconf 82' lang='grc' dir='ltr'>λέβης.’</span> <span class='ocrx_word' id='word_1_153' title='bbox 275 1773 424 1804; x_wconf 84' lang='lat' dir='ltr'>Isidorus</span> <span class='ocrx_word' id='word_1_154' title='bbox 438 1784 500 1814; x_wconf 90' lang='lat' dir='ltr'>per</span> <span class='ocrx_word' id='word_1_155' title='bbox 512 1775 557 1805; x_wconf 89' lang='grc' dir='ltr'>Ε.·</span> <span class='ocrx_word' id='word_1_156' title='bbox 571 1777 579 1792; x_wconf 89' lang='lat'>‘</span> <span class='ocrx_word' id='word_1_157' title='bbox 590 1775 746 1814; x_wconf 87' lang='lat' dir='ltr'>Euulum,</span> <span class='ocrx_word' id='word_1_158' title='bbox 759 1776 825 1806; x_wconf 88' lang='lat' dir='ltr'>cal-</span> 
     </span>
    </p>
   </div>
   <div class='ocr_carea' id='block_1_9' title="bbox 129 1821 827 2721">
    <p class='ocr_par' dir='ltr' id='par_1_16' title="bbox 133 1821 477 1855">
     <span class='ocr_line' id='line_1_27' title="bbox 133 1821 477 1855; baseline 0.009 -4"><span class='ocrx_word' id='word_1_159' title='bbox 133 1821 289 1853; x_wconf 88' lang='lat' dir='ltr'>darium.’</span> <span class='ocrx_word' id='word_1_160' title='bbox 310 1823 380 1854; x_wconf 85' lang='lat' dir='ltr'>Jos.</span> <span class='ocrx_word' id='word_1_161' title='bbox 395 1824 477 1855; x_wconf 78' lang='lat' dir='ltr'><strong><em>Scaz.</em></strong></span> 
     </span>
    </p>

    <p class='ocr_par' dir='ltr' id='par_1_17' title="bbox 129 1861 827 2111">
     <span class='ocr_line' id='line_1_28' title="bbox 175 1861 826 1913; baseline 0.006 -11"><span class='ocrx_word' id='word_1_162' title='bbox 175 1873 339 1913; x_wconf 82' lang='lat' dir='ltr'>AEnulum]</span> <span class='ocrx_word' id='word_1_163' title='bbox 370 1873 438 1904; x_wconf 90' lang='lat' dir='ltr'>Pro</span> <span class='ocrx_word' id='word_1_164' title='bbox 454 1883 555 1905; x_wconf 71' lang='lat' dir='ltr'>oeneus</span> <span class='ocrx_word' id='word_1_165' title='bbox 579 1874 756 1906; x_wconf 83' lang='lat' dir='ltr'>dicebatur</span> <span class='ocrx_word' id='word_1_166' title='bbox 775 1861 826 1906; x_wconf 56' lang='grc' dir='ltr'>αὲι</span> 
     </span>
     <span class='ocr_line' id='line_1_29' title="bbox 133 1923 825 1967; baseline 0.007 -16"><span class='ocrx_word' id='word_1_167' title='bbox 133 1931 202 1961; x_wconf 80' lang='lat' dir='ltr'>nus,</span> <span class='ocrx_word' id='word_1_168' title='bbox 217 1923 304 1953; x_wconf 86' lang='lat' dir='ltr'>unde</span> <span class='ocrx_word' id='word_1_169' title='bbox 320 1923 459 1967; x_wconf 48' lang='lat' dir='ltr'>affneum,</span> <span class='ocrx_word' id='word_1_170' title='bbox 477 1924 602 1955; x_wconf 82' lang='lat' dir='ltr'>inserta</span> <span class='ocrx_word' id='word_1_171' title='bbox 618 1926 825 1965; x_wconf 79' lang='lat' dir='ltr'>aspiratione</span> 
     </span>
     <span class='ocr_line' id='line_1_30' title="bbox 131 1972 826 2011; baseline 0.007 -9"><span class='ocrx_word' id='word_1_172' title='bbox 131 1973 273 2011; x_wconf 75' lang='lat' dir='ltr'>ahenum,</span> <span class='ocrx_word' id='word_1_173' title='bbox 300 1972 498 2005; x_wconf 80' lang='lat' dir='ltr'>diminutive</span> <span class='ocrx_word' id='word_1_174' title='bbox 522 1975 667 2006; x_wconf 76' lang='lat' dir='ltr'>cenulam.</span> <span class='ocrx_word' id='word_1_175' title='bbox 712 1975 826 2007; x_wconf 84' lang='lat' dir='ltr'>Gloss.</span> 
     </span>
     <span class='ocr_line' id='line_1_31' title="bbox 129 2021 827 2065; baseline 0.009 -13"><span class='ocrx_word' id='word_1_176' title='bbox 129 2022 241 2062; x_wconf 82' lang='lat' dir='ltr'>‘AEna‚</span> <span class='ocrx_word' id='word_1_177' title='bbox 259 2021 375 2060; x_wconf 82' lang='grc' dir='ltr'>λέβης.’</span> <span class='ocrx_word' id='word_1_178' title='bbox 408 2024 559 2055; x_wconf 79' lang='lat' dir='ltr'>Isidorus</span> <span class='ocrx_word' id='word_1_179' title='bbox 577 2035 637 2065; x_wconf 85' lang='lat' dir='ltr'>per</span> <span class='ocrx_word' id='word_1_180' title='bbox 652 2027 698 2056; x_wconf 87' lang='grc' dir='ltr'>Ε.·</span> <span class='ocrx_word' id='word_1_181' title='bbox 715 2026 724 2042; x_wconf 89' lang='lat'>‘</span> <span class='ocrx_word' id='word_1_182' title='bbox 736 2027 827 2058; x_wconf 90' lang='lat' dir='ltr'>Enu-</span> 
     </span>
     <span class='ocr_line' id='line_1_32' title="bbox 132 2073 549 2111; baseline 0.01 -9"><span class='ocrx_word' id='word_1_183' title='bbox 132 2073 213 2111; x_wconf 88' lang='lat' dir='ltr'>lum,</span> <span class='ocrx_word' id='word_1_184' title='bbox 230 2073 446 2106; x_wconf 71' lang='lat' dir='ltr'>Caldarium!</span> <span class='ocrx_word' id='word_1_185' title='bbox 469 2076 549 2106; x_wconf 79' lang='lat' dir='ltr'>Dae.</span> 
     </span>
    </p>

    <p class='ocr_par' dir='ltr' id='par_1_18' title="bbox 131 2124 827 2409">
     <span class='ocr_line' id='line_1_33' title="bbox 183 2124 824 2168; baseline 0.008 -14"><span class='ocrx_word' id='word_1_186' title='bbox 183 2128 198 2149; x_wconf 78' lang='grc' dir='ltr'>Ρ</span> <span class='ocrx_word' id='word_1_187' title='bbox 222 2124 417 2164; x_wconf 80' lang='lat' dir='ltr'>AEquidz&#39;ale]</span> <span class='ocrx_word' id='word_1_188' title='bbox 449 2125 563 2158; x_wconf 88' lang='lat' dir='ltr'>Gloss.</span> <span class='ocrx_word' id='word_1_189' title='bbox 602 2126 824 2168; x_wconf 81' lang='lat' dir='ltr'>‘AEquidiale‚</span> 
     </span>
     <span class='ocr_line' id='line_1_34' title="bbox 131 2173 825 2219; baseline 0.007 -16"><span class='ocrx_word' id='word_1_190' title='bbox 131 2173 326 2215; x_wconf 73' lang='grc' dir='ltr'>ἰσημερινόνῖ</span> <span class='ocrx_word' id='word_1_191' title='bbox 364 2179 372 2192; x_wconf 82' lang='grc'><strong><em>’</em></strong></span> <span class='ocrx_word' id='word_1_192' title='bbox 385 2176 648 2217; x_wconf 75' lang='lat' dir='ltr'>AEquinoetium,</span> <span class='ocrx_word' id='word_1_193' title='bbox 662 2176 825 2219; x_wconf 78' lang='grc' dir='ltr'>ι’σημερία.’</span> 
     </span>
     <span class='ocr_line' id='line_1_35' title="bbox 131 2223 825 2260; baseline 0.009 -6"><span class='ocrx_word' id='word_1_194' title='bbox 131 2223 188 2255; x_wconf 90' lang='lat' dir='ltr'>Sic</span> <span class='ocrx_word' id='word_1_195' title='bbox 226 2230 260 2256; x_wconf 87' lang='lat' dir='ltr'>et</span> <span class='ocrx_word' id='word_1_196' title='bbox 297 2225 472 2256; x_wconf 84' lang='lat' dir='ltr'>meridiem</span> <span class='ocrx_word' id='word_1_197' title='bbox 506 2226 548 2256; x_wconf 89' lang='lat' dir='ltr'>de</span> <span class='ocrx_word' id='word_1_198' title='bbox 583 2227 694 2258; x_wconf 83' lang='lat' dir='ltr'>media</span> <span class='ocrx_word' id='word_1_199' title='bbox 723 2235 825 2260; x_wconf 86' lang='lat' dir='ltr'>nocte</span> 
     </span>
     <span class='ocr_line' id='line_1_36' title="bbox 132 2273 823 2318; baseline 0.009 -14"><span class='ocrx_word' id='word_1_200' title='bbox 132 2273 249 2305; x_wconf 83' lang='lat' dir='ltr'>dixere</span> <span class='ocrx_word' id='word_1_201' title='bbox 270 2276 428 2307; x_wconf 86' lang='lat' dir='ltr'>Veteres.</span> <span class='ocrx_word' id='word_1_202' title='bbox 472 2276 582 2307; x_wconf 88' lang='lat' dir='ltr'>Varro</span> <span class='ocrx_word' id='word_1_203' title='bbox 613 2277 823 2318; x_wconf 85' lang='lat' dir='ltr'>Marcipore:</span> 
     </span>
     <span class='ocr_line' id='line_1_37' title="bbox 132 2324 827 2366; baseline 0.01 -11"><span class='ocrx_word' id='word_1_204' title='bbox 132 2328 140 2341; x_wconf 88' lang='lat'>¹</span> <span class='ocrx_word' id='word_1_205' title='bbox 154 2324 325 2366; x_wconf 88' lang='lat' dir='ltr'>Repente,</span> <span class='ocrx_word' id='word_1_206' title='bbox 347 2327 456 2358; x_wconf 86' lang='lat' dir='ltr'>noctis</span> <span class='ocrx_word' id='word_1_207' title='bbox 473 2328 611 2360; x_wconf 73' lang='lat' dir='ltr'>circiter</span> <span class='ocrx_word' id='word_1_208' title='bbox 627 2330 827 2363; x_wconf 64' lang='lat' dir='ltr'>meridiem!</span> 
     </span>
     <span class='ocr_line' id='line_1_38' title="bbox 135 2377 235 2409; baseline 0.01 -1"><span class='ocrx_word' id='word_1_209' title='bbox 135 2377 235 2409; x_wconf 82' lang='lat' dir='ltr'>Idem.</span> 
     </span>
    </p>

    <p class='ocr_par' dir='ltr' id='par_1_19' title="bbox 132 2428 826 2561">
     <span class='ocr_line' id='line_1_39' title="bbox 174 2428 826 2474; baseline 0.012 -17"><span class='ocrx_word' id='word_1_210' title='bbox 174 2432 189 2453; x_wconf 73' lang='lat' dir='ltr'>q</span> <span class='ocrx_word' id='word_1_211' title='bbox 208 2428 431 2469; x_wconf 79' lang='lat' dir='ltr'>AEquilavium]</span> <span class='ocrx_word' id='word_1_212' title='bbox 459 2429 609 2462; x_wconf 88' lang='lat' dir='ltr'>Isidorus</span> <span class='ocrx_word' id='word_1_213' title='bbox 633 2442 765 2474; x_wconf 87' lang='lat' dir='ltr'>qnoque</span> <span class='ocrx_word' id='word_1_214' title='bbox 792 2434 826 2465; x_wconf 90' lang='lat' dir='ltr'>in</span> 
     </span>
     <span class='ocr_line' id='line_1_40' title="bbox 132 2478 823 2525; baseline 0.01 -15"><span class='ocrx_word' id='word_1_215' title='bbox 132 2478 284 2511; x_wconf 81' lang='lat' dir='ltr'>Glossis:</span> <span class='ocrx_word' id='word_1_216' title='bbox 308 2481 556 2523; x_wconf 69' lang='grc' dir='ltr'>ςῘΕᾳιιίΙοῑίιιῐη,</span> <span class='ocrx_word' id='word_1_217' title='bbox 572 2484 740 2525; x_wconf 83' lang='lat' dir='ltr'>aequatio.’</span> <span class='ocrx_word' id='word_1_218' title='bbox 753 2486 823 2517; x_wconf 84' lang='lat' dir='ltr'>Jos.</span> 
     </span>
     <span class='ocr_line' id='line_1_41' title="bbox 133 2529 219 2561; baseline -0.012 0"><span class='ocrx_word' id='word_1_219' title='bbox 133 2529 219 2561; x_wconf 72' lang='lat' dir='ltr'>scaz.</span> 
     </span>
    </p>

    <p class='ocr_par' dir='ltr' id='par_1_20' title="bbox 133 2580 827 2721">
     <span class='ocr_line' id='line_1_42' title="bbox 174 2580 827 2625; baseline 0.009 -15"><span class='ocrx_word' id='word_1_220' title='bbox 174 2580 403 2620; x_wconf 75' lang='lat' dir='ltr'>AEquilavium]</span> <span class='ocrx_word' id='word_1_221' title='bbox 429 2581 521 2612; x_wconf 83' lang='lat' dir='ltr'>Male</span> <span class='ocrx_word' id='word_1_222' title='bbox 538 2582 673 2622; x_wconf 86' lang='lat' dir='ltr'>quidam</span> <span class='ocrx_word' id='word_1_223' title='bbox 700 2585 827 2625; x_wconf 79' lang='lat' dir='ltr'>oequila·</span> 
     </span>
     <span class='ocr_line' id='line_1_43' title="bbox 133 2630 826 2673; baseline 0.01 -13"><span class='ocrx_word' id='word_1_224' title='bbox 133 2630 228 2661; x_wconf 75' lang='lat' dir='ltr'>nium.</span> <span class='ocrx_word' id='word_1_225' title='bbox 267 2630 488 2671; x_wconf 82' lang='lat' dir='ltr'>AEquilavium</span> <span class='ocrx_word' id='word_1_226' title='bbox 504 2635 555 2663; x_wconf 83' lang='lat' dir='ltr'>est</span> <span class='ocrx_word' id='word_1_227' title='bbox 572 2633 730 2673; x_wconf 83' lang='lat' dir='ltr'>aequatio,</span> <span class='ocrx_word' id='word_1_228' title='bbox 750 2645 826 2667; x_wconf 88' lang='lat' dir='ltr'>cum</span> 
     </span>
     <span class='ocr_line' id='line_1_44' title="bbox 137 2679 827 2721; baseline 0.01 -11"><span class='ocrx_word' id='word_1_229' title='bbox 137 2679 171 2711; x_wconf 66' lang='grc' dir='ltr'>ἰὰ</span> <span class='ocrx_word' id='word_1_230' title='bbox 183 2680 271 2721; x_wconf 90' lang='lat' dir='ltr'>quod</span> <span class='ocrx_word' id='word_1_231' title='bbox 288 2681 421 2713; x_wconf 86' lang='lat' dir='ltr'>lavatur</span> <span class='ocrx_word' id='word_1_232' title='bbox 439 2682 479 2714; x_wconf 84' lang='lat' dir='ltr'>ad</span> <span class='ocrx_word' id='word_1_233' title='bbox 498 2682 671 2714; x_wconf 84' lang='lat' dir='ltr'>dimidium</span> <span class='ocrx_word' id='word_1_234' title='bbox 688 2684 827 2718; x_wconf 84' lang='lat' dir='ltr'>decidit.</span> 
     </span>
    </p>
   </div>
   <div class='ocr_carea' id='block_1_10' title="bbox 878 1825 1576 2727">
    <p class='ocr_par' dir='ltr' id='par_1_21' title="bbox 882 1825 1463 1865">
     <span class='ocr_line' id='line_1_45' title="bbox 882 1825 1463 1865; baseline 0 -9"><span class='ocrx_word' id='word_1_235' title='bbox 882 1830 889 1843; x_wconf 81' lang='lat'><strong><em>⁴</em></strong></span> <span class='ocrx_word' id='word_1_236' title='bbox 902 1825 1065 1863; x_wconf 82' lang='lat' dir='ltr'>AErarius,</span> <span class='ocrx_word' id='word_1_237' title='bbox 1080 1825 1271 1865; x_wconf 81' lang='grc' dir='ltr'>ταμιοῦχος.’</span> <span class='ocrx_word' id='word_1_238' title='bbox 1294 1827 1364 1856; x_wconf 74' lang='lat' dir='ltr'>Jos.</span> <span class='ocrx_word' id='word_1_239' title='bbox 1381 1826 1463 1857; x_wconf 84' lang='lat' dir='ltr'>Scal.</span> 
     </span>
    </p>

    <p class='ocr_par' dir='ltr' id='par_1_22' title="bbox 882 1876 1575 2064">
     <span class='ocr_line' id='line_1_46' title="bbox 923 1876 1573 1917; baseline 0.002 -10"><span class='ocrx_word' id='word_1_240' title='bbox 923 1876 1046 1907; x_wconf 78' lang='lat' dir='ltr'>AErarz&#39;i</span> <span class='ocrx_word' id='word_1_241' title='bbox 1063 1876 1208 1917; x_wconf 78' lang='lat' dir='ltr'>Tribuni]</span> <span class='ocrx_word' id='word_1_242' title='bbox 1224 1876 1320 1907; x_wconf 88' lang='lat' dir='ltr'>Idem</span> <span class='ocrx_word' id='word_1_243' title='bbox 1338 1877 1435 1907; x_wconf 88' lang='lat' dir='ltr'>Varr.</span> <span class='ocrx_word' id='word_1_244' title='bbox 1451 1876 1509 1907; x_wconf 89' lang='lat' dir='ltr'>lib.</span> <span class='ocrx_word' id='word_1_245' title='bbox 1524 1886 1573 1908; x_wconf 79' lang='lat' dir='ltr'>lv.</span> 
     </span>
     <span class='ocr_line' id='line_1_47' title="bbox 882 1925 1575 1968; baseline 0.003 -12"><span class='ocrx_word' id='word_1_246' title='bbox 882 1925 924 1956; x_wconf 86' lang='lat' dir='ltr'>de</span> <span class='ocrx_word' id='word_1_247' title='bbox 941 1926 1025 1957; x_wconf 89' lang='lat' dir='ltr'><strong>L.L.</strong></span> <span class='ocrx_word' id='word_1_248' title='bbox 1049 1927 1058 1943; x_wconf 94' lang='lat'>‘</span> <span class='ocrx_word' id='word_1_249' title='bbox 1071 1926 1211 1957; x_wconf 82' lang='lat' dir='ltr'>Tribuni</span> <span class='ocrx_word' id='word_1_250' title='bbox 1227 1936 1360 1968; x_wconf 83' lang='lat' dir='ltr'>quoqne</span> <span class='ocrx_word' id='word_1_251' title='bbox 1386 1926 1506 1967; x_wconf 89' lang='lat' dir='ltr'>quibus</span> <span class='ocrx_word' id='word_1_252' title='bbox 1525 1933 1575 1958; x_wconf 89' lang='lat' dir='ltr'>at-</span> 
     </span>
     <span class='ocr_line' id='line_1_48' title="bbox 882 1975 1574 2016; baseline 0.001 -10"><span class='ocrx_word' id='word_1_253' title='bbox 882 1975 1009 2006; x_wconf 87' lang='lat' dir='ltr'>tributa</span> <span class='ocrx_word' id='word_1_254' title='bbox 1026 1980 1100 2006; x_wconf 88' lang='lat' dir='ltr'>erat</span> <span class='ocrx_word' id='word_1_255' title='bbox 1117 1976 1270 2016; x_wconf 81' lang='lat' dir='ltr'>pecunia,</span> <span class='ocrx_word' id='word_1_256' title='bbox 1287 1982 1325 2007; x_wconf 90' lang='lat' dir='ltr'>ut</span> <span class='ocrx_word' id='word_1_257' title='bbox 1341 1976 1438 2007; x_wconf 87' lang='lat' dir='ltr'>militi</span> <span class='ocrx_word' id='word_1_258' title='bbox 1456 1976 1574 2008; x_wconf 88' lang='lat' dir='ltr'>redde-</span> 
     </span>
     <span class='ocr_line' id='line_1_49' title="bbox 883 2026 1476 2064; baseline 0.003 -8"><span class='ocrx_word' id='word_1_259' title='bbox 883 2030 969 2064; x_wconf 84' lang='lat' dir='ltr'>rent,</span> <span class='ocrx_word' id='word_1_260' title='bbox 983 2026 1122 2057; x_wconf 86' lang='lat' dir='ltr'>Tribuni</span> <span class='ocrx_word' id='word_1_261' title='bbox 1140 2026 1248 2056; x_wconf 88' lang='lat' dir='ltr'>aerarii</span> <span class='ocrx_word' id='word_1_262' title='bbox 1261 2026 1369 2058; x_wconf 65' lang='lat' dir='ltr'>dicti:</span> <span class='ocrx_word' id='word_1_263' title='bbox 1394 2027 1476 2058; x_wconf 76' lang='lat' dir='ltr'>Dae.</span> 
     </span>
    </p>

    <p class='ocr_par' dir='ltr' id='par_1_23' title="bbox 879 2076 1575 2208">
     <span class='ocr_line' id='line_1_50' title="bbox 925 2076 1574 2118; baseline 0.002 -11"><span class='ocrx_word' id='word_1_264' title='bbox 925 2081 936 2096; x_wconf 77' lang='lat'>⁵</span> <span class='ocrx_word' id='word_1_265' title='bbox 951 2077 990 2107; x_wconf 86' lang='lat' dir='ltr'>In</span> <span class='ocrx_word' id='word_1_266' title='bbox 1004 2077 1070 2107; x_wconf 78' lang='lat' dir='ltr'>aede</span> <span class='ocrx_word' id='word_1_267' title='bbox 1085 2076 1231 2117; x_wconf 81' lang='lat' dir='ltr'>Saturni]</span> <span class='ocrx_word' id='word_1_268' title='bbox 1248 2077 1317 2108; x_wconf 89' lang='lat' dir='ltr'>Sub</span> <span class='ocrx_word' id='word_1_269' title='bbox 1334 2078 1422 2108; x_wconf 90' lang='lat' dir='ltr'>clivo</span> <span class='ocrx_word' id='word_1_270' title='bbox 1438 2078 1574 2118; x_wconf 83' lang='lat' dir='ltr'>Capito-</span> 
     </span>
     <span class='ocr_line' id='line_1_51' title="bbox 879 2126 1575 2159; baseline 0.001 -2"><span class='ocrx_word' id='word_1_271' title='bbox 879 2126 966 2158; x_wconf 89' lang='lat' dir='ltr'>lino:</span> <span class='ocrx_word' id='word_1_272' title='bbox 979 2137 1051 2158; x_wconf 88' lang='lat' dir='ltr'>eam</span> <span class='ocrx_word' id='word_1_273' title='bbox 1066 2127 1221 2159; x_wconf 76' lang='lat' dir='ltr'>aerarium</span> <span class='ocrx_word' id='word_1_274' title='bbox 1232 2127 1312 2159; x_wconf 88' lang='lat' dir='ltr'>fecit</span> <span class='ocrx_word' id='word_1_275' title='bbox 1321 2128 1475 2158; x_wconf 89' lang='lat' dir='ltr'>Valerius</span> <span class='ocrx_word' id='word_1_276' title='bbox 1485 2128 1575 2159; x_wconf 92' lang='lat' dir='ltr'>Pub-</span> 
     </span>
     <span class='ocr_line' id='line_1_52' title="bbox 879 2176 1110 2208; baseline 0 -1"><span class='ocrx_word' id='word_1_277' title='bbox 879 2176 988 2208; x_wconf 86' lang='lat' dir='ltr'>licola.</span> <span class='ocrx_word' id='word_1_278' title='bbox 1012 2177 1110 2208; x_wconf 86' lang='lat' dir='ltr'>Idem.</span> 
     </span>
    </p>

    <p class='ocr_par' dir='ltr' id='par_1_24' title="bbox 878 2227 1575 2412">
     <span class='ocr_line' id='line_1_53' title="bbox 921 2227 1573 2268; baseline 0.002 -10"><span class='ocrx_word' id='word_1_279' title='bbox 921 2228 931 2247; x_wconf 75' lang='lat'>¹</span> <span class='ocrx_word' id='word_1_280' title='bbox 943 2227 1086 2268; x_wconf 70' lang='lat' dir='ltr'>AEribus]</span> <span class='ocrx_word' id='word_1_281' title='bbox 1097 2228 1186 2268; x_wconf 84' lang='lat' dir='ltr'>AEra,</span> <span class='ocrx_word' id='word_1_282' title='bbox 1199 2228 1326 2266; x_wconf 88' lang='lat' dir='ltr'>aerium,</span> <span class='ocrx_word' id='word_1_283' title='bbox 1342 2227 1475 2259; x_wconf 79' lang='lat' dir='ltr'>aeribus.</span> <span class='ocrx_word' id='word_1_284' title='bbox 1499 2228 1573 2259; x_wconf 85' lang='lat' dir='ltr'>Liv.</span> 
     </span>
     <span class='ocr_line' id='line_1_54' title="bbox 878 2277 1575 2317; baseline 0 -9"><span class='ocrx_word' id='word_1_285' title='bbox 878 2278 937 2310; x_wconf 89' lang='lat' dir='ltr'>lib.</span> <span class='ocrx_word' id='word_1_286' title='bbox 964 2287 998 2309; x_wconf 87' lang='lat' dir='ltr'>v.</span> <span class='ocrx_word' id='word_1_287' title='bbox 1035 2283 1042 2296; x_wconf 78' lang='lat'>⁶</span> <span class='ocrx_word' id='word_1_288' title='bbox 1055 2279 1197 2309; x_wconf 84' lang='lat' dir='ltr'>Tribuni</span> <span class='ocrx_word' id='word_1_289' title='bbox 1234 2278 1405 2308; x_wconf 83' lang='lat' dir='ltr'>solicitant</span> <span class='ocrx_word' id='word_1_290' title='bbox 1436 2277 1575 2317; x_wconf 83' lang='lat' dir='ltr'>animos,</span> 
     </span>
     <span class='ocr_line' id='line_1_55' title="bbox 879 2328 1575 2369; baseline 0.001 -11"><span class='ocrx_word' id='word_1_291' title='bbox 879 2328 962 2359; x_wconf 89' lang='lat' dir='ltr'>illud</span> <span class='ocrx_word' id='word_1_292' title='bbox 978 2338 1051 2360; x_wconf 84' lang='lat' dir='ltr'>esse</span> <span class='ocrx_word' id='word_1_293' title='bbox 1067 2328 1261 2360; x_wconf 73' lang='lat' dir='ltr'>dictitantes</span> <span class='ocrx_word' id='word_1_294' title='bbox 1277 2328 1363 2369; x_wconf 87' lang='lat' dir='ltr'>qnod</span> <span class='ocrx_word' id='word_1_295' title='bbox 1379 2338 1446 2359; x_wconf 81' lang='lat' dir='ltr'>aera</span> <span class='ocrx_word' id='word_1_296' title='bbox 1461 2328 1575 2360; x_wconf 88' lang='lat' dir='ltr'>militi-</span> 
     </span>
     <span class='ocr_line' id='line_1_56' title="bbox 880 2380 1372 2412; baseline 0.002 -1"><span class='ocrx_word' id='word_1_297' title='bbox 880 2380 942 2412; x_wconf 82' lang='lat' dir='ltr'>bus</span> <span class='ocrx_word' id='word_1_298' title='bbox 959 2381 1026 2411; x_wconf 82' lang='lat' dir='ltr'>sint</span> <span class='ocrx_word' id='word_1_299' title='bbox 1042 2381 1250 2412; x_wconf 66' lang='lat' dir='ltr'>constituta!</span> <span class='ocrx_word' id='word_1_300' title='bbox 1274 2381 1372 2412; x_wconf 86' lang='lat' dir='ltr'>Idem.</span> 
     </span>
    </p>

    <p class='ocr_par' dir='ltr' id='par_1_25' title="bbox 878 2430 1573 2573">
     <span class='ocr_line' id='line_1_57' title="bbox 922 2430 1573 2471; baseline 0 -9"><span class='ocrx_word' id='word_1_301' title='bbox 922 2436 936 2451; x_wconf 78' lang='lat'>¹¹</span> <span class='ocrx_word' id='word_1_302' title='bbox 953 2431 1169 2471; x_wconf 78' lang='lat' dir='ltr'>AErumnulas]</span> <span class='ocrx_word' id='word_1_303' title='bbox 1200 2432 1248 2463; x_wconf 81' lang='lat' dir='ltr'>Ut</span> <span class='ocrx_word' id='word_1_304' title='bbox 1275 2432 1318 2463; x_wconf 87' lang='lat' dir='ltr'>ab</span> <span class='ocrx_word' id='word_1_305' title='bbox 1346 2430 1493 2470; x_wconf 84' lang='grc' dir='ltr'>ἐλαμένη,</span> <span class='ocrx_word' id='word_1_306' title='bbox 1519 2431 1573 2462; x_wconf 83' lang='lat' dir='ltr'>vel</span> 
     </span>
     <span class='ocr_line' id='line_1_58' title="bbox 879 2480 1572 2522; baseline 0.001 -10"><span class='ocrx_word' id='word_1_307' title='bbox 879 2480 1028 2520; x_wconf 80' lang='grc' dir='ltr'>ἦλαμένη,</span> <span class='ocrx_word' id='word_1_308' title='bbox 1044 2482 1182 2522; x_wconf 85' lang='lat' dir='ltr'>lamina,</span> <span class='ocrx_word' id='word_1_309' title='bbox 1199 2486 1235 2514; x_wconf 88' lang='lat' dir='ltr'>et</span> <span class='ocrx_word' id='word_1_310' title='bbox 1258 2483 1382 2522; x_wconf 80' lang='lat' dir='ltr'>lamna,</span> <span class='ocrx_word' id='word_1_311' title='bbox 1405 2483 1454 2514; x_wconf 88' lang='lat' dir='ltr'>ita</span> <span class='ocrx_word' id='word_1_312' title='bbox 1470 2482 1512 2513; x_wconf 89' lang='lat' dir='ltr'>ab</span> <span class='ocrx_word' id='word_1_313' title='bbox 1526 2481 1572 2513; x_wconf 86' lang='grc' dir='ltr'>αῖ-</span> 
     </span>
     <span class='ocr_line' id='line_1_59' title="bbox 878 2532 1531 2573; baseline 0.003 -10"><span class='ocrx_word' id='word_1_314' title='bbox 878 2532 1001 2573; x_wconf 85' lang='grc' dir='ltr'>ρομένη,</span> <span class='ocrx_word' id='word_1_315' title='bbox 1011 2532 1182 2572; x_wconf 83' lang='lat' dir='ltr'>aerumina,</span> <span class='ocrx_word' id='word_1_316' title='bbox 1193 2543 1351 2566; x_wconf 84' lang='lat' dir='ltr'>aerumna.</span> <span class='ocrx_word' id='word_1_317' title='bbox 1368 2535 1435 2565; x_wconf 85' lang='lat' dir='ltr'>Jos.</span> <span class='ocrx_word' id='word_1_318' title='bbox 1450 2533 1531 2565; x_wconf 86' lang='lat' dir='ltr'>Scal.</span> 
     </span>
    </p>

    <p class='ocr_par' dir='ltr' id='par_1_26' title="bbox 880 2583 1576 2727">
     <span class='ocr_line' id='line_1_60' title="bbox 922 2583 1572 2623; baseline 0.003 -10"><span class='ocrx_word' id='word_1_319' title='bbox 922 2583 1245 2623; x_wconf 69' lang='lat' dir='ltr'>AE1·umnulas]Hanc</span> <span class='ocrx_word' id='word_1_320' title='bbox 1258 2594 1376 2615; x_wconf 90' lang='lat' dir='ltr'>vocem</span> <span class='ocrx_word' id='word_1_321' title='bbox 1391 2583 1489 2614; x_wconf 83' lang='lat' dir='ltr'>hodie</span> <span class='ocrx_word' id='word_1_322' title='bbox 1505 2593 1572 2615; x_wconf 88' lang='lat' dir='ltr'>non</span> 
     </span>
     <span class='ocr_line' id='line_1_61' title="bbox 880 2633 1574 2676; baseline 0.001 -11"><span class='ocrx_word' id='word_1_323' title='bbox 880 2634 1031 2665; x_wconf 88' lang='lat' dir='ltr'>invenies</span> <span class='ocrx_word' id='word_1_324' title='bbox 1042 2633 1130 2674; x_wconf 80' lang='lat' dir='ltr'>apud</span> <span class='ocrx_word' id='word_1_325' title='bbox 1140 2635 1311 2666; x_wconf 87' lang='lat' dir='ltr'>Plautum.</span> <span class='ocrx_word' id='word_1_326' title='bbox 1333 2634 1388 2666; x_wconf 88' lang='lat' dir='ltr'>Ab</span> <span class='ocrx_word' id='word_1_327' title='bbox 1400 2635 1472 2676; x_wconf 71' lang='grc' dir='ltr'>αἴρω</span> <span class='ocrx_word' id='word_1_328' title='bbox 1482 2636 1574 2671; x_wconf 81' lang='lat' dir='ltr'>tollo,</span> 
     </span>
     <span class='ocr_line' id='line_1_62' title="bbox 881 2682 1576 2727; baseline 0.003 -12"><span class='ocrx_word' id='word_1_329' title='bbox 881 2682 1033 2726; x_wconf 83' lang='grc' dir='ltr'>αἰρομένη,</span> <span class='ocrx_word' id='word_1_330' title='bbox 1049 2685 1220 2727; x_wconf 76' lang='lat' dir='ltr'>aerumina,</span> <span class='ocrx_word' id='word_1_331' title='bbox 1235 2695 1395 2727; x_wconf 70' lang='lat' dir='ltr'>termina,</span> <span class='ocrx_word' id='word_1_332' title='bbox 1411 2694 1576 2717; x_wconf 83' lang='lat' dir='ltr'>aerumnu·</span> 
     </span>
    </p>
   </div>
  </div>
 </body>
</html>
