1835 2906
415 144 478 173 DE
514 138 789 172 VERBORUM
825 132 1234 167 SIGNIFICATIONE
1268 131 1361 162 1⁴1ss.
1396 130 1501 160 xlv.
1588 116 1672 158 039

282 247 435 286 eontra
453 241 689 282 Thermum
721 237 776 278 de
798 235 891 277 suis
913 231 1160 275 virtutibus.

226 378 507 435 Primigenius
521 378 532 400 t
553 376 683 418 sulcus
705 373 872 422 dicitur,
895 370 963 426 qui
986 369 1029 409 in
1057 381 1158 408 nova
1180 365 1278 406 urbe
1300 363 1529 407 condenda
1549 366 1671 403 tauro

283 455 321 489 et
355 461 476 488 vacca
503 443 771 500 imprimitur,
803 439 912 496 quod
939 452 1063 494 gemes
1088 435 1275 491 Jumenti
1301 434 1417 474 velut
1439 430 1670 472 exercitum

285 513 570 556 adhibebatur.

652 579 867 631 utrimque
890 574 1035 615 media
1050 587 1091 628 p.

547 680 575 701 ·.
614 649 694 689 lari
710 645 900 701 judicio,
920 643 996 697 qui
1018 647 1064 683 et
1084 642 1182 695 ipse.
1282 664 1305 680 .·
1415 668 1422 675 .
1543 668 1552 675 ,

229 719 520 772 Primigenius
543 719 695 759 sulcus
723 715 896 762 dieitur,
917 712 996 766 qui
1017 712 1059 752 in
1093 707 1326 751 condenda
1346 718 1464 747 nova
1499 704 1627 756 [PAU
1638 714 1678 743 1..

286 788 393 827 urbe
415 791 542 827 tauro
564 789 606 825 et
626 796 767 825 vacca
789 779 1108 833 designationis
1131 789 1271 818 causa
1291 773 1569 828 imprimitur.

230 854 550 904 Primnesius‚¹³
564 858 581 874 ¹¹
621 852 769 906 palus,
812 849 870 890 ad
905 860 1033 902 quem
1065 845 1184 887 funis
1218 844 1426 885 nauticus
1460 841 1684 894 religatur,

288 935 417 976 quem
440 922 515 962 alii
540 920 759 962 tonsillam
780 918 946 958 dieunt.

231 990 494 1038 Primordia‚
518 987 749 1042 principia.

231 1058 536 1112 Principalisx
564 1060 809 1097 castrorum
839 1056 967 1107 porta
996 1051 1258 1098 nominatur,
1281 1047 1401 1103 quod
1432 1047 1476 1087 in
1509 1058 1560 1086 eo
1579 1043 1682 1085 loco

289 1131 360 1167 est
378 1127 420 1166 in
443 1137 532 1178 quo
553 1123 778 1177 principes
800 1121 977 1162 ordines
1000 1119 1201 1160 tendunt.

847 1240 924 1251 σθαι
930 1239 1090 1250 ὀιοοοοο

277 1313 316 1341 13
339 1312 348 1328 ‘
367 1310 599 1350 Prymnesium.
644 1308 700 1338 Ita
726 1306 815 1337 forte
839 1306 1000 1346 legendus
1022 1305 1075 1335 hic
1092 1305 1207 1335 locus:
1234 1298 1568 1342 Prymnerium‚funis
1583 1297 1685 1329 nauti-

231 1363 295 1428 ῗίιιξ,
311 1353 531 1427 ἱξῖἒῶιὲιευὶῗεαά
548 1352 652 1392 palum
668 1351 835 1389 religatur,
850 1359 937 1389 quem
953 1349 1009 1379 alii
1025 1348 1183 1379 tonsillam
1199 1344 1329 1377 dicunt!
1355 1345 1451 1377 Fulv.
1468 1342 1583 1374 Ursin.
1608 1341 1689 1371 Vet-

890 1477 1029 1510 NOTAE

234 1559 266 1590 in
284 1568 343 1589 sua
360 1558 520 1598 Epitome
537 1556 665 1586 Paulus
679 1554 822 1586 addidit.
854 1554 936 1594 Ejus
992 1554 1054 1588 rio,
1078 1552 1133 1594 qui
1151 1551 1268 1583 urbem
1283 1559 1406 1582 novam
1420 1547 1603 1586 condebat,
1620 1551 1696 1578 tau-

236 1610 325 1640 enim
343 1609 436 1639 nulla
453 1607 595 1647 vestigia
612 1606 644 1636 in
664 1604 813 1646 reliquiis
831 1604 936 1635 Festi.
994 1615 1031 1636 ro
1059 1609 1095 1635 et
1120 1613 1227 1635 vacca
1249 1602 1382 1640 arabat,
1405 1600 1461 1631 ubi
1478 1603 1608 1630 arasset
1624 1609 1695 1629 mu-

235 1660 471 1691 Primanorum
499 1656 626 1688 mentio
644 1656 732 1696 apud
749 1655 864 1686 Tacit.
882 1654 939 1685 lib.
994 1664 1067 1685 rum
1084 1652 1310 1693 faciebat,ubi
1324 1655 1456 1692 portam
1473 1649 1605 1680 volebat
1619 1658 1694 1679 esse

238 1720 348 1742 xvm.
372 1711 381 1727 ‘
395 1708 546 1739 Primani
571 1707 685 1737 stratis
710 1715 776 1736 una
799 1709 834 1735 et
851 1705 942 1735 viee·
997 1709 1147 1736 aratrum
1160 1704 1360 1742 tollebat‚et
1377 1706 1509 1742 portam
1528 1699 1699 1731 voeabat.’

239 1762 442 1792 sittianorum
467 1757 678 1799 principibus
701 1756 845 1797 aquilam
870 1754 944 1785 abs-

240 1810 374 1842 tulere-⁹
400 1811 480 1841 Duc.

284 1864 293 1882 ῑ
320 1862 411 1892 Prim
417 1883 513 1892 .....
516 1859 531 1900 ]
556 1857 681 1890 Omnia
708 1856 826 1887 mutila
853 1859 944 1895 sunt,

240 1919 275 1944 et
291 1913 407 1943 ultima
420 1912 509 1942 linea
525 1910 566 1940 ad
581 1908 684 1947 aliud,
700 1917 798 1948 quam
813 1906 855 1936 ad
866 1906 942 1937 Pri-

240 1963 423 2004 migenium
471 1961 600 1992 sulcum
641 1958 803 1999 pertinet.
864 1958 941 1989 Quo

241 2016 330 2047 enim
353 2014 362 2030 ‘
376 2010 699 2052 tutelarejudicium
714 2008 736 2040 ?’
751 2009 823 2039 JOS.
841 2007 928 2039 Scal.

287 2064 515 2104 Primigenius]
551 2064 637 2095 Quae
675 2064 864 2101 sequuntur
896 2059 941 2090 vi-

242 2116 366 2147 dentur
379 2115 481 2146 fuisse
499 2113 603 2144 verba
618 2111 757 2143 Catonis
772 2119 846 2151 quae
858 2119 876 2140 a
890 2119 942 2140 su-

243 2166 370 2207 periori
397 2165 512 2206 capite
543 2161 677 2194 diiulsa
704 2167 793 2192 sunt.
838 2161 944 2191 Porro

246 2218 288 2248 de
325 2227 415 2247 more
452 2217 547 2247 sulco
585 2214 709 2245 moenia
743 2212 946 2253 designandi

245 2269 345 2298 Varr.
363 2268 421 2298 lib.
438 2277 489 2298 ιν.
514 2270 522 2284 ‘
535 2266 675 2306 Oppida
691 2265 887 2296 condebant
911 2264 944 2294 in

245 2319 345 2349 Latio
376 2319 522 2349 Etrusco
555 2317 622 2347 ritu
653 2316 771 2346 multa.
816 2314 856 2344 Id
881 2318 946 2353 est,

239 2370 370 2411 junctis
401 2369 507 2400 bobus
539 2373 637 2399 tauro
667 2371 703 2397 et
728 2375 832 2396 vacca
863 2366 950 2396 inte-

247 2423 336 2453 riore
353 2426 466 2452 aratro
483 2421 609 2452 circum
625 2418 776 2458 agebant
801 2417 948 2447 sulcum:

248 2473 312 2504 hoc
341 2472 514 2503 faciebant
552 2469 720 2510 religionis
751 2477 864 2502 causa,
894 2467 949 2498 die

250 2523 436 2563 auspicato,
468 2526 506 2551 ut
534 2519 622 2551 fossa
648 2524 683 2550 et
712 2528 808 2549 muro
837 2522 950 2548 essent

249 2573 402 2604 munita:
429 2577 552 2603 terram
580 2570 670 2601 unde
699 2569 952 2609 excalpserant‚

250 2623 374 2655 fossam
411 2622 589 2657 vocabant,
613 2626 648 2652 et
672 2621 853 2651 introrsum
882 2618 951 2649 fac-

252 2679 336 2715 tum,
363 2684 491 2705 murum
507 2685 515 2712 ;
540 2678 658 2713 postea
674 2671 762 2714 quod
779 2670 885 2701 fiebat
902 2680 951 2700 or-

254 2726 318 2765 bis,
334 2724 435 2756 urbs?
479 2724 531 2756 M.
549 2724 644 2754 Cato.
663 2727 670 2739 ‘
685 2723 831 2762 Captato
849 2730 952 2761 augu-

999 1757 1045 1787 Et
1061 1755 1138 1787 alibi
1154 1755 1291 1796 passim.
1337 1751 1565 1793 Primigenius
1584 1755 1696 1782 autem

997 1807 1025 1837 is
1042 1807 1153 1837 sulcus
1170 1805 1294 1844 dictus,
1309 1802 1398 1845 quod
1428 1811 1488 1843 per
1513 1811 1590 1833 eum
1614 1811 1698 1841 opus

997 1857 1201 1897 inciperent.
1224 1856 1306 1886 Dae.

1047 1912 1061 1926 ¹¹
1096 1906 1307 1946 Primnesz‘us]
1354 1902 1560 1944 Prymnesius
1596 1901 1700 1940 palus,

996 1956 1192 1999 πρυμνήσιος,
1208 1967 1229 1988 a
1242 1955 1375 1997 πρύμνα,
1392 1953 1529 1994 puppis,
1542 1952 1632 1993 quod
1648 1951 1699 1982 fu-

995 2009 1047 2040 nis
1064 2018 1124 2049 per
1141 2016 1289 2048 puppem
1306 2005 1348 2036 ad
1376 2014 1451 2036 eum
1477 2003 1700 2042 deligaretur.

998 2059 1101 2091 Funis
1118 2059 1189 2099 ipse
1205 2058 1306 2088 etiam
1322 2054 1519 2096 πρυμνήσιον,
1543 2062 1700 2093 prymne-

997 2111 1096 2149 sium,
1137 2108 1327 2139 dicebatur.
1374 2106 1511 2137 Fulvius
1543 2103 1701 2138 Ursinus,

998 2170 1074 2192 cum
1100 2160 1205 2190 nollet
1226 2152 1337 2199 palum
1361 2156 1454 2187 illum
1472 2153 1701 2196 prymnesium

1000 2212 1078 2246 (liei,
1107 2210 1166 2241 sed
1184 2215 1316 2241 tantum
1333 2207 1460 2246 funem,
1482 2207 1592 2236 locum
1615 2204 1702 2235 inte-

1000 2274 1094 2304 grum
1106 2263 1153 2293 sic
1167 2260 1330 2292 mutabat.
1368 2257 1598 2298 Prymnesium,
1609 2255 1704 2293 funis

1000 2314 1154 2351 nauticus,
1175 2322 1232 2352 quo
1248 2312 1336 2341 navis
1358 2310 1398 2340 acl
1412 2309 1515 2349 pulum
1537 2308 1704 2346 religatur,

1004 2374 1090 2404 quem
1106 2363 1162 2394 alii
1177 2361 1332 2393 tonsillam
1358 2360 1477 2390 dicunt.
1521 2357 1589 2389 Sed
1614 2355 1703 2387 frus-

1008 2421 1071 2445 tra.
1090 2415 1189 2445 Idem.

1049 2470 1065 2485 x
1100 2464 1303 2504 Principalis]
1343 2461 1462 2492 Portae
1506 2459 1540 2490 in
1578 2455 1701 2488 castris

1005 2519 1163 2557 quatuor,
1175 2514 1217 2545 ad
1234 2522 1334 2543 unum
1351 2510 1508 2552 quodque
1525 2509 1613 2539 latus
1625 2516 1704 2537 una.

1006 2567 1103 2597 Inter
1127 2574 1182 2595 eas
1206 2564 1314 2604 prima
1331 2560 1508 2592 Praetoria:
1532 2568 1608 2600 quae
1624 2557 1704 2587 vici·

1006 2627 1062 2654 na,
1077 2621 1147 2646 eta
1168 2619 1265 2654 tergo
1288 2611 1461 2644 Praetoris.
1506 2610 1596 2641 Duae
1621 2607 1705 2637 late-

1008 2667 1097 2697 rales
1115 2670 1149 2696 et
1174 2663 1337 2706 proximae
1356 2665 1464 2702 portae
1483 2657 1700 2697 Principalem

1009 2718 1057 2749 ita
1076 2716 1188 2750 dictae,
1205 2713 1353 2755 quodibi
1371 2711 1513 2743 tendant
1531 2706 1705 2749 principes
