1835 2906
163 107 247 150 358

606 113 758 144 SEXTI
792 110 992 142 ΡΟΜΡΕΙΙ
1029 109 1164 140 FESTI

163 213 365 261 Limus‚¹³
384 216 400 241 ‘³
421 209 645 263 obliquus,
666 207 713 250 id
735 211 819 253 est,
841 210 1136 252 transversus,
1157 202 1270 242 unde
1286 204 1330 243 et
1349 200 1513 242 limina.
1563 241 1567 243 .

163 281 338 332 Lingua
368 291 455 318 non
486 277 631 318 solum
663 289 768 329 pars
797 273 998 327 corporis
1027 271 1202 319 dicitur,
1226 269 1302 310 sed
1338 269 1471 309 etiam
1494 267 1615 308 diffe-

219 346 361 388 rentia
382 358 643 394 sermonum,
664 341 948 397 promontorii
979 351 1155 393 quoque
1177 350 1316 391 genus
1345 349 1433 376 non
1467 335 1615 375 excel-

219 413 367 463 lentis,
383 412 459 454 sed
477 412 665 453 molliter
685 411 728 452 in
749 410 930 463 planum
952 406 1126 448 devexi.

165 480 355 534 Lingula
371 483 433 509 ¹4¹
463 492 542 532 per
569 477 908 520 deminutionem
942 475 1104 527 linguae
1127 472 1277 512 dicta:
1310 471 1424 511 alias
1449 483 1474 510 a
1498 468 1619 509 simi·

221 547 406 588 litudine
444 547 608 599 linguae
636 548 817 593 exertae,
836 547 886 584 ut
917 543 962 584 in
993 541 1187 583 calceis:
1219 539 1331 580 alias
1359 540 1550 586 insertae,
1572 535 1617 576 id

221 618 303 664 est,
319 615 431 655 infra
451 614 602 655 dentes
622 613 884 662 coercitae‚¹⁵
907 615 952 653 ut
972 611 1017 652 in
1038 610 1178 651 tibiis.

165 682 437 735 Lingulaca,S
457 693 592 733 genus
612 679 767 734 piscis,
787 679 857 720 vel
877 679 1031 720 mulier
1049 672 1358 729 auguratrix-¹⁶

164 749 396 803 Liquitur:
416 748 590 792 labitur,
611 747 718 788 fluit.

165 816 398 858 Litatum⁰
430 815 504 856 alii
543 814 794 863 solutum,¹⁷
828 811 1020 853 deditum
1064 811 1179 860 Deo,
1220 808 1350 863 quasi
1386 808 1587 850 luitatum
1610 820 1620 858 3

223 884 298 925 alii
319 896 375 924 ex
398 883 564 924 Graeco
588 895 610 923 a
633 882 855 936 precibus,
877 892 989 934 quas
1009 879 1072 920 illi
1095 880 1204 925 λιτὰς
1222 878 1390 919 dicunt.

780 979 839 990 θοι

962 977 1022 988 eoo

210 1039 249 1067 13
275 1036 329 1068 Al.
349 1036 543 1067 Limia—14
568 1034 714 1068 Quidam
731 1033 971 1073 libb-Ligula:
996 1031 1086 1073 quod
1115 1035 1151 1061 et
1177 1031 1305 1061 malunt
1330 1028 1420 1060 Scal.
1448 1029 1620 1060 Dae—15

169 1079 238 1110 Pro
252 1079 339 1118 infra
353 1081 458 1110 dentes
473 1078 615 1109 co'e'rcz'toe
633 1077 810 1117 legendum
828 1082 944 1108 monet
960 1076 1050 1106 Dae.
1068 1085 1143 1106 cum
1162 1074 1301 1110 Vossio‚
1316 1073 1401 1103 intra
1418 1073 1526 1102 dentes
1542 1069 1627 1099 coer·

165 1123 334 1153 cizan—16
345 1122 413 1152 Pro
425 1122 619 1160 auguratrix
635 1120 769 1161 quidam
783 1120 864 1150 libb.
879 1118 1090 1157 garrulatrix.
1109 1116 1306 1157 Legendum
1324 1120 1440 1146 monet
1453 1114 1538 1144 Dae.
1550 1121 1625 1143 cum

168 1166 316 1196 Cantero
330 1166 607 1204 emmunim—17
632 1164 700 1194 Alii
711 1163 788 1194 libri
802 1163 940 1195 solitum.

826 1249 971 1282 NOTAE

168 1304 278 1336 currit
301 1314 321 1335 a
343 1303 490 1335 Meridie
507 1304 549 1334 ad
571 1304 867 1345 Septemtrionem.

168 1355 321 1387 Sumitur
336 1355 438 1386 etiam
464 1356 552 1386 limes
575 1364 636 1395 pro
663 1354 779 1395 quavis
806 1354 870 1385 alia

169 1407 239 1438 via.
271 1406 380 1437 ‘Lato
405 1410 439 1436 te
465 1405 571 1437 limite
595 1404 740 1436 ducam!
771 1405 868 1445 Virg.

172 1458 270 1488 Idem.

213 1512 229 1533 ‘l
254 1505 378 1545 Limus]
413 1506 524 1543 Bene,
550 1515 616 1536 non
644 1504 738 1535 limis.
774 1503 870 1534 Obli-

170 1566 270 1598 quus,
285 1562 508 1587 transversus.
552 1556 691 1585 Terent.
711 1554 720 1570 ‘
738 1555 810 1594 Ego
834 1554 872 1584 li·

170 1608 234 1638 mis
252 1606 396 1648 specto)
423 1606 633 1637 Subauditur
649 1605 755 1636 oculis.
790 1609 799 1622 ‘
818 1604 872 1635 Li-

171 1658 234 1690 mis
252 1657 382 1696 oculis,'
400 1656 431 1687 id
445 1661 509 1695 est,
523 1658 531 1673 ‘
546 1655 717 1697 obliquis.’
740 1656 749 1672 ‘
765 1660 873 1686 traus-

172 1717 270 1739 versa
287 1706 483 1738 tuentibus!
507 1706 605 1737 Idem.

215 1762 226 1777 ¹
243 1757 397 1797 Lingula]
411 1755 718 1787 Martialislib.ult.
735 1754 874 1787 ‘Quam-

173 1807 223 1838 vis
238 1816 291 1837 me
309 1807 446 1847 ligulam
467 1805 581 1837 dicant
599 1805 797 1845 equitesque
816 1812 872 1843 pa-

172 1863 323 1899 tresque,
355 1857 459 1888 Dicor
491 1857 532 1887 ab
569 1855 715 1886 indoctis
744 1856 874 1895 lingula

173 1906 427 1950 grammaticis.'
453 1906 531 1937 Ant.
552 1906 634 1945 Aug.

220 1957 369 1997 Lingula]
387 1955 513 1995 Graeci‚
530 1956 539 1972 ‘
558 1957 714 1995 Lingula,
726 1957 872 1995 μῦστρος,

175 2008 226 2039 καὶ
248 2006 410 2047 γλωσσίς.’
442 2007 535 2038 Malo
561 2010 674 2037 tarueu
691 2006 821 2044 Ligula,
837 2012 873 2036 ut

174 2059 361 2090 Martialis:
387 2062 420 2088 et
438 2058 512 2088 aliae
528 2057 674 2092 Glossae,
694 2057 702 2072 ‘
717 2057 871 2097 Lingula,

175 2108 348 2149 μυστρῖον.’
371 2110 440 2139 dos.
457 2107 539 2139 Scal.

218 2160 373 2200 Lingula]
388 2158 512 2189 Melius
528 2156 673 2195 ligula‚si
685 2155 767 2186 fides
785 2156 874 2186 Mar-

178 2211 248 2241 tiali
272 2210 327 2242 lib.
349 2211 409 2240 ult.
443 2210 452 2225 ⁴
471 2206 634 2240 Quamvis
658 2216 711 2236 me
738 2206 873 2246 ligulam

178 2261 294 2292 dicant
321 2260 521 2300 equitesque
549 2263 744 2298 patresque,
768 2256 874 2287 Dicor

178 2312 221 2342 ab
263 2311 409 2342 indoctis
453 2309 580 2347 lingula
624 2307 874 2347 grammaticis!

177 2361 274 2392 Idem
308 2367 419 2392 tamen
454 2361 533 2391 alibi
565 2360 714 2398 lingulam
741 2359 875 2400 scripsit

177 2411 238 2442 lib.
258 2420 297 2442 ιι.
333 2413 340 2428 ‘
360 2412 437 2442 Non
461 2411 618 2440 hesterna
642 2408 737 2440 sedet
759 2410 876 2440 lunata

178 2461 307 2501 lingula
320 2460 459 2500 planta)
483 2461 571 2491 Sane
584 2460 674 2489 nullo
685 2459 875 2490 discrimine

179 2515 358 2550 utrumque
388 2519 407 2540 a
435 2509 618 2540 Veteribus
647 2510 802 2549 usurpari
827 2509 876 2539 fa-

180 2562 245 2592 cile
272 2560 486 2592 crediderim.
526 2560 615 2590 Nam
639 2569 657 2589 a
676 2560 796 2599 lingua,
818 2561 877 2590 lin-

177 2612 265 2650 gula,
280 2619 429 2651 syncope
452 2609 560 2648 ligula.
599 2610 720 2650 Neque
745 2611 834 2641 euim
859 2620 877 2640 a

178 2664 305 2703 ligando
320 2660 385 2693 dici
411 2660 516 2702 possit
541 2661 669 2699 lingula,
695 2666 731 2692 ut
749 2661 878 2701 placuit

924 1302 1076 1335 charisio
1115 1306 1151 1331 et
1188 1298 1363 1332 Juvenalis
1401 1295 1600 1327 Scholiastae
1619 1304 1626 1324 :

924 1358 1002 1385 sunt
1019 1357 1132 1384 autem
1157 1350 1259 1381 variae
1287 1348 1384 1388 hujus
1408 1346 1501 1377 vocis
1518 1345 1629 1376 notio·

924 1413 996 1439 nes¹
1020 1413 1096 1434 nam
1112 1402 1211 1440 ligula
1229 1400 1300 1431 sive
1318 1398 1436 1437 lingula
1451 1396 1577 1427 dicitur
1594 1395 1628 1425 in

923 1454 1048 1485 calceis
1083 1453 1205 1491 linguae
1243 1451 1352 1480 instar
1401 1446 1629 1486 fastigiatum.

924 1503 1095 1535 Martialis
1114 1512 1226 1542 supra.
1254 1500 1343 1531 Item
1359 1499 1457 1537 ligula
1475 1498 1507 1527 in
1525 1496 1631 1535 tibiis,

925 1563 1026 1594 quam
1044 1553 1172 1593 pariter
1185 1548 1352 1589 ’γλωσσίδα
1365 1547 1479 1578 Graeci
1493 1551 1628 1577 vocant.

928 1603 1070 1634 anian.
1108 1600 1162 1632 Εἰς
1191 1601 1250 1638 τὴν
1273 1596 1435 1637 ’γλωσσίδα
1456 1596 1511 1626 τοῦ
1534 1595 1632 1626 αὐλοῦ

927 1652 1046 1684 λεπτόν
1076 1664 1107 1681 τι
1137 1650 1274 1688 ἐμπνεῖν.
1303 1648 1445 1678 ‘Tenue
1469 1645 1630 1687 quiddam

927 1705 962 1734 in
996 1703 1118 1734 fistula*
1149 1702 1284 1741 ligulam
1316 1696 1470 1739 spirare)
1516 1696 1633 1735 Ligula

928 1755 1030 1786 etiam
1048 1755 1325 1790 instrumentum,
1350 1759 1417 1791 quo
1439 1747 1632 1779 aromatarii

927 1810 1101 1847 unguenta
1118 1804 1268 1834 educunt
1296 1811 1314 1831 e
1339 1800 1438 1834 vasis,
1459 1800 1539 1830 item
1564 1798 1633 1838 gla-

927 1857 1034 1887 diolus
1049 1856 1081 1886 in
1098 1854 1245 1895 speciem
1259 1853 1383 1893 liuguae
1395 1850 1518 1882 factus.
1542 1849 1632 1880 Item

927 1915 1096 1944 mensura,
1112 1910 1229 1946 quarta
1248 1913 1326 1944 pars
1338 1902 1463 1943 cyathi.
1487 1901 1569 1931 Duc.

971 1963 981 1977 ⁵
1007 1955 1196 1996 Liugulucu]
1219 1955 1341 1990 Piscis,
1364 1954 1491 1992 liuguae
1525 1950 1633 1991 speci-

930 2018 981 2038 em
997 2006 1160 2044 referem,
1173 2005 1305 2036 Gra‘cis
1317 2003 1534 2041 βούγλωσσος,
1547 2003 1633 2035 ειβου

932 2057 1099 2098 particula
1115 2056 1277 2095 epitatica
1296 2060 1330 2084 et
1347 2052 1493 2092 γλώσσῃ,
1510 2052 1633 2090 lingua.

932 2109 1008 2140 Non
1026 2106 1115 2149 quod
1135 2106 1228 2136 bovis
1258 2104 1406 2143 linguam
1433 2101 1574 2139 referat,
1596 2106 1634 2131 ut

931 2159 1016 2189 male
1046 2157 1179 2198 quidam
1206 2155 1352 2195 putavit.
1393 2152 1520 2183 Latinis
1550 2151 1633 2181 solea

931 2209 1069 2239 dicitur.
1111 2206 1195 2237 Inde
1223 2205 1335 2235 facete
1363 2202 1568 2242 lingulacam
1586 2201 1634 2231 lo-

930 2258 1111 2289 cutcleiam
1129 2255 1303 2286 mulierem
1332 2253 1476 2283 Plautus
1499 2250 1635 2280 vocavit

931 2309 1045 2340 Casiri.
1071 2316 1109 2337 ιι.
1125 2309 1156 2336 2.
1192 2309 1199 2321 ¹
1218 2303 1297 2334 viu’
1322 2301 1529 2342 lingulacas?
1554 2300 1633 2341 quid

930 2368 1013 2399 opus
1028 2363 1095 2393 est,
1112 2355 1246 2397 quaudo
1272 2363 1355 2383 uxor
1378 2351 1466 2382 domi
1487 2352 1562 2381 est?
1587 2351 1635 2381 Ea

931 2409 1100 2449 lingulaca
1130 2411 1182 2437 est
1211 2404 1324 2439 nobis,
1355 2413 1431 2434 natu
1467 2411 1634 2442 nunquam

931 2458 1044 2490 tacet!
1076 2458 1172 2488 Idem.

973 2511 981 2529 l
1007 2508 1171 2547 Liquitur]
1209 2507 1217 2521 ‘
1235 2506 1319 2535 Tum
1356 2512 1503 2544 corpore
1532 2500 1634 2532 sudor

934 2557 1114 2599 Liquitur.'
1138 2557 1233 2595 Virg.
1260 2555 1356 2585 Idem.

976 2616 989 2630 ¹¹
1015 2606 1173 2646 Litatnm]
1200 2606 1319 2643 Liture,
1336 2603 1481 2639 solvere,
1499 2610 1516 2631 a
1535 2601 1636 2632 verbo

933 2662 1003 2691 luo.-
1027 2668 1101 2689 nam
1133 2663 1165 2687 ct
1196 2655 1289 2696 prius
1321 2654 1421 2683 lutare
1447 2650 1634 2682 dicebatur.
