1835 2906
182 144 267 187 260

240 250 493 298 clamantes,
513 248 720 302 populum
742 247 971 289 sacrificiis
998 246 1142 287 favere
1164 245 1391 300 jubebant.

628 155 649 185 S
661 154 774 185 EXTI
808 153 1007 184 POMPEII
1043 152 1179 184 FESTI

1453 239 1626 288 Favere

241 319 357 358 enim
392 320 458 358 est
492 317 608 357 bona
634 316 744 356 fari:
775 319 865 356 at¹¹
902 318 1072 355 veteres
1101 313 1249 366 poetae
1281 327 1361 368 pro
1398 313 1526 355 silere
1557 315 1625 355 usi

242 389 339 426 sunt
357 384 518 425 favere.

187 452 313 500 Favi,
335 465 359 493 a
382 451 581 493 favendo.

186 520 417 560 Favissaen
448 519 595 560 locum
616 517 679 557 sic
700 515 999 569 appellabant,
1032 516 1077 556 in
1105 528 1190 569 quo
1211 521 1303 558 erat
1323 529 1439 570 aqua
1459 517 1627 558 inclusa

788 645 1024 658 ‘acoemeto

230 719 267 747 11
293 714 439 749 Quidam
455 714 532 746 libri
549 724 595 745 ac.

836 810 979 841 NOTAE

229 894 243 908 n
270 885 426 925 Favissae]
463 885 550 916 Vide
567 884 732 917 90111111.
753 893 792 916 11,
808 894 882 925 cap.

189 941 239 969 10.
264 939 342 968 Ant.
359 936 444 975 Aug.

233 986 388 1027 Fuvissoe]
427 986 505 1018 Non
536 989 588 1019 est
618 984 769 1024 dubium,
803 984 883 1023 quin

189 1039 304 1070 Graeci
343 1037 498 1067 vocarint
527 1035 694 1076 θησαυροὺς
724 1045 766 1066 ea
798 1036 883 1067 loca.

186 1088 394 1120 Plutarchus
411 1076 444 1118 in
460 1087 739 1127 Philopoemene:
768 1085 802 1117 οὗ
826 1085 887 1124 μὴν

189 1138 274 1170 ἀλλὰ
286 1138 469 1177 κομίσαντες
484 1137 578 1168 αὐτὸν
595 1137 636 1169 εἷς
657 1137 714 1168 τὸν
736 1137 885 1175 καλούμε-

188 1202 240 1221 νον
267 1189 430 1230 θησαυρὸν,
458 1189 570 1226 οἴκημα
605 1187 783 1228 κατάγειον,
816 1189 887 1219 οὔτε

188 1242 307 1280 πνεῦμα
321 1239 493 1279 λαμβάνον,
510 1239 581 1270 οὔτε
595 1241 658 1279 φῶς
675 1239 792 1278 ἔξωθεν,
815 1240 887 1270 οὔτε

151 1313 155 1316 -
188 1292 278 1333 θύρας
301 1291 387 1331 ἔχον,
412 1290 495 1322 ἀλλὰ
511 1289 639 1329 μεγάλῳ
653 1289 728 1329 λίθῳ
743 1301 887 1330 περιαγο-

189 1342 269 1382 μένῳ
285 1341 555 1379 κατακλειόμενον,
568 1341 698 1372 ἐνταῦθα
711 1341 886 1372 κατέθεντο.

191 1395 308 1425 Livius
325 1403 400 1424 cum
419 1393 593 1432 acciperet
618 1393 691 1423 haec
712 1392 754 1423 ab
769 1392 887 1423 eodem

192 1449 345 1483 auctore,
369 1454 411 1474 ex
436 1453 500 1484 quo
524 1442 637 1474 hausit
663 1447 781 1483 postea
806 1443 887 1473 Plu-

192 1495 340 1529 tarchus,
363 1495 410 1525 ita
427 1492 577 1524 reddidit
592 1493 635 1523 de
652 1492 769 1523 eadem
789 1502 823 1523 re
840 1493 887 1522 10-

191 1554 295 1586 quens
312 1544 370 1575 lib.
391 1552 522 1575 xxxut.
536 1544 544 1560 ‘
558 1543 752 1574 Admonent
766 1543 889 1574 deinde

191 1595 337 1636 quidam,
354 1604 428 1625 esse
442 1594 633 1624 thesaurum
648 1593 817 1633 publicum
828 1593 889 1623 sub

195 1651 298 1683 terra,
308 1654 389 1675 saxo
400 1644 566 1685 quadrato
577 1649 728 1683 septum:
747 1653 786 1675 eo
799 1643 889 1673 vinc-

194 1701 247 1726 tus
266 1695 475 1726 demittitur:
494 1700 527 1724 et
542 1703 660 1724 saxum
677 1693 807 1733 ingens,
824 1703 889 1734 quo

192 1745 346 1786 operitur
384 1745 548 1779 machina,
593 1744 890 1784 superimpositum

194 1796 267 1826 est.'
312 1795 353 1825 In
370 1804 433 1835 quo
450 1794 690 1833 annotandum,
714 1795 890 1834 eleganter

195 1846 237 1877 ab
258 1846 332 1886 ipso
359 1845 454 1875 Livio
479 1843 534 1874 τὸν
557 1844 778 1884 περιαγόμενον
804 1845 891 1875 λίθον

196 1896 282 1926 verti
310 1905 438 1934 saxum,
463 1904 528 1935 quo
553 1896 704 1935 operitur
726 1896 892 1934 machina,

194 1946 258 1978 1100
275 1951 338 1984 est,
356 1944 609 1984 molaiuserior,
622 1955 720 1986 quam
737 1946 890 1977 ‘metam'

197 2000 296 2026 vocat
315 1995 444 2026 Paulus
460 1995 739 2027 Jurisconsultus.
785 1997 893 2027 Intel-

195 2046 270 2086 ugit
296 2054 376 2085 ergo
401 2046 562 2082 Catillum,
587 2051 624 2076 ut
649 2045 738 2076 idem
767 2046 893 2077 Paulus

197 2101 318 2128 vocat:
349 2097 410 2127 hoc
437 2100 501 2137 est,
525 2097 732 2136 superiorem
757 2098 893 2128 molam.

198 2147 357 2178 Machina
373 2147 460 2177 enim
478 2146 648 2187 significat
665 2148 784 2178 molani
803 2149 892 2187 apud

197 2197 354 2229 Veteres.
400 2197 499 2228 Unde
517 2197 686 2229 Ausonius
698 2197 784 2228 dixit
799 2199 807 2215 ‘
821 2199 896 2229 Ma—

198 2248 325 2278 chinale
342 2247 492 2288 pondus‚’
510 2257 570 2288 pro
588 2248 686 2279 mola.
720 2248 809 2279 Hinc
826 2247 896 2279 Ita-

198 2298 297 2328 licum
316 2299 433 2339 vulgus
451 2299 648 2337 Machinare,
672 2308 734 2339 pro
758 2299 896 2329 molere.

201 2348 291 2378 Saue
315 2358 424 2389 neque
453 2349 653 2380 Plutarchus
680 2349 751 2380 sine
777 2349 896 2380 Livio:

200 2407 310 2438 neque
330 2399 386 2429 ille
403 2400 472 2429 sine
489 2400 674 2430 Plutarcho
690 2400 813 2439 exponi
839 2409 896 2439 po-

203 2452 328 2478 tuerat.
374 2449 479 2480 Porro
494 2456 529 2480 et
544 2450 653 2481 Varro
668 2451 677 2466 ‘
692 2449 897 2480 thesaurum’

203 2507 264 2537 pro
281 2497 399 2528 eadem
417 2509 452 2529 re
470 2499 556 2530 dixit
573 2500 630 2531 lib.
644 2500 685 2530 de
700 2501 820 2531 Latino
832 2510 898 2531 ser-

202 2557 300 2578 mone
317 2557 366 2579 vi.
390 2553 397 2565 ‘
412 2549 475 2579 Sed
501 2551 590 2590 quod
615 2551 755 2590 Delphis
773 2550 805 2580 iu
824 2550 897 2581 aede

202 2597 353 2630 foramen
381 2599 422 2629 ad
450 2601 539 2630 latus
566 2607 618 2631 est
641 2601 809 2642 quoddam
827 2602 898 2631 the-

204 2649 295 2678 sauri
324 2649 461 2688 specie,’
493 2650 580 2689 quod
613 2651 728 2682 Graeci
758 2651 899 2690 ὀμφαλὸν

204 2698 376 2730 dixerunt.
400 2700 408 2715 ‘
422 2699 583 2730 Thesauri
599 2702 734 2739 specie‚’
756 2703 817 2733 hoc
836 2708 900 2743 est,

937 884 978 915 ad
995 885 1130 916 modum
1145 885 1278 916 illarum
1296 885 1518 923 Favissarum,
1542 885 1632 926 quod

938 934 1052 966 Graeci
1069 934 1237 975 θησαυροὺς
1253 940 1386 966 vocant.
1425 935 1502 966 Nou
1521 939 1632 967 tamen

937 985 1054 1025 ignoro
1070 986 1169 1016 aliter
1185 986 1264 1016 olim
1281 995 1302 1016 a
1317 985 1414 1016 nobis
1431 995 1507 1017 eum
1523 986 1634 1017 locum

939 1036 1142 1077 expositum.
1198 1036 1266 1068 Sed
1293 1036 1469 1076 eleganter
1495 1035 1635 1067 Naevius

939 1087 972 1117 in
989 1097 1047 1118 5110
1062 1087 1246 1128 Epitaphio
1261 1088 1426 1119 Orcivum
1443 1086 1635 1118 thesaurum

941 1137 984 1168 ab
1018 1147 1058 1168 ea
1089 1138 1312 1169 translatione
1343 1137 1449 1168 dixit:
1485 1136 1494 1152 ‘
1511 1136 1635 1177 Itaque

941 1194 1120 1229 postquam
1139 1194 1190 1220 est
1210 1189 1324 1220 orcivo
1342 1188 1484 1219 traditus
1503 1187 1636 1218 thesau-

943 1239 1000 1271 ro.’
1020 1241 1089 1271 Jos.
1105 1240 1190 1271 Scaz.

985 1289 1140 1329 Favissce]
1161 1290 1327 1320 Cisternae
1339 1287 1454 1327 templi
1466 1286 1506 1317 ad
1518 1296 1637 1328 aquam

941 1341 1183 1381 recipiendam,
1213 1339 1255 1370 31)
1283 1339 1423 1379 antiquo
1451 1337 1541 1374 savio
1575 1347 1637 1376 pro

933 1391 1038 1431 foveo,
1057 1391 1109 1421 vel
1127 1389 1229 1429 fodio.
1274 1390 1319 1420 Et
1339 1388 1414 1418 haec
1440 1387 1547 1428 prima
1573 1386 1639 1417 fuit

941 1441 1040 1481 hujus
1057 1440 1149 1471 vocis
1166 1440 1268 1470 notio.
1315 1439 1441 1469 Postea
1462 1437 1504 1468 01)
1525 1437 1639 1467 simili·

942 1480 1234 1529 tudinem’suvz'ssae
1250 1490 1350 1521 dictae
1362 1494 1438 1519 sunt
1449 1488 1543 1519 cellae
1559 1487 1639 1519 sub-

943 1548 1109 1573 terraneae
1129 1543 1161 1572 in
1180 1541 1313 1582 templis
1336 1540 1391 1570 ubi
1418 1539 1536 1579 reponi
1553 1539 1638 1569 sole-

944 1593 1027 1624 bant
1052 1602 1104 1623 res
1132 1602 1238 1623 sacrae
1267 1595 1438 1622 vetustate
1466 1589 1639 1628 collapsae.

942 1644 1052 1674 Varro
1078 1643 1167 1683 apud
1194 1642 1342 1673 Gellium
1371 1641 1426 1671 lib.
1441 1648 1480 1670 11.
1497 1649 1573 1679 cap.
1589 1642 1641 1670 10.

944 1697 952 1712 ‘
971 1694 1124 1725 Favissas
1142 1702 1218 1724 esse
1236 1692 1336 1723 cellas
1353 1691 1512 1732 quasdam
1527 1695 1562 1721 et
1578 1690 1641 1721 cis-

945 1750 1068 1783 ternas,
1083 1754 1158 1785 quae
1175 1744 1206 1773 iu
1227 1752 1305 1773 area
1328 1741 1388 1772 sub
1408 1747 1500 1772 terra
1515 1744 1643 1778 essent,

945 1795 1002 1825 ubi
1020 1794 1135 1834 reponi
1151 1794 1299 1824 solerent
1314 1792 1407 1832 signa
1427 1795 1641 1831 vetera,quae

945 1855 986 1875 ex
1004 1855 1043 1875 eo
1062 1845 1189 1884 templo
1206 1844 1357 1883 collapsa
1377 1847 1504 1877 essent,
1519 1847 1554 1871 et
1578 1841 1644 1871 alia

946 1895 1098 1936 quaedam
1114 1894 1271 1934 religiosa
1295 1893 1443 1924 donariis
1465 1900 1644 1923 cousecra-

946 1945 1013 1976 tis.’
1059 1946 1132 1976 Has
1150 1944 1292 1976 favissas
1314 1944 1426 1976 Graeci
1444 1947 1567 1974 vocant
1593 1945 1645 1978 θη-

946 1996 1085 2036 σαυροὺς,
1111 2001 1146 2027 ut
1175 2006 1216 2026 ex
1234 1996 1369 2026 Valerio
1397 1995 1527 2026 Sorano
1553 1993 1644 2024 idem

946 2048 1054 2077 Varro
1072 2046 1162 2086 apud
1181 2045 1327 2076 Gellium
1361 2044 1499 2074 ibidem.
1544 2042 1644 2073 Unde

946 2097 980 2127 111
1005 2097 1114 2128 (311055.
1139 2098 1148 2114 ‘
1167 2096 1330 2132 Favissae,
1346 2092 1511 2133 eno-awai!
1556 2092 1645 2123 Vide

948 2147 1019 2178 Liv.
1042 2139 1250 2178 lib.'xxxix.
1268 2150 1303 2175 et
1325 2144 1501 2176 Plutarch.
1517 2143 1548 2174 in
1566 2143 1646 2174 Phi-

947 2199 1149 2238 lopoeinene.
1195 2196 1281 2227 Inde
1308 2195 1481 2235 eleganter
1509 2193 1647 2225 Naevius

949 2248 982 2278 111
1001 2257 1060 2278 5110
1083 2245 1256 2289 epitaphio
1279 2246 1426 2275 oreivum
1451 2245 1654 2282 thesaurum·

951 2298 992 2328 de
1018 2297 1134 2328 inferis
1159 2296 1266 2326 dixit:
1294 2296 1302 2312 ‘
1324 2295 1443 2335 ltaque
1472 2298 1650 2334 postquam

952 2353 1001 2378 est
1018 2346 1131 2377 orcivo
1150 2345 1295 2377 traditus
1309 2342 1488 2374 thesauro!
1520 2343 1566 2373 Et
1582 2343 1648 2373 En-

951 2399 1024 2428 nius
1040 2397 1072 2428 in
1091 2396 1246 2436 Iphigen.
1271 2400 1279 2413 ‘
1296 2394 1522 2425 Acherontem
1547 2392 1649 2423 obibo

953 2449 1007 2479 ubi
1022 2447 1137 2478 mortis
1149 2446 1294 2477 thesauri
1309 2443 1491 2485 objacent.'
1527 2443 1649 2483 Neque

954 2499 1200 2536 tamen-finissae
1217 2496 1317 2527 dictae
1337 2494 1518 2535 astavz'ssoe,
1536 2492 1650 2523 demta

953 2551 962 2580 1
980 2550 1091 2586 litera,
1106 2547 1195 2589 quod
1220 2547 1252 2577 in
1270 2555 1326 2576 eas
1343 2554 1407 2576 non
1434 2543 1516 2574 rude
1536 2553 1581 2574 aes
1597 2553 1650 2574 ar-

954 2606 1170 2640 gentumque,
1187 2597 1246 2628 sed
1267 2594 1347 2626 flata
1371 2595 1568 2634 signataque
1591 2602 1651 2634 pe-

956 2651 1053 2681 cunia
1079 2648 1292 2683 conderetur,
1318 2650 1355 2676 ut
1383 2645 1470 2675 idem
1494 2644 1649 2675 Valerius

957 2702 1102 2733 Soranus
1118 2697 1336 2730 existimavit.
1383 2696 1469 2727 Nam
1495 2695 1521 2725 si
1540 2696 1586 2726 113
1602 2704 1652 2726 es-
