1835 2906
201 88 285 131 588
653 95 800 126 snx'rr
834 94 1035 126 POMPEH
1070 92 1206 123 FESTI

200 194 422 236 Petissere
443 190 609 245 antiqui
629 203 709 244 pro
740 194 891 244 petere
913 187 1131 236 dicebant,
1151 199 1204 227 ea
1221 189 1255 215 ¹4
1275 184 1449 239 quidem
1479 184 1642 238 [FEs'r.

259 261 398 303 forma
429 259 562 309 verbi,
595 271 682 311 qua
723 261 824 298 sunt
853 255 1072 296 lacessere
1106 258 1152 294 et
1184 254 1424 294 incessere:
1472 253 1565 302 sed,
1595 256 1644 294 ut

254 329 361 370 mihi
383 327 565 376 videtur,
588 330 677 367 tum
699 323 1002 378 significabant
1032 322 1198 375 saepius
1228 324 1388 375 petere,
1419 325 1469 362 ut
1499 320 1644 361 Petis-

256 400 366 445 sant,
390 396 554 449 saepius
576 397 776 449 petant.¹⁵
790 390 799 413 i

199 461 475 505 Petoritumk
513 467 554 504 et
587 461 811 504 Gallicum
849 459 1099 500 vehiculum
1135 470 1248 507 esse,
1283 461 1327 497 et
1360 468 1516 497 nomen
1546 455 1642 508 ejus

256 531 422 573 dictum
441 531 697 572 existimant
718 542 744 569 a
765 540 942 568 numero
960 531 1144 580 quatuor
1164 530 1350 566 rotarum
1368 538 1378 565 :
1411 523 1486 564 alii
1508 521 1642 572 Osce,

255 598 374 652 quod
392 598 424 638 ii
445 610 617 652 quoque
647 601 799 650 petora
830 599 1019 648 quatuor
1047 596 1229 634 vocent:
1262 591 1339 632 alii
1369 590 1544 639 Graece,
1567 588 1642 629 sed

255 668 435 712 Αἶολικῶς
457 665 635 706 dictum.

196 734 448 782 Petoritum‚
481 732 728 774 vehiculum
757 730 1001 772 Gallicum:
1034 729 1110 770 alii
1137 727 1252 769 Osce
1281 730 1436 781 putant
1465 725 1589 779 [PAU
1601 735 1643 765 1..

253 800 431 851 dictum,
449 799 567 855 quod
596 800 641 841 hi
658 802 815 854 petora
831 803 1018 852 quatuor
1039 795 1289 851 appellant:
1318 798 1506 848 quatuor
1528 792 1642 833 enim

253 869 384 909 habet
403 873 537 910 rotas.

195 935 421 978 Petrarum
435 936 469 961 ¹⁶
498 947 656 990 genera
674 938 772 976 sunt
794 934 899 984 duo,
917 945 1100 987 quorum
1121 931 1302 973 alterum
1324 932 1451 971 natu·
1481 927 1642 982 [FEST.

252 1004 339 1045 rale
361 1017 518 1046 saxum
540 1002 786 1058 prominens
807 1002 853 1042 in
873 1013 1006 1051 mare,
1025 999 1150 1054 cujus
1172 997 1340 1039 Ennius
1355 995 1550 1037 meminit
1568 994 1643 1035 lib.

253 1084 327 1114 xl.
356 1071 457 1114 Alte
478 1072 641 1121 delata,
664 1070 908 1124 ceterisque
931 1069 1182 1121 ingentibus
1203 1070 1345 1106 tecta:
1367 1069 1410 1105 et
1425 1063 1582 1105 Livius
1596 1063 1641 1103 in

254 1141 502 1182 centauris:
535 1139 625 1180 Ubi
647 1151 726 1191 ego
748 1150 869 1191 saepe
889 1137 1047 1192 petris:
1072 1136 1255 1177 alterum
1272 1132 1580 1181 manufactum,
1597 1134 1644 1172 ut

252 1207 378 1249 docet
409 1208 556 1248 AElius
588 1206 776 1248 Gallus:
826 1205 958 1245 Petra
993 1207 1074 1254 est,
1106 1215 1205 1257 quae
1237 1201 1368 1243 Jovis
1402 1200 1556 1242 dextra
1589 1211 1641 1239 ac

252 1276 432 1317 sinistra
460 1275 667 1316 fornicem
697 1274 926 1327 expletura
961 1276 1029 1314 est
1059 1271 1115 1313 ad
1148 1272 1453 1312 libramentum
1484 1266 1642 1309 summi

251 1342 448 1384 fornicis.

195 1409 398 1453 Petreia¹
432 1412 673 1453 vocabatur
708 1423 808 1464 quae
839 1420 1050 1463 pompam
1091 1406 1341 1461 praecedens
1376 1406 1417 1446 in
1465 1403 1641 1457 [PAcL.

796 1529 1040 1544 eeeeeeeeeee

237 1602 275 1630 14
300 1599 379 1630 Vet.
396 1599 454 1631 lib.
471 1602 598 1630 εει-15
625 1598 712 1629 Vide
739 1599 950 1630 Notas.-—1o
978 1596 1224 1634 Petrar217›z‚85c.
1249 1593 1321 1626 JOS.
1336 1591 1424 1623 Scal.
1441 1591 1474 1621 in
1490 1589 1642 1629 margine

193 1651 261 1672 suae
289 1641 343 1672 ed.
362 1643 493 1673 notavit
521 1643 590 1672 haec
607 1642 740 1683 quidem
759 1651 834 1672 esse
854 1640 958 1675 Festi,
977 1640 1036 1670 sed
1060 1648 1124 1669 uon
1153 1648 1196 1668 ex
1215 1642 1280 1668 vet.
1298 1635 1353 1666 lib.
1377 1640 1496 1665 sumta.
1543 1632 1563 1662 d
1585 1642 1639 1663 em

193 1684 293 1715 Ennii
313 1695 441 1716 versum
460 1686 506 1716 ita
523 1686 626 1725 legit:
650 1685 723 1727 Alte
751 1685 832 1715 eluta
847 1693 961 1723 specus,
978 1682 1132 1722 petrisque
1149 1679 1320 1719 ingentibu'
1343 1681 1435 1709 tecta.
1480 1676 1566 1708 Item
1586 1675 1642 1706 Li-

191 1728 249 1765 vii,
263 1728 330 1759 ita:
357 1728 406 1759 uln'
422 1729 493 1759 echo
508 1732 605 1768 scepta
620 1728 728 1768 petris.
776 1727 910 1757 Deinde
925 1737 932 1757 :
963 1727 1064 1756 Petra
1080 1728 1136 1763 est,
1151 1734 1218 1764 quoe
1233 1724 1339 1753 domus
1353 1723 1477 1757 dextra,
1493 1721 1544 1759 &a
1577 1718 1640 1749 vir

193 1770 285 1802 doct.
303 1771 336 1802 in
354 1781 459 1812 marg.
474 1771 627 1812 ejusdem
647 1771 700 1802 etl.
718 1770 854 1811 conjicit
867 1769 919 1810 qui
935 1770 1017 1800 locus
1047 1777 1105 1808 pro
1121 1777 1188 1807 1111oe
1203 1766 1302 1797 Jorz's.

846 1889 986 1922 NOTAE

230 1967 238 1986 ¹
267 1966 309 1998 Ut
327 1966 502 2005 Petissant,
522 1966 634 2007 soepius
658 1966 781 2007 petunt]
808 1965 892 1997 Haec
990 1964 1003 1984 Β·
1028 1961 1217 2002 Petoritum]
1243 1961 1350 1992 Recte
1369 1959 1494 1992 AEolice
1511 1958 1641 1990 dictum

189 2016 270 2048 viris
300 2016 411 2047 doctis
442 2021 602 2057 suspecta
633 2021 724 2057 sunt,
757 2014 814 2056 qui
845 2015 890 2046 le·
947 2016 1016 2047 ait:
1040 2015 1181 2053 πέτορες,
1197 2016 1353 2053 quatuor.
1377 2012 1446 2042 Jos.
1464 2011 1548 2042 Scal.

193 2072 290 2108 gunt,
334 2067 376 2098 Ut
416 2067 590 2105 PMissant,
626 2068 740 2107 soepz'us
770 2070 892 2106 potant.
990 2065 1179 2105 Petoritum]
1195 2063 1363 2094 Gallicum
1378 2060 1577 2092 vocabulum
1592 2059 1642 2091 fa-

149 2120 152 2123 '
189 2118 342 2148 Frustra.
400 2117 521 2158 Neque
553 2117 642 2148 enim
665 2117 809 2156 pitissare
838 2121 891 2147 est
945 2117 1037 2148 ciunt
1067 2117 1188 2154 Varro,
1227 2112 1469 2151 Quintilianus,
1509 2111 1640 2143 Gellius

189 2168 313 2207 saepius
339 2171 458 2207 potare,
486 2167 546 2198 sed
575 2167 699 2207 saepius
727 2176 888 2207 expuere.
944 2176 1135 2208 perperam.
1182 2164 1241 2194 Est
1257 2163 1346 2193 enim
1361 2161 1485 2193 lEolice
1502 2161 1641 2198 dictum,

186 2218 323 2249 Terent.
341 2217 382 2247 (le
396 2216 572 2248 fastidiosa
585 2217 786 2247 meretrice:
811 2220 820 2234 ‘
839 2217 886 2257 pi·
943 2227 1019 2247 nam
1037 2215 1201 2247 AEolicum
1222 2213 1349 2253 πέτορες
1373 2217 1528 2253 quatuor,
1545 2218 1579 2242 et
1599 2211 1640 2242 ab

187 2267 339 2298 tissando
371 2267 469 2299 modo
495 2268 563 2298 vini
588 2267 696 2306 Quid,
718 2266 797 2308 quid
822 2267 887 2297 vini
946 2267 1046 2298 AEolis
1064 2265 1144 2297 Osci
1161 2268 1268 2305 petora
1284 2272 1463 2303 accepere.
1496 2262 1641 2293 EtMas-

187 2317 373 2348 absumsit!
404 2318 452 2348 sic
479 2317 607 2354 dicens,
626 2327 793 2358 asperum,
821 2318 886 2348 Pa·
944 2317 1141 2356 silieusium,
1172 2326 1191 2346 a
1215 2314 1337 2354 quibus
1362 2313 1451 2344 Galli
1476 2313 1639 2352 didicere,

188 2371 253 2406 ter,
270 2368 331 2399 lioc
353 2372 419 2404 est,
437 2367 526 2398 alind
541 2368 650 2398 lenius
668 2367 768 2398 sodes
785 2367 885 2399 vide!
941 2369 1106 2400 dialectus
1122 2372 1196 2398 erat
1210 2365 1349 2403 monica,
1366 2365 1492 2405 quippe
1510 2365 1566 2405 qui
1584 2373 1641 2395 ve-

188 2418 267 2447 Non
295 2418 416 2448 dubito
447 2418 526 2458 quin
556 2418 609 2448 liic
638 2418 790 2458 petissant
828 2417 886 2448 ali·
941 2423 1061 2449 nerant
1078 2428 1119 2448 ex
1142 2417 1281 2447 Phocea
1295 2414 1431 2446 AEolidis
1454 2414 1558 2453 urbe;
1575 2414 1639 2446 etsi

188 2468 297 2498 eunde
316 2469 462 2501 adducat
480 2471 616 2508 Festus,
634 2470 690 2501 ubi
706 2470 820 2509 soepius
832 2480 886 2510 pe·
941 2468 1089 2499 nonnulli
1105 2476 1176 2498 eam
1196 2466 1300 2496 Ioniae
1315 2465 1499 2495 vindicent.
1539 2465 1637 2495 Cam-

188 2520 257 2548 tant
282 2518 538 2558 interpretatur.
595 2520 635 2550 In
660 2520 782 2551 Sched.
812 2521 820 2536 ‘
840 2520 887 2551 Ut
942 2519 992 2550 bri
1010 2518 1111 2549 hodie
1128 2517 1246 2547 dicunt
1267 2517 1414 2556 pedruar,
1432 2521 1466 2546 et
1483 2514 1637 2544 Britanni

186 2567 346 2598 retissant
363 2569 487 2608 saepius
507 2569 647 2609 petant,’
671 2575 831 2610 corrupte
853 2579 887 2600 re
941 2569 1063 2600 Gallim
1085 2576 1191 2608 ponar.
1213 2567 1297 2596 Dae.

188 2626 251 2657 pro
265 2627 315 2657 pe.
352 2618 426 2649 Nisi
443 2620 537 2650 malis
553 2621 697 2651 retissant
713 2620 824 2661 saepius
838 2630 884 2652 re·
984 2618 989 2637 ¹
1019 2616 1158 2656 Petreiu]
1197 2615 1284 2646 Vide
1321 2615 1330 2631 ‘
1359 2613 1565 2646 Mandncns'
1601 2621 1634 2644 et

189 2670 269 2698 tant.
294 2666 402 2698 Idem.
941 2671 949 2686 ι
970 2668 1122 2700 Citeria.'
1146 2668 1241 2698 Iclt’m.
