1835 2906
272 389 532 465 SEX.
572 386 1138 465 POMPEII
1186 387 1526 462 FESTI

873 576 935 605 DE

181 720 739 780 VERBORUM
793 715 1628 778 SIGNIFICATIONE

731 887 950 936 LIBER
1005 887 1081 933 X.

185 1200 366 1257 LARES
380 1222 395 1238 ὃ
417 1215 593 1257 macula
613 1216 657 1255 in
679 1213 941 1255 vestimento
958 1210 1131 1259 dicitur,
1148 1212 1191 1250 et
1206 1209 1363 1251 deinde
1377 1212 1629 1264 μεταφορικῶς

239 1284 496 1325 transfertur
517 1284 559 1323 in
579 1283 777 1323 homines
799 1280 1116 1333 vituperatione
1140 1278 1311 1330 dignos.

183 1351 434 1401 Lacerare,b
465 1350 676 1398 dividere,
697 1348 989 1390 comminuere
1012 1351 1095 1395 est,
1117 1359 1174 1386 ex
1197 1359 1283 1399 quo
1303 1345 1448 1386 dictus
1479 1349 1547 1386 est
1566 1345 1630 1386 la-

238 1420 369 1469 nius,c
401 1420 477 1472 qui
499 1416 786 1458 discindendo
809 1417 973 1456 lacerat
994 1426 1168 1467 pecora.

781 1484 1008 1530 Lacerna‚⁸
1039 1481 1155 1535 quod
1183 1481 1324 1521 minus
1357 1479 1522 1533 capitio
1545 1484 1629 1520 est.

240 1500 342 1540 pars
366 1486 615 1528 vestimenti
637 1490 719 1526 est.

791 1582 903 1594 eeeeee

1230 1410 1449 1462 Ιλεῑοίηίειξ1
1480 1412 1595 1465 quod
1616 1417 1627 1434 ¹

909 1581 1022 1592 eeeeee

229 1656 241 1681 l
270 1654 336 1684 Pro
352 1654 432 1693 quod
448 1653 584 1694 quidam
601 1652 676 1684 libri
694 1651 819 1682 liabent
836 1650 986 1689 qucedam.

840 1736 979 1767 NOTAE

226 1809 236 1823 ³
262 1803 376 1843 Labes]
394 1803 477 1834 Cum
493 1804 574 1834 labes
585 1804 627 1834 sit
643 1813 660 1833 a
671 1802 766 1836 labor,
783 1800 879 1834 cado,

184 1854 407 1885 verosimilius
423 1858 476 1885 est
493 1855 621 1884 ruinam
652 1852 786 1893 proprie
814 1853 879 1891 sig-

181 1904 331 1939 nificare,
347 1910 383 1936 et
407 1904 636 1944 metaphorice
661 1902 824 1933 maculam
846 1901 878 1931 in

185 1956 394 1987 vestimentis
425 1960 461 1987 et
487 1954 691 1992 hominibus,
720 1958 756 1983 ut
788 1952 878 1992 apud

186 2006 299 2036 Plaut.
318 2007 352 2036 in
370 2006 466 2036 Pers.
490 2004 602 2035 ‘labes
621 2002 737 2044 popli.'
762 2003 843 2033 Duc²

226 2056 239 2076 *¹
262 2056 428 2096 Lucerare]
491 2053 665 2087 Seindere,
716 2052 878 2091 dividere,

183 2108 421 2142 comminuere,
463 2106 640 2146 dissipare.
689 2104 878 2135 ‘Lacerare

184 2157 281 2188 furtis
311 2157 560 2188 hereditateni.’
610 2155 747 2186 Florus:
772 2153 879 2185 ‘bona

184 2208 294 2247 patria
309 2206 482 2238 lacerare.’
504 2207 642 2237 Sallust.
667 2206 762 2236 Idem.

228 2263 240 2278 C
264 2259 397 2298 Lanius]
420 2260 498 2290 Non
521 2268 540 2289 a
561 2257 767 2296 lacerandis,
785 2255 844 2287 sed
863 2266 880 2285 a

184 2308 352 2339 lanieudis
396 2308 585 2348 pecoribus.
642 2308 730 2338 Vide
775 2311 782 2323 ¹
798 2306 881 2337 dila-

182 2358 300 2389 11ia1·e.’
347 2358 445 2389 Idem.

226 2409 240 2429 ό
261 2409 407 2449 Lacinia]
429 2408 550 2439 Infima
567 2418 641 2448 pars
666 2407 780 2441 vestis,
805 2416 880 2447 quae

184 2460 366 2493 lacerando
381 2460 497 2490 avulsa
514 2464 577 2494 est,
600 2469 619 2489 a
634 2458 743 2491 lucino,
759 2457 880 2491 lacero,

185 2513 274 2552 quod
301 2522 318 2542 a
350 2511 472 2541 Graeco
502 2511 598 2544 λακῶ,
630 2509 717 2540 unde
742 2507 881 2538 Lacinia

185 2562 285 2593 λακίς.
310 2562 406 2593 Idem.

228 2619 240 2632 θ
264 2611 419 2651 Lucerna]
428 2611 542 2642 Verba
557 2615 634 2642 sunt
645 2610 754 2645 Pauli,
768 2610 881 2640 Lacer-

187 2675 236 2704 για,
264 2665 343 2703 quod
368 2664 467 2693 minor
492 2662 605 2701 capitio
643 2662 696 2692 sit.
747 2660 881 2690 Ultimis

187 2714 394 2756 temporibus
414 2712 570 2753 Capitium
591 2710 805 2753 significabat
827 2720 882 2741 ca-

936 1801 1015 1840 pitis
1052 1805 1297 1840 tegumentum.
1344 1797 1544 1840 Antiquitus
1574 1807 1630 1828 au-

936 1857 1002 1882 tem
1033 1850 1219 1881 mamillare
1243 1849 1464 1881 foeminarum.
1511 1849 1631 1889 Neque

934 1911 1077 1942 unquam
1096 1901 1174 1931 boni
1199 1904 1355 1931 auctores
1381 1910 1438 1940 pro
1454 1900 1631 1931 cuculione

934 1955 1154 1992 acceperunt,
1175 1957 1210 1982 ut
1226 1951 1394 1991 posterior
1411 1955 1494 1982 aetas
1511 1950 1633 1981 barba-

934 2012 981 2037 ra,
999 2012 1072 2043 quae
1089 2001 1262 2042 epomidas
1288 2001 1526 2032 monachorum
1549 2002 1633 2040 capi-

932 2054 979 2083 tia
1009 2057 1117 2084 vocat.
1182 2052 1255 2082 Nos
1292 2051 1369 2081 olim
1398 2051 1632 2081 adolescentes

934 2104 1107 2135 docuimus
1132 2103 1163 2133 in
1202 2101 1438 2142 Conjectaneis
1481 2101 1630 2132 Nonium

934 2164 1060 2188 errare,
1089 2152 1144 2193 qui
1175 2152 1305 2192 putarit
1335 2161 1354 2182 a
1386 2151 1568 2182 Veteribus
1599 2151 1632 2181 in

934 2214 1009 2235 euin
1027 2202 1253 2244 significatum
1272 2202 1392 2242 accipi,
1412 2202 1444 2232 in
1461 2211 1559 2242 quen]
1577 2211 1632 2232 ac-

934 2253 1084 2293 cipiebat
1100 2263 1161 2283 sua
1177 2258 1272 2282 aetas.
1321 2252 1411 2283 Quin
1436 2252 1528 2282 locus
1545 2252 1631 2282 Var-

936 2305 1038 2339 ronis,
1074 2304 1128 2344 qui
1154 2303 1196 2333 ab
1220 2312 1259 2332 eo
1288 2301 1502 2342 producitur,
1526 2303 1631 2333 maui—

934 2354 1023 2386 sesto
1039 2359 1157 2384 contra
1174 2362 1249 2383 eum
1267 2351 1362 2382 facit.
1401 2351 1447 2383 At
1464 2353 1633 2394 Hierony-

936 2415 1023 2445 mus,
1039 2402 1252 2444 antiquitatis
1269 2407 1304 2432 et
1328 2401 1451 2441 linguae
1468 2402 1631 2435 Romanae

935 2455 1065 2496 peritus
1083 2454 1241 2493 scriptor,
1261 2452 1422 2492 Capitium
1449 2462 1514 2483 non
1532 2454 1632 2485 aliter

934 2505 1075 2545 accipit,
1100 2513 1198 2544 quam
1219 2503 1339 2536 Varro,
1368 2508 1403 2534 et
1426 2504 1581 2539 Veteres,
1599 2506 1632 2537 in

935 2556 1090 2597 Epistola
1118 2555 1159 2585 de
1191 2559 1284 2584 veste
1320 2553 1540 2586 Sacerdotali.
1563 2556 1632 2586 Jos.

937 2607 1020 2638 Scal.

980 2654 1134 2695 Lucerna]
1163 2656 1266 2695 Lege,
1289 2656 1368 2695 quod
1394 2656 1492 2686 minor
1518 2658 1632 2697 capilio

935 2711 991 2739 esc.
1039 2707 1123 2739 Quae
1141 2710 1219 2736 sunt
1245 2705 1343 2736 Pauli
1372 2705 1487 2745 verba,
1514 2711 1551 2737 ut
1575 2717 1633 2749 op⁰
