1835 2906
178 133 233 173 12
629 138 837 169 ANTONn
871 137 1139 168 Aucusrim

177 231 241 268 ret
272 236 432 275 eorum,
460 238 558 278 quae
589 224 678 277 ipsi
705 223 845 275 magis
877 222 1148 275 placuerunt.
1207 221 1254 262 Is
1278 221 1388 263 liber
1417 221 1606 263 indoctis

178 293 283 335 viris
313 294 424 334 adeo
455 292 638 346 placuit,
670 296 719 332 ut
752 303 830 344 pro
856 290 992 330 Festo
1025 290 1071 330 in
1105 289 1302 330 omnibus
1332 289 1608 331 bibliothecis

179 361 542 401 substitueretur.‘³
599 357 723 399 Unus
745 357 883 398 adhuc
903 357 1014 398 liber
1033 357 1213 397 extabat
1228 356 1361 398 totius
1380 357 1518 397 cladis
1536 369 1609 396 su-

178 432 363 481 persteS,
385 426 458 468 sed
483 425 627 479 qualis
650 424 781 465 victis
800 423 1166 464 commilitonibus
1186 426 1227 463 et
1244 423 1464 464 occisione
1491 423 1608 463 occi-

177 497 253 544 sis,
273 496 398 535 miles
419 493 583 535 truncis
603 492 796 541 naribus,
817 491 955 532 altero
979 490 1107 531 oculo
1128 489 1301 539 effosso,
1324 489 1476 530 mutilo
1501 489 1608 530 alte-

178 575 226 602 ro
247 562 439 610 brachio,
461 559 660 600 cruribus
691 558 843 598 fractis
872 557 986 610 repit
1009 556 1225 598 alicunde.
1284 555 1392 608 Ejus
1416 556 1515 596 libri
1537 554 1611 595 ad-

178 630 303 678 vecti,
325 632 372 668 ut
391 628 542 677 ferunt,
563 639 621 667 ex
641 626 815 679 Illyrico
835 625 985 666 habuit
1005 625 1176 677 aliquas
1198 623 1393 676 pagellas
1414 623 1609 675 Pompo-

178 697 276 736 nius
306 695 473 744 Laetus,
493 698 544 735 ut
566 693 691 743 Pius,
723 697 771 734 ut
794 692 1040 734 Politianus
1071 691 1361 744 scripserunt3
1402 690 1610 743 majorem

175 763 275 804 libri
292 767 458 816 partem
472 761 684 802 Manilius
708 759 883 801 Rallus.
942 758 1014 799 Ab
1035 758 1101 799 his
1122 757 1316 810 Angelus
1339 753 1612 798 Politianusf

176 830 331 870 librum
353 829 539 882 accepit,
574 828 767 880 agnovit,
785 831 828 867 et
849 826 1100 879 exscripsit,
1122 830 1164 866 et
1192 837 1249 865 ex
1273 837 1327 866 eo
1348 825 1393 865 in
1415 823 1611 864 centuria

176 909 348 937 versum
371 895 533 937 Catulli
554 894 780 935 emendare
798 894 994 934 tentavit.
1052 891 1126 933 Ab
1143 891 1294 932 eodem
1312 890 1520 932 Politiani
1538 903 1611 930 ex-

175 963 321 1016 emplo
346 963 501 1004 Petrus
522 962 748 1003 Victorius
763 967 778 991 g
800 961 969 1014 aliquot
989 960 1102 1001 locis
1124 959 1168 999 in
1195 959 1329 1000 variis
1347 958 1612 999 lectionibus

177 1031 375 1085 vulgares
398 1030 518 1071 Festi
537 1030 675 1071 libros
698 1028 925 1071 emendare
945 1027 1212 1075 doctissime,
1233 1030 1281 1066 ut
1302 1026 1428 1075 solet,
1450 1024 1610 1078 coepit:

176 1102 459 1151 pervenerunt
479 1098 590 1152 ipsae
612 1096 808 1150 reliquiae
831 1095 968 1136 libelli
989 1095 1044 1135 ad
1066 1094 1227 1135 Aldum
1250 1092 1513 1142 Manutium,
1536 1092 1612 1146 qui

176 1168 359 1206 conatus
394 1171 461 1206 est
494 1178 591 1205 cum
625 1164 752 1205 Pauli
783 1164 969 1217 epitome
999 1165 1076 1203 ea‘s
1107 1160 1384 1215 conjungere,
1403 1164 1445 1202 et
1474 1160 1631 1200 unum'

176 1245 335 1286 corpus
356 1245 413 1272 ex
440 1232 694 1286 duplicibus
725 1231 929 1271 membris
955 1229 1187 1270 conficere.
1247 1227 1334 1268 Sed
1362 1232 1451 1268 tam
1476 1227 1612 1267 multa

176 1300 341 1340 omissa
373 1305 488 1349 sunt,
510 1303 598 1339 tam
627 1298 767 1339 multa
796 1298 919 1339 aliter
951 1297 1082 1346 edita,
1102 1300 1152 1336 ut
1181 1295 1292 1335 alios
1313 1293 1612 1335 emendatores

176 1379 246 1406 res
279 1366 549 1407 desiderarit.
608 1366 753 1407 Simili
779 1366 946 1406 ratione
967 1378 1023 1406 ex
1051 1367 1234 1416 utroque
1255 1362 1365 1402 libro
1388 1362 1612 1402 confectus

176 1433 283 1473 alter
304 1433 413 1474 liber
432 1437 554 1474 extat
574 1433 691 1485 apud
713 1431 928 1473 Achillem
950 1431 1151 1472 Mafeum
1181 1428 1438 1471 Bernardini
1464 1426 1614 1469 Cardi-

176 1500 287 1540 nalis
305 1501 493 1550 fratrem,
517 1501 592 1554 qui
615 1500 778 1541 Aldino
798 1499 1054 1552 locupletior
1072 1502 1153 1538 est.
1215 1496 1285 1538 Ita
1305 1499 1392 1536 tres
1415 1494 1613 1548 ejusdem

174 1567 271 1607 libri
292 1567 520 1616 editiones,
540 1579 686 1607 omnes
708 1570 851 1607 autem
870 1565 1135 1619 imperfectae
1162 1564 1410 1604 extiterunt.
1470 1561 1614 1603 Vetus

174 1634 245 1675 ille
266 1634 375 1675 liber
397 1635 520 1675 Festi
548 1634 816 1683 dimidiatus,
855 1633 982 1687 cujus
1006 1637 1105 1673 ante
1129 1631 1178 1672 M
1199 1631 1371 1672 literam
1400 1628 1508 1670 nihil
1538 1641 1616 1669 ex-

175 1705 261 1752 tat3
293 1702 347 1741 ab
367 1715 421 1742 ea
439 1714 542 1742 vero
572 1701 698 1741 litera
728 1701 784 1740 ad
811 1701 941 1741 finem
964 1700 1041 1740 vix
1062 1698 1284 1740 dimidium
1306 1700 1386 1746 est,
1408 1696 1522 1750 quod
1543 1708 1615 1736 su—

177 1772 337 1820 perest,
359 1769 471 1821 ejus,
491 1768 607 1821 quod
629 1772 762 1808 antea
782 1768 938 1808 fuerat.
997 1765 1122 1807 Alter
1149 1765 1257 1805 liber
1285 1768 1350 1804 est
1371 1763 1499 1804 Pauli
1524 1763 1616 1815 epi-

177 1839 308 1884 tome,
331 1848 431 1887 quae
450 1847 579 1887 quam
601 1834 864 1886 negligenter
883 1834 1003 1874 facta
1026 1834 1094 1881 sit,
1117 1845 1172 1872 ex
1207 1832 1442 1872 collatione
1463 1830 1616 1871 verbo-

178 1914 272 1942 rum
311 1902 434 1942 Festi
464 1905 509 1941 et
547 1900 690 1948 Pauli,
723 1901 842 1954 quod
872 1900 954 1941 hac
986 1900 1176 1941 editione
1214 1897 1499 1947 ostendimus,
1542 1896 1615 1937 vel

178 1969 507 2009 indoctissimus
544 1968 735 2022 quisque
766 1980 1000 2020 agnoscere
1030 1968 1190 2020 potest.
1247 1965 1423 2006 Tertius
1452 1969 1522 2005 est
1557 1976 1616 2004 ex

177 2039 358 2088 utroque
381 2035 625 2084 confectus,
647 2035 799 2088 quales
821 2038 923 2075 sunt
944 2033 1061 2083 Aldi‚
1083 2032 1238 2083 Masei,
1260 2038 1305 2073 et
1324 2036 1479 2073 noster.
1527 2030 1615 2072 Sed

177 2115 256 2142 nos
277 2103 360 2143 hoc
383 2103 575 2156 amplius
593 2103 792 2152 fecimus,
810 2102 925 2155 quod
944 2102 1005 2142 illi
1026 2101 1337 2153 neglexerunt;
1369 2104 1415 2139 ut
1434 2098 1615 2139 lectores

179 2169 522 2219 admoneremus,
554 2182 653 2222 quae
687 2169 824 2220 Festi,
859 2182 1048 2223 quaeque
1080 2167 1211 2209 Pauli
1241 2169 1396 2207 essent.
1457 2165 1616 2205 Omnia

181 2249 353 2288 quoque
375 2237 615 2289 fragmenta
638 2236 762 2277 Festi
782 2236 974 2276 describi
1005 2235 1271 2283 curavimus,
1302 2245 1354 2273 ne
1373 2231 1478 2285 quid
1500 2231 1617 2272 desi-

179 2303 318 2343 derari
347 2309 522 2356 posset3
570 2304 612 2344 in
642 2304 803 2357 quibus
821 2302 1155 2356 interpretandis
1177 2313 1306 2354 quam
1328 2311 1508 2352 operam
1538 2311 1616 2352 po-

181 2370 415 2417 suerimus,
435 2383 493 2409 ex
523 2370 606 2419 his,
628 2383 728 2424 quae
758 2370 802 2410 in
833 2369 1159 2410 commentariis
1189 2365 1618 2421 ascripsimus‚judi-

181 2450 281 2476 care
319 2437 454 2477 lector
489 2438 649 2489 possit.
709 2437 961 2478 Habuimus
993 2441 1140 2478 autem
1179 2436 1261 2476 hoc
1291 2437 1614 2475 monumentum

221 2559 234 2573 θ
258 2555 309 2584 Ex
326 2554 386 2585 Pio
403 2555 436 2585 in
453 2559 565 2585 annot.
583 2559 671 2595 post.
687 2564 762 2595 cap.
782 2558 833 2586 16.
924 2555 1005 2586 Var.
1032 2555 1113 2587 lect.
1137 2558 1172 2586 et
1198 2554 1255 2584 lib·
1281 2560 1389 2584 xvnr.
1415 2560 1487 2590 cap.
1517 2552 1545 2580 7,
1578 2553 1612 2580 et

224 2602 234 2621 s
256 2604 305 2633 Ex
324 2604 482 2635 Politian.
497 2610 588 2635 cent.
605 2607 634 2634 1.
651 2614 725 2645 cap.
740 2607 794 2636 73.
924 2604 1013 2635 alibi.

222 2658 238 2677 ἒ
260 2654 310 2683 Ex
328 2654 431 2686 Petro
446 2655 537 2685 Vict.
554 2655 611 2686 lib.
628 2663 716 2685 xvn.
731 2663 805 2695 cap.
823 2657 854 2686 2,
