1835 2906
214 111 298 151 4:38

668 119 819 150 SEX'PI
856 120 948 150 POM
961 120 1057 148 PElI
1094 119 1230 149 FESTl

269 213 435 262 Tertio,
456 219 579 253 cumc
601 213 645 253 id
668 226 800 267 genus
821 214 1041 253 hominum
1073 213 1288 264 definitur,
1310 215 1384 268 qui
1416 215 1473 255 ad
1505 216 1662 258 civita-

271 285 355 321 tem
387 280 637 321 Romanam
670 281 731 322 ita
764 285 988 329 venerunt,
1021 281 1088 320 uti
1119 281 1360 335 municipia
1393 287 1544 323 essent
1580 297 1663 326 sua

272 348 485 402 cujusque
519 349 734 398 civitatis,
763 354 805 390 et
837 349 1042 396 coloniae,
1065 351 1113 388 ut
1136 348 1359 399 Tiburtes,
1381 350 1663 400 Praenestini,

272 414 775 468 PisanisArpinates,¹3
826 415 1006 463 Nolani,
1049 416 1360 467 Bononienses,
1402 417 1662 466 Placentini,

273 482 506 535 Nepesini,
529 483 707 531 Sutrini,
729 483 970 523 Lucenses.

215 548 502 591 Munificiord
537 564 564 591 a
596 550 804 591 munifico
841 551 1079 592 identidem
1118 551 1228 592 Cato
1259 551 1395 592 dixit:
1428 564 1526 592 cum
1550 564 1664 592 nunc

271 617 584 658 munificentior
620 619 847 669 dicamu53
888 620 1090 671 quamvis
1131 618 1382 659 munificens
1409 631 1497 658 non
1533 619 1665 660 sitin

269 699 367 726 USU.

217 750 483 805 Munfficiore
503 766 658 809 quoque
679 751 783 792 idem
804 752 1009 794 deduxisse
1030 753 1190 795 videtur
1212 769 1236 793 a
1255 753 1477 803 munifico,
1497 753 1664 806 [FEST.

271 832 370 860 cum
392 821 592 861 dicamus
613 835 716 860 nunc
736 820 1048 873 munificentior,
1075 823 1266 877 quamvis
1296 822 1553 862 munificens
1575 834 1664 861 non

270 887 330 927 sit
361 887 474 940 apud
506 903 575 928 uos
603 888 644 927 in
678 902 775 928 usu:
802 887 919 935 Cato,
952 889 995 929 in
1027 903 1074 929 ea
1106 903 1233 944 quam
1258 890 1434 943 scripsit
1452 890 1497 930 in
1520 902 1664 938 nemo,

273 955 518 995 munificior.

219 1021 412 1063 Munitio
426 1028 459 1052 ¹4
472 1021 485 1045 f
499 1024 780 1065 mortificatio
799 1029 828 1054 ¹⁵
853 1024 1066 1065 ciborum.

819 1145 941 1156 “voe-a

945 1145 1060 1156 eeeeee

259 1210 296 1237 13
324 1208 420 1238 Voti.
438 1208 520 1238 libb.
543 1209 721 1248 Urbinates,
737 1210 781 1240 N.
803 1210 1133 1242 B‹›l1utinienses.—14
1159 1210 1304 1243 Quidam
1323 1210 1374 1240 vir
1389 1209 1480 1241 doct.
1503 1209 1536 1240 in
1562 1218 1665 1241 mare.

221 1288 228 1308 l

215 1250 268 1280 erl.
295 1251 381 1281 Scal.
406 1251 548 1290 conjicit
567 1252 690 1282 Molitin
705 1255 788 1283 —15
818 1254 892 1284 Vet.
911 1253 984 1285 cod.
1001 1254 1193 1294 molificatio.
1234 1254 1294 1284 Vir
1321 1253 1412 1284 doct.
1438 1253 1525 1293 conj.
1543 1250 1665 1292 molltfi-

213 1293 303 1323 catio.
341 1293 443 1333 Legit
456 1294 545 1325 Scal.
563 1295 776 1335 morsrficatio:
796 1294 936 1335 frustra,
952 1303 1115 1328 censente.
1134 1297 1217 1327 Dae.

870 1392 1015 1424 NOTAE

212 1451 295 1483 facti
324 1452 462 1484 fuerint.
515 1455 581 1485 sed
614 1466 688 1486 eum
720 1457 913 1488 meminisse

213 1504 362 1543 oportuit
387 1504 437 1534 bis
464 1505 609 1537 Coerites
634 1508 823 1548 municipes
844 1507 913 1539 fac-

213 1559 278 1593 tos,
293 1556 396 1586 semel
415 1566 491 1586 cum
517 1556 668 1597 suffragii
685 1559 764 1598 jure
787 1558 830 1590 ob
845 1568 912 1589 ser·

214 1611 289 1636 vata
305 1616 401 1637 sacra
420 1607 516 1638 Rom.
543 1617 618 1638 cum
648 1609 740 1640 Galli
769 1609 911 1640 Romam

212 1661 452 1695 occupassent,
484 1658 546 1687 etsi
569 1664 688 1690 contra
715 1660 860 1700 Gellius,
876 1665 911 1691 et

212 1706 334 1737 iterum
366 1716 441 1737 cum
475 1713 652 1749 postquam
683 1711 909 1741 rebellarunt:

212 1757 312 1788 victis
343 1759 477 1798 quidem
506 1759 627 1790 civitas
654 1760 749 1799 «lata,
774 1761 833 1792 sed
863 1762 911 1801 ig-

212 1807 370 1838 nominiae
397 1818 500 1840 causa
529 1810 677 1850 suffragii
704 1812 761 1851 jus
799 1812 911 1843 adem-

212 1862 295 1888 tum.
322 1858 372 1888 De
390 1859 494 1899 priori
508 1860 671 1892 modohic
684 1862 817 1892 Festus.
838 1863 885 1892 111.

254 1914 267 1927 ⁶
295 1908 413 1947 Tertio,
442 1910 524 1950 cum]
578 1912 772 1951 Legendum
814 1912 913 1947 infra,

211 1958 259 1988 uli
275 1959 440 1999 municipia
456 1963 556 1990 essent
577 1970 642 1991 suae
667 1962 811 2001 cujusque
838 1962 913 1993 ciri-

211 2008 297 2040 lulis.
357 2010 558 2050 Quanquam
604 2017 700 2042 certe
746 2012 910 2052 expedire

211 2059 288 2089 binc
316 2070 369 2090 me
395 2061 476 2091 satis
493 2070 559 2091 non
577 2071 723 2101 possum.
762 2063 910 2093 Videtur

213 2115 344 2140 tantum
373 2111 427 2141 hic
453 2112 570 2141 Festus
594 2113 727 2142 tex-lium
742 2113 909 2153 quoddam

211 2161 470 2200 municipiorum
489 2171 595 2200 genus
612 2161 739 2196 facere,
757 2173 831 2193 cum
847 2163 910 2193 sci-

211 2211 291 2241 licet
308 2211 404 2250 injus
422 2212 562 2241 coloniae
583 2213 784 2243 transibant.
810 2213 910 2244 Quod

212 2261 394 2301 aliquando
418 2261 544 2292 factum
573 2261 677 2293 fuisse
705 2269 818 2293 uotum
849 2270 913 2295 est.

211 2310 309 2342 Adde
328 2324 335 2343 :
362 2314 413 2343 vel
433 2314 544 2352 potius
563 2313 605 2343 de
636 2315 739 2345 tertio
767 2315 912 2355 quodam

211 2363 384 2402 innuit-{pii
403 2373 525 2402 genere
545 2364 704 2403 loquitur,
729 2375 804 2395 cum
822 2366 912 2395 scili-

213 2418 281 2449 cet,
297 2414 352 2453 qui
369 2415 509 2445 civitate
530 2414 680 2445 Romana
704 2415 820 2447 donati
839 2416 910 2447 fne-

213 2467 300 2497 rnut,
319 2463 417 2493 iidem
450 2465 580 2504 legibus
608 2466 675 2495 suis
702 2476 767 2496 non
786 2468 911 2506 spolia-

213 2511 345 2549 bantur,
362 2513 421 2542 sed
439 2514 588 2545 civitatis
616 2526 683 2545 sua*
703 2517 760 2556 jus
787 2518 911 2548 retine-

214 2561 307 2597 bant,
324 2563 417 2601 quasi
443 2564 515 2602 ejus
547 2566 734 2606 municipes
760 2566 842 2597 facti
860 2578 912 2598 es-

214 2618 299 2641 scm.
347 2612 411 2643 Qui
438 2621 624 2652 sequnntur
651 2626 708 2645 eos
726 2627 839 2647 omnes
857 2628 911 2647 co-

213 2661 305 2691 lonos
323 2660 437 2695 fuisso,
456 2663 485 2692 iu
501 2666 713 2704 antiquorum
729 2668 911 2698 monimen·

945 1455 950 1460 '
970 1457 1013 1488 tis
1030 1457 1154 1498 reperi,
1182 1461 1309 1498 praeter
1327 1457 1470 1488 Tiburtes
1486 1460 1519 1486 et
1533 1455 1670 1495 Arpina·

967 1511 1024 1538 tes.
1070 1508 1122 1538 De
1135 1507 1256 1548 quibus
1273 1507 1418 1547 amplius
1435 1506 1666 1547 quaerendum.

969 1557 1067 1588 Idem.

1009 1608 1023 1628 ‘¹
1047 1607 1245 1649 Munificior]
1283 1607 1335 1637 Ex
1361 1606 1412 1636 his
1439 1606 1538 1637 Pauli
1556 1606 1667 1636 verbis

967 1658 1137 1698 intelliges
1156 1658 1246 1688 Festi
1263 1657 1379 1687 verba.
1403 1656 1482 1687 Ant.
1495 1656 1581 1695 Aug.

1011 1713 1024 1728 Ε
1050 1707 1246 1750 ΜηηξῙῑεὶον]
1273 1707 1372 1738 Prior
1398 1716 1473 1746 pars
1501 1707 1596 1747 liujus
1613 1716 1667 1738 ca·

968 1758 1048 1798 pitis
1079 1758 1271 1789 adhaeserat
1294 1762 1369 1797 post
1395 1756 1600 1797 magnificior,
1631 1761 1669 1786 ut

970 1809 1016 1839 ibi
1040 1809 1240 1840 monuimus.
1266 1807 1306 1838 Iu
1320 1806 1386 1838 tine
1404 1806 1604 1845 legendum:
1628 1806 1669 1836 In

970 1870 1005 1890 ea
1017 1870 1107 1899 quam
1119 1859 1245 1899 scripsit
1260 1859 1292 1889 in
1306 1879 1421 1890 ......
1437 1868 1522 1889 nemo
1542 1857 1669 1897 munifi—

969 1910 1045 1939 cior.
1093 1909 1319 1940 Desideratur
1336 1913 1466 1939 tantum
1496 1917 1617 1938 nomen
1635 1916 1668 1937 0-

971 1960 1108 1990 rationis
1138 1959 1227 1990 unde
1252 1958 1356 1989 verba
1387 1958 1525 1989 Catonis
1557 1958 1668 1998 petita

970 2016 1059 2040 sunt.
1084 2011 1164 2041 Dac.

1007 2058 1017 2079 s
1039 2060 1196 2099 illunitio]
1220 2061 1324 2091 Forte
1353 2068 1414 2099 pro
1440 2059 1572 2097 molitio,
1589 2068 1605 2087 ο
1631 2058 1665 2088 in

967 2122 985 2141 ιι
1001 2114 1063 2142 etl
1081 2112 1111 2142 iu
1128 2122 1149 2142 n
1166 2111 1314 2141 mutatis.
1361 2110 1491 2140 Molere
1509 2109 1597 2139 euim
1615 2113 1667 2139 est

966 2166 1161 2192 conterere:
1199 2160 1287 2190 unde
1322 2160 1418 2190 molae
1447 2159 1530 2189 ‹licti
1562 2160 1665 2189 etiam

966 2212 1099 2250 dentes,
1113 2212 1218 2252 quiet
1235 2211 1391 2241 molares.
1428 2210 1599 2240 Meni-sius
1618 2215 1665 2240 ta-

969 2271 1044 2292 men
1075 2262 1145 2291 vult
1170 2261 1290 2292 munire
1314 2262 1457 2292 Veteres
1486 2270 1667 2300 usurpasse

970 2321 1030 2351 pro
1049 2313 1192 2342 mandere
1217 2312 1341 2347 cibum,·
1374 2311 1463 2342 uude
1487 2318 1522 2342 et
1550 2312 1582 2341 in
1609 2311 1666 2340 illo

969 2363 1081 2393 Plauti
1111 2363 1142 2392 in
1168 2362 1304 2393 Curcul.
1331 2362 1340 2377 ‘
1358 2361 1497 2391 Vineam
1526 2371 1585 2400 pro
1610 2370 1666 2390 au-

968 2422 1025 2443 rea
1043 2417 1157 2442 statua
1178 2416 1338 2450 statuam,
1352 2421 1427 2451 qua*
1447 2415 1504 2441 tuo
1527 2411 1666 2442 Gutturi

967 2464 1011 2494 sit
1029 2462 1303 2494 monumentum!
1347 2461 1532 2501 Antiquam
1549 2461 1666 2492 lectio-

968 2524 1042 2545 nem
1070 2515 1291 2544 munimentum
1316 2510 1561 2542 restituendam
1586 2520 1664 2540 cen-

968 2571 1031 2599 set,
1049 2565 1146 2605 quasi
1162 2564 1256 2595 dicat
1281 2562 1498 2593 Phaedromns
1517 2565 1664 2592 statuam

968 2615 1029 2644 tibi
1047 2615 1190 2652 vineam,
1203 2622 1300 2653 quam
1316 2615 1453 2650 gutture
1470 2610 1668 2649 absorbeas,

967 2675 1065 2705 quam
1084 2663 1279 2704 ingurgites.
1311 2661 1377 2692 Sed
1395 2660 1572 2692 manifeste
1590 2672 1667 2692 cou-
