1835 2906
358 163 418 192 DE
454 162 721 193 VERssORUM
757 158 1165 191 SIGNIFICA'I'IONE
1203 160 1290 190 [AB.
1324 161 1396 189 lli.

1518 149 1601 189 137

159 257 435 312 Capitarium
452 261 465 278 ⁵
485 270 562 307 aes,
584 258 702 311 quod
725 257 827 310 capi
847 259 1011 309 potest.

160 324 393 379 Cappas‘fl
438 325 629 366 marinos
669 336 807 378 equos
843 323 992 364 Graeci
1026 335 1053 362 a
1084 322 1269 363 flexione
1313 321 1602 375 posteriorum

215 392 403 445 partium
426 392 666 445 appellant.

160 459 349 513 Caprae¹¹
370 459 515 510 dictae,
534 460 655 514 quod
689 471 818 499 omne.
855 457 1086 510 virgultum
1118 461 1319 510 carpant,
1341 457 1432 496 sive
1465 469 1492 496 a
1515 468 1604 497 cre-

216 527 310 579 pitu
333 540 518 568 crurum.
569 525 697 567 Unde
720 530 763 566 et
784 538 939 579 crepas
961 538 1038 565 eas
1061 524 1196 577 prisci
1221 523 1436 563 dixerunt.

161 593 399 647 Capreolix
430 595 580 635 vitium
612 594 801 635 cincinni
832 593 993 642 intorti,
1017 593 1121 646 quia
1152 592 1208 632 ad
1240 593 1387 632 locum
1427 589 1606 641 capien—

219 661 320 701 dum
341 661 520 702 tendunt
541 661 772 714 appellati.

163 728 361 781 Caprilia
382 734 399 756 y
430 729 677 782 appellatur
713 742 830 782 ager,
867 728 942 781 qui
980 728 1109 781 vulgo
1142 727 1198 767 ad
1231 726 1391 779 Caprae
1423 722 1607 778 paludes

219 796 309 836 dici
330 796 456 836 solet.

774 872 791 883 e
794 871 891 883 &teve
894 871 1008 883 roe-‘N

207 940 227 967 9
252 937 448 978 Legendum
464 942 580 970 monet
596 939 685 970 Dae.
705 940 849 980 Campus,
867 943 903 969 ut
921 939 953 968 in
971 947 1029 968 ora
1046 937 1100 970 ed.
1115 936 1289 976 scaligeri.

821 1045 960 1077 NOTAE

167 1111 386 1151 persuadere,
411 1111 490 1152 quin
510 1112 631 1143 Festus
653 1113 700 1143 ita
717 1112 858 1152 scripse-

165 1162 225 1192 rit:
254 1161 407 1202 Capz'talis
418 1162 512 1201 locus,
526 1163 577 1193 ubi
587 1164 615 1193 si
627 1164 699 1202 quid
711 1164 860 1194 violatum

165 1216 223 1250 est,
238 1211 338 1251 cupite
352 1212 513 1242 violatoris
526 1213 681 1252 expiatur.
708 1213 794 1244 Nam
809 1223 858 1244 ca-

164 1262 240 1301 pite,
256 1270 321 1291 non
348 1265 439 1301 caput
455 1262 583 1293 liabent
603 1268 638 1293 et
655 1263 774 1303 priscae
792 1264 861 1294 edi-

167 1312 290 1343 tiones.
315 1312 424 1344 Quare
441 1312 581 1344 Ovidius
597 1313 765 1354 ‘capitale
782 1319 864 1345 tem-

168 1361 284 1402 plum,’
303 1363 467 1394 Minervae
479 1369 590 1404 captae
603 1365 771 1404 intelligit.
789 1375 865 1397 cum

168 1413 287 1444 scribit
305 1414 397 1445 Fast.
414 1423 470 1445 111.
494 1414 503 1430 ⁴
515 1414 583 1445 Aut
600 1415 687 1455 quod
701 1415 803 1447 habet
820 1417 865 1446 le-

169 1472 257 1503 gem,
275 1463 395 1502 capitis
419 1473 494 1504 quae
517 1464 667 1503 pendere
683 1475 797 1505 poenas
814 1466 865 1496 Ex

168 1513 356 1553 illojubeat
373 1512 462 1544 furta
479 1519 621 1555 recepta
637 1513 736 1546 loco.'
776 1516 865 1555 Ergo

169 1564 327 1604 capitalis
344 1565 436 1594 locus
453 1568 518 1603 est,
542 1565 599 1605 qui
622 1565 727 1596 habet
742 1565 867 1605 legem,

172 1619 209 1645 nt
221 1615 348 1654 capital
366 1615 421 1649 sit,
438 1615 493 1656 qui
511 1615 592 1655 quid
610 1616 642 1645 in
662 1625 701 1646 eo
719 1616 866 1647 violarit.

174 1665 326 1705 Capitulis
362 1666 447 1696 lucus
487 1666 549 1696 hoc
584 1665 682 1696 modo
720 1665 867 1696 dicetur.

172 1715 285 1747 Quare
301 1716 394 1753 locus,
407 1724 470 1745 non
487 1716 572 1745 lucus
585 1715 777 1755 legendum,
790 1715 869 1756 quia

173 1766 264 1796 locus
282 1771 316 1797 et
329 1767 453 1805 lucum,
466 1770 500 1797 et
512 1766 578 1796 alia
591 1766 868 1806 comprehendat.

173 1817 240 1847 Jos.
259 1816 342 1847 Scul.

220 1866 371 1906 Capitalis
386 1865 486 1904 lucus]
514 1866 604 1906 Lege
622 1876 698 1897 cum
722 1866 868 1904 Scalige-

174 1926 224 1952 ro,
239 1917 383 1957 capitalis
403 1918 495 1952 locus,
512 1917 563 1947 nbi
579 1917 607 1947 si
629 1918 702 1956 quid
719 1917 870 1948 violatum

173 1972 231 2007 est,
245 1968 345 2008 capite
360 1969 519 1999 violatoris
534 1971 688 2008 expiatur.
728 1968 813 1998 Nam
829 1968 871 1997 Ιο-

172 2028 226 2049 cus
242 2020 352 2049 lucum
366 2024 400 2049 et
417 2019 482 2049 alia
499 2017 767 2058 comprehendit.
814 2017 871 2048 Sic

177 2069 278 2101 Ovid.
291 2075 297 2086 ‘
312 2069 459 2109 capitale
471 2070 634 2109 templum
646 2067 653 2079 ’
672 2075 783 2108 captae
794 2068 871 2098 Pal-

175 2119 260 2149 ladis
288 2119 451 2160 intelligit
480 2119 538 2149 lib.
570 2127 626 2151 ιιι.
665 2119 758 2149 Fast.
794 2118 803 2134 ‘
818 2117 872 2148 An

177 2171 266 2211 quod
283 2171 385 2202 habet
403 2173 524 2211 legem,
548 2171 668 2210 capitis
693 2180 767 2211 quae
792 2179 873 2210 peu-

177 2222 258 2252 dere
286 2230 399 2261 poenas
425 2222 476 2251 Ex
493 2221 684 2261 illojubeat
708 2219 798 2251 furta
822 2229 871 2251 re-

178 2277 280 2311 cepta
296 2272 393 2303 loco.'
419 2273 499 2303 Dae.

221 2327 232 2341 ⁵
259 2322 473 2362 Capitur-ium]
498 2322 574 2354 Jam
599 2327 634 2354 et
656 2322 720 2353 hoc
747 2331 832 2360 nego
856 2331 875 2352 a

182 2372 283 2403 Festo
299 2381 445 2412 unquam
463 2381 502 2401 ue
520 2372 553 2402 in
576 2378 724 2403 mentem
739 2371 876 2412 quidem

183 2422 333 2452 venisse:
360 2421 430 2460 sed,
450 2422 645 2461 Capitarium
659 2432 713 2458 aes,
735 2422 813 2461 quod
828 2431 877 2452 ca-

178 2476 235 2512 put
251 2476 307 2503 est.
333 2472 393 2503 Ait
407 2471 603 2511 Capitarz'um
618 2481 671 2506 ces,
686 2471 720 2501 id
734 2476 877 2510 est,sor-

183 2528 251 2553 tem
266 2522 474 2563 Capitariuin
490 2522 615 2560 vocari,
629 2522 707 2562 quia
719 2526 823 2562 caput
836 2523 879 2553 sit

184 2582 307 2604 usurae.
351 2572 464 2603 Graeci
481 2571 620 2611 ἀρχαῖον.
667 2572 738 2611 Ego
764 2576 879 2602 tamen

184 2626 270 2655 malo
302 2624 496 2664 Capitarz'um
524 2633 566 2653 oes
593 2632 680 2657 esse,
713 2622 802 2662 quod
825 2631 879 2652 ca-

186 2676 257 2715 pite
284 2675 462 2716 penditur:
489 2673 577 2704 aliud
602 2672 689 2703 enim
713 2681 756 2702 ex
776 2681 881 2702 censu

186 2726 411 2766 pendebatur.
430 2724 519 2756 Vide
533 2721 793 2755 ‘Tributorum.'
809 2722 878 2753 Jos.

917 1110 1004 1142 Scal-

959 1159 1169 1199 Capz'tarium]
1200 1160 1257 1189 AEs
1287 1159 1367 1198 quod
1396 1157 1464 1196 cupi
1501 1159 1613 1197 potest.

917 1210 1094 1243 Ridicule:
1123 1211 1197 1250 lege
1222 1219 1298 1240 cum
1322 1208 1510 1248 scaligero,
1536 1210 1613 1247 quod

916 1264 1007 1302 caput
1024 1264 1082 1291 est.
1127 1260 1260 1291 Graecis
1283 1257 1462 1298 Κεφάλαιον
1478 1258 1613 1289 dicitur.

921 1312 1041 1343 Cicero
1051 1315 1142 1351 caput
1156 1314 1278 1348 vocat3
1295 1314 1407 1340 tamen
1423 1308 1527 1348 magis
1545 1308 1615 1347 pla-

920 1366 976 1393 cet
992 1362 1165 1400 Scaligero
1182 1365 1219 1391 ut
1236 1361 1244 1376 ‘
1259 1359 1457 1401 capitarium
1475 1368 1521 1389 aes
1533 1357 1541 1371 '
1569 1358 1616 1388 di-

921 1416 1018 1443 catur
1048 1411 1135 1453 quod
1167 1410 1281 1450 capite
1309 1409 1481 1450 penditur.
1528 1407 1617 1439 Nam

920 1461 1125 1492 tributorum
1153 1460 1315 1498 conlatio,
1342 1459 1408 1489 alia
1431 1458 1465 1489 in
1492 1458 1618 1497 capite,

921 1512 986 1543 alia
1002 1522 1042 1542 ex
1060 1521 1176 1551 censu,
1192 1516 1229 1541 ut
1246 1511 1367 1541 Festus
1390 1508 1481 1540 alibi.
1528 1507 1618 1538 Vide

922 1562 1170 1594 ‘tributorum.’
1195 1562 1275 1592 Dac-

965 1617 975 1633 ῑ
998 1612 1132 1652 Cuppas]
1158 1613 1248 1651 Lege
1262 1620 1394 1650 campas,
1408 1614 1446 1640 ut
1461 1609 1495 1639 in
1512 1617 1619 1646 marg.

923 1663 1055 1695 Graecis
1067 1662 1254 1702 καμπὴ,(ῃιιο
1266 1661 1401 1691 nomine
1413 1659 1539 1690 dicitur
1551 1667 1620 1689 orn·

924 1723 965 1744 ne
983 1719 1174 1750 cetaceum,
1191 1717 1224 1742 et
1248 1711 1355 1752 quivis
1372 1710 1489 1750 ingens
1507 1707 1619 1748 piscis,

923 1773 942 1794 a
965 1763 1083 1794 caudae
1108 1761 1237 1793 flexura
1257 1771 1333 1803 quae
1359 1759 1462 1798 καμπὴ
1485 1759 1621 1790 dicitur.

924 1815 1023 1845 Idem.

968 1869 980 1883 ⁰
1008 1863 1133 1904 Caprae]
1157 1863 1187 1894 A
1203 1861 1375 1903 carpendo
1390 1860 1499 1892 dictas
1517 1858 1623 1890 tradit

925 1914 1027 1945 etiam
1044 1915 1155 1945 Varro
1178 1912 1308 1944 duobus
1339 1911 1444 1950 locis3
1470 1909 1621 1941 Isidorus

926 1966 1043 2004 etiam,
1071 1965 1127 2005 qui
1149 1969 1333 2003 utrumque
1360 1961 1453 1992 Festi
1483 1965 1622 1999 etymon

928 2015 1087 2052 adducit3
1114 2013 1173 2044 sed
1189 2017 1242 2044 est
1260 2023 1279 2043 a
1291 2010 1487 2052 Tyrrhenis,
1504 2009 1623 2051 quibus

927 2075 1031 2106 caper
1062 2064 1175 2104 κάπρος
1204 2063 1342 2102 dicitur,
1367 2071 1483 2102 capra,
1511 2059 1623 2100 κάπρα.

928 2116 1077 2156 Hesycli.
1093 2114 1206 2155 κάπροι,
1219 2114 1276 2153 arg.
1297 2112 1451 2153 Τυρῤήνοι.
1475 2112 1572 2142 Idem.

969 2172 984 2186 Χ
1010 2165 1169 2207 Capreoli]
1210 2166 1312 2195 Varr.
1343 2163 1400 2193 lib.
1435 2172 1460 2193 1.
1497 2162 1539 2192 de
1574 2162 1624 2192 Re

929 2219 1026 2249 Rust.
1053 2227 1127 2257 cap.
1157 2218 1209 2246 31.
1243 2215 1253 2232 ‘
1272 2213 1456 2253 Capreolus
1479 2211 1565 2242 vites
1588 2217 1626 2241 ut

929 2272 1058 2306 teneat,
1081 2266 1188 2306 serpit
1213 2264 1255 2295 ad
1280 2265 1389 2294 locum
1411 2261 1625 2302 capiendum,

930 2328 971 2349 ex
989 2327 1054 2359 quo
1081 2327 1100 2347 a
1126 2313 1293 2355 capiendo
1320 2310 1523 2352 capreolus?
1558 2310 1627 2341 Sed

931 2369 1050 2400 melius
1068 2377 1087 2398 a
1102 2365 1267 2406 capreolis
1294 2362 1493 2394 animalibus
1520 2361 1627 2392 dedu-

931 2429 1002 2457 cas,
1017 2417 1096 2458 quia
1118 2414 1249 2456 capreoli
1274 2414 1323 2444 illi
1350 2413 1481 2451 vitium,
1508 2416 1546 2443 ut
1571 2421 1628 2442 ca·

932 2469 1124 2510 preolorum
1148 2474 1286 2504 cornua,
1306 2463 1357 2494 vel
1382 2463 1492 2503 potius
1510 2471 1628 2502 capre-

932 2521 977 2551 oli
1009 2522 1150 2559 propter
1176 2525 1268 2547 suam
1292 2513 1556 2546 teneritudinem
1580 2512 1629 2543 sie

934 2570 1030 2610 dicti,
1045 2567 1210 2610 quomodo
1227 2572 1262 2597 et
1279 2565 1395 2597 Graeci
1411 2564 1561 2595 novellos
1577 2573 1628 2594 rae

935 2630 1006 2653 mos
1024 2622 1145 2650 vocant
1161 2617 1310 2656 μόσχους.
1338 2615 1436 2646 Idem:

977 2676 990 2697 Υ
1016 2667 1170 2710 Caprilia]
1195 2667 1284 2699 Ante
1302 2666 1431 2697 urbem.
1457 2664 1554 2695 Idem.
