1835 2906
362 119 425 149 DE
456 112 730 147 VERRORUM
763 107 1170 141 SlGNlF'IGA'l'IONE
1206 107 1301 138 LlB.
1336 106 1449 136 Xlll.

1538 94 1622 136 533

221 217 342 273 quod
381 221 426 257 et
464 218 680 262 oratores,
712 208 827 260 etii,
864 207 938 262 qui
971 219 1087 247 nunc
1121 204 1299 258 quidem
1326 203 1479 258 legati,
1517 207 1621 245 tunc

221 300 327 329 vero
365 288 575 333 oratores,
617 279 736 336 quod
789 277 898 332 reip.
955 273 1186 316 mandatas
1227 276 1377 327 partes
1420 273 1621 325 agebant.

221 355 391 397 Ennius
423 364 597 407 quoque
640 362 741 391 cum
788 346 902 388 dixit
931 345 1043 386 libro
1074 342 1216 397 primo
1247 341 1493 382 annalium:
1525 340 1623 382 face

220 428 355 472 vero‚⁷
371 427 388 451 ‘³
419 420 538 474 quod
560 424 603 461 te
627 431 727 460 cum
749 415 958 472 precibus
981 415 1105 467 pater
1129 413 1239 452 orat.

166 493 333 541 Orata,r
354 503 488 544 genus
523 488 663 543 piscis
695 485 947 540 appellatur
969 496 995 524 a
1019 481 1166 523 colore
1189 480 1296 528 auri,
1332 478 1449 532 quod
1469 477 1623 519 rustici

222 573 348 603 orum
370 558 595 605 dicebaut,
629 560 681 597 ut
713 553 947 603 auriculas,
981 550 1206 593 oricolas:
1250 547 1402 600 itaque
1428 545 1624 599 Sergium

221 641 401 684 quoque
437 624 656 681 quendam
688 621 983 677 praedivitem,
1021 618 1141 674 quod
1181 621 1226 658 et
1264 616 1439 657 duobus
1478 614 1623 655 anulis

223 697 371 739 aureis
403 699 445 737 et
477 693 712 748 grandibus
733 696 942 741 uteretur,
966 688 1149 730 Oratam
1170 687 1321 728 dicunt
1350 696 1449 726 esse
1470 681 1624 736 appel-

220 767 355 808 latum
364 794 374 804 .

165 834 319 885 Orata,
337 845 471 887 genus
483 832 622 886 piscis
638 844 664 872 a
684 831 830 872 colore
853 828 946 871 auri
969 828 1104 876 dicta,
1122 824 1242 880 quod
1263 820 1423 865 rustici
1444 820 1625 872 [PAUL.

221 916 347 945 orum
369 901 588 950 dicebant,
614 904 666 941 ut
687 899 922 948 auriculas,
938 895 1147 937 oriculas.

166 972 377 1014 Oratores
412 983 471 1012 ex
502 968 663 1011 Graeco
694 969 873 1024 ἀςοιτῆρες
916 965 1040 1014 dicti,
1083 962 1202 1018 quod
1232 960 1357 1002 missi
1389 957 1447 999 ad
1485 966 1624 1010 reges,

220 1039 511 1093 nationesque
546 1037 654 1078 deos
686 1037 884 1077 solerent
916 1031 1099 1089 ἀρᾶσθαι,
1136 1030 1183 1072 id
1224 1033 1309 1079 est,
1350 1024 1528 1069 testari:
1578 1023 1626 1063 hi

221 1108 355 1149 modo
374 1106 654 1161 appellantur
674 1104 825 1157 legati.

169 1175 384 1218 Orator-ess
405 1190 451 1217 ex
470 1173 613 1215 Graeco
627 1174 801 1227 ἀρητῆρες
823 1171 971 1212 dictos
985 1167 1243 1218 existimant,
1260 1162 1367 1221 quod
1382 1160 1437 1203 ad
1457 1160 1626 1217 [FEST.

779 1281 903 1294 cccccc

905 1280 1007 1292 ‘‘‘‘‘

207 1392 226 1421 7
250 1388 329 1420 Ant.
351 1386 439 1428 Aug.
462 1386 551 1418 Scal.
574 1389 609 1416 et
633 1384 801 1416 Columna
818 1383 935 1424 legunt
953 1382 998 1413 Tu
1013 1380 1089 1418 face
1104 1389 1189 1410 vero-

824 1508 967 1542 NOTAE

211 1596 225 1617 q
251 1589 333 1621 Face
358 1587 445 1628 vero]
471 1585 656 1619 Praemissa
678 1585 799 1617 vocula
822 1585 870 1616 sie

166 1650 301 1672 versum
317 1639 489 1676 integrum
513 1636 648 1668 faciunt
667 1636 820 1675 Scaliger
836 1639 871 1667 et

168 1693 354 1724 Columna:
382 1690 429 1720 Tu
443 1689 520 1727 face
544 1698 615 1719 vero
641 1688 720 1728 quod
751 1690 780 1718 te
804 1697 871 1718 cum

162 1743 305 1784 precibus
320 1745 409 1782 poter
424 1750 488 1771 oro.
518 1738 633 1770 Verba
646 1742 725 1770 sunt
745 1738 871 1769 Romu-

167 1794 205 1833 li,
230 1793 353 1826 Jovem
380 1789 563 1832 precantis,
590 1793 629 1820 ut
654 1787 778 1819 foedam
796 1797 871 1818 suo-

166 1853 240 1874 rum
256 1842 371 1883 fugam
389 1843 538 1882 sisteret,
565 1839 654 1871 uude
671 1838 802 1870 frustra
819 1843 873 1870 est

167 1895 302 1931 Festus,
324 1894 380 1935 qui
399 1893 452 1924 hic
476 1902 541 1931 oro,
565 1891 643 1922 dico
667 1890 871 1931 interpreta-

167 1950 236 1978 tur.
275 1945 316 1976 In
340 1943 481 1976 Schedis
502 1943 630 1984 legitur
651 1945 751 1973 tecum
774 1941 872 1973 unica

167 2006 265 2029 voce.
300 1997 485 2037 Eleganter
507 1996 516 2011 ‘
534 1994 696 2036 precibus
719 2003 793 2025 cusu
813 1993 872 2024 ali-

169 2058 236 2091 quo
252 2046 375 2086 orare,’
393 2047 441 2078 sic
456 2055 549 2086 saepe
565 2045 721 2076 Veteres.
747 2045 845 2075 laem.

211 2105 223 2120 f
250 2098 367 2139 Orata]
389 2098 439 2129 M.
456 2098 566 2129 Varro
591 2096 651 2127 lib.
679 2105 737 2127 111.
760 2095 802 2126 de
818 2095 873 2127 Re

168 2152 268 2183 Rust.
284 2153 429 2192 propter
452 2148 563 2189 pisces
588 2147 637 2178 ait
662 2156 733 2178 esse
756 2146 874 2187 appel-

169 2202 257 2233 latos
281 2200 437 2240 Sergium
459 2198 616 2237 Oratam,
641 2201 677 2229 et
703 2197 874 2228 Licinium

170 2252 376 2283 Muraenam.
398 2250 495 2281 Idem
509 2249 559 2280 ait
571 2248 728 2280 Macrob.
742 2248 801 2280 lib.
817 2257 875 2279 111.

170 2304 308 2335 Saturn.
343 2300 413 2332 Hic
439 2301 477 2332 C.
504 2299 640 2340 Sergius
662 2299 772 2331 Orata
796 2299 874 2340 fuit,

172 2354 215 2386 de
231 2363 297 2395 quo
315 2352 436 2384 Cicero
449 2349 508 2381 lib.
526 2359 565 2381 ιι.
579 2349 620 2380 de
637 2349 711 2380 Fin.
728 2352 763 2380 et
779 2349 836 2380 lib.
850 2358 874 2381 1.

171 2405 215 2437 de
233 2405 396 2443 Oratore,
411 2405 446 2433 et
460 2400 519 2433 lib.
534 2409 595 2431 111.
612 2400 655 2431 de
672 2399 774 2431 Offic.
795 2400 873 2431 Val.

172 2455 269 2488 Max.
292 2454 350 2486 lib.
369 2462 423 2485 rx.
443 2462 474 2484 c.
492 2455 524 2484 l.
547 2450 711 2483 Plin.lib.
730 2459 781 2482 rx.
797 2460 873 2492 cap.

172 2509 226 2539 54.
249 2505 329 2537 Ant.
346 2506 432 2543 Aug.

220 2555 338 2596 Orata]
364 2553 551 2589 Oriculam,
571 2551 659 2594 quod
676 2552 724 2583 ait
742 2561 801 2592 pro
817 2561 874 2582 au-

174 2608 282 2640 ricula
297 2607 439 2646 dictum,
456 2610 491 2636 et
507 2604 660 2635 Catullus
676 2603 874 2644 usurpavit:

170 2659 180 2676 ⁴
199 2659 266 2690 Vel
299 2657 429 2690 anseris
458 2654 657 2692 medullula,
688 2653 743 2685 vel
773 2653 878 2684 imula

175 2708 332 2743 oricilla.'
377 2706 471 2739 Alibi
505 2704 762 2747 explicabimus.
805 2705 877 2737 Jos.

925 1583 1010 1615 Scaz.

972 1632 1090 1673 Orata]
1115 1632 1184 1663 Pro
1214 1631 1339 1667 aurata,
1364 1631 1402 1658 ut
1431 1624 1538 1658 ‘olla’
1567 1633 1628 1666 pro

926 1686 936 1704 ‘
953 1683 1052 1716 aula.'
1085 1681 1219 1715 Graecis
1249 1679 1484 1720 Chrysophrys
1501 1677 1629 1708 dicitur

927 1747 946 1769 a
961 1734 1092 1778 χρυσὸς,
1112 1737 1291 1772 aurum‚et
1315 1729 1424 1772 ὂφρὺς,
1451 1728 1630 1770 supercili-

925 1798 1003 1820 um:
1029 1787 1156 1819 Graeca
1179 1793 1262 1816 voce
1288 1792 1368 1814 usus
1386 1780 1490 1812 Ovid.
1508 1780 1543 1810 in
1559 1778 1631 1810 Ha·

926 1839 1023 1870 lieut.
1048 1843 1056 1856 ‘
1075 1842 1111 1869 et
1135 1836 1209 1868 auri
1236 1833 1472 1875 Chrysophrys
1499 1830 1632 1863 imitata

926 1889 1056 1922 decus!
1080 1889 1163 1921 Dac.

969 1948 980 1963 ὅ
1006 1941 1172 1982 Oratores]
1196 1939 1312 1971 Multa
1337 1937 1518 1978 deplorata
1538 1938 1631 1966 sunt.

925 1995 1066 2026 Terent.
1090 1993 1125 2024 in
1153 1992 1294 2033 prologo
1319 1989 1490 2030 Hecyrae:
1516 1985 1526 2003 ‘
1545 1986 1632 2018 Ora-

928 2049 983 2077 tor
999 2044 1042 2076 ad
1061 2054 1117 2075 vos
1139 2043 1238 2074 venio
1263 2046 1385 2073 ornatu
1414 2036 1560 2079 prologi,
1582 2036 1633 2068 Si-

927 2097 998 2127 nite
1016 2098 1180 2127 exorator
1194 2091 1280 2124 sim?
1307 2093 1384 2122 Ant.
1404 2091 1488 2129 Aug.

975 2144 1142 2184 Oratores]
1168 2145 1231 2175 Eos
1245 2142 1346 2174 nostri
1361 2141 1418 2172 alii
1440 2149 1495 2180 pro
1521 2137 1634 2178 legatis

928 2198 1096 2237 appellant.
1122 2193 1342 2235 Legendum:
1369 2192 1432 2222 Eos
1442 2189 1544 2221 nostri
1555 2188 1636 2220 alias

930 2248 972 2280 P.
989 2247 1051 2278 Ro.
1067 2247 1187 2286 legatos
1197 2244 1366 2285 appellant.
1399 2240 1517 2272 Verba
1533 2240 1634 2271 Cato-

929 2298 1002 2329 nis:
1028 2297 1078 2328 M.
1106 2295 1218 2328 Fulvio
1243 2293 1360 2326 consuli
1382 2294 1505 2331 legatus
1523 2290 1636 2321 missus

930 2359 998 2379 sum
1008 2349 1042 2379 in
1055 2346 1217 2381 AEtolz'am,
1225 2348 1388 2386 propterea
1397 2343 1476 2383 quod
1490 2351 1530 2373 ex
1543 2342 1636 2372 AEto-

930 2399 973 2431 Ζία
995 2398 1164 2437 complures
1185 2398 1352 2426 venerant:
1382 2393 1505 2424 AEtolos
1526 2401 1633 2433 pacem

929 2451 1024 2482 velle.-
1047 2450 1084 2480 de
1106 2458 1141 2479 ea
1163 2456 1196 2477 re
1217 2449 1354 2476 oratores
1371 2444 1502 2475 Romam
1514 2443 1636 2484 profec—

930 2506 998 2533 tos:
1024 2506 1080 2532 et:
1108 2499 1246 2538 Propter
1261 2498 1306 2537 id,
1331 2497 1442 2527 bellum
1457 2497 1548 2537 coepz't
1564 2496 1633 2526 Cae-

931 2553 991 2583 lius
1014 2551 1089 2583 PR.
1105 2549 1257 2582 Albanus.
1292 2548 1442 2579 Oratores
1463 2547 1551 2578 missi
1567 2547 1634 2578 Ro-

929 2613 1022 2634 mam.
1055 2602 1110 2642 Et,
1131 2610 1186 2642 pro
1202 2598 1460 2640 deprecatoribus.
1483 2598 1573 2629 Nam
1590 2607 1634 2629 ex

933 2653 1040 2695 primo
1070 2660 1189 2683 errore
1226 2650 1339 2681 labem
1373 2649 1561 2687 contraxit,
1598 2649 1636 2679 de

930 2702 1147 2736 cretatoribus.
1182 2701 1229 2734 Et
1244 2699 1399 2733 Afranii:
1424 2700 1452 2731 si
1475 2699 1549 2741 quid
1564 2708 1633 2731 ora=
