1835 2906
226 122 310 166 548

675 132 818 163 SEXTI
850 132 1054 163 POMPEII
1088 133 1225 164 FESTI

280 229 535 280 introibant,
555 241 656 270 cum
671 226 788 271 bella
808 242 896 271 non
915 233 1036 270 erant
1053 229 1232 282 indicta,
1253 232 1330 272 aut
1351 230 1443 272 sine
1459 232 1669 286 sanguine

283 297 500 339 confecta.

225 365 455 415 Ovantes,p
475 365 691 418 laetanteS,
712 365 769 406 ab
790 376 844 405 eo
867 362 1072 414 clamore,
1092 377 1226 418 quem
1252 364 1422 408 faciunt
1443 366 1669 410 redeuntes

279 445 337 474 ex
359 445 504 487 pugna
523 433 713 474 victores
734 431 894 473 milites
915 431 1132 483 geminata
1153 432 1192 473 O
1215 433 1358 475 litera.

222 499 366 541 Ovem
381 505 398 529 ¹³
420 500 661 541 masculino
681 510 840 552 genere
860 497 1078 549 dixerunt,
1099 504 1151 541 ut
1181 501 1342 542 ovibus
1365 501 1557 554 duobus,
1579 516 1666 545 non

278 566 466 609 duabus.

220 633 460 676 Oufentina
479 633 622 675 tribus
641 633 697 674 ab
720 631 915 676 Oufente
939 634 1076 677 fluvio
1097 633 1234 677 dicta.

219 702 471 745 Oufentinae
486 707 500 724 ¹⁶
531 702 671 743 tribus
695 700 823 742 initio
844 714 983 745 causa
1000 703 1082 745 fuit
1100 717 1259 745 nomen
1280 703 1473 745 fluminis
1506 704 1667 756 [FEsT.

273 770 459 820 Oufens,
481 770 601 824 quod
633 773 701 811 est
727 769 772 811 in
805 782 911 823 agro
935 771 1189 813 Privernate
1225 772 1338 814 inter
1357 785 1476 814 mare
1497 777 1540 814 et
1559 773 1665 814 Ter-

270 838 480 879 racinam.
541 837 799 879 Lucretiust
829 838 1042 881 Priverno
1075 839 1314 881 Oufentina
1345 840 1480 891 venit,
1511 840 1665 883 fluvio-

271 917 355 959 que
387 903 592 956 Oufente,
622 909 781 959 postea
814 905 972 948 deinde
1007 919 1035 948 a
1075 906 1346 948 Censoribus
1386 908 1461 949 alii
1487 921 1664 963 quoque

268 973 542 1015 diversarum
565 974 797 1015 civitatum
815 975 956 1017 eidem
978 975 1111 1017 tribui
1132 979 1236 1017 sunt
1252 976 1452 1030 ascripti.

213 1040 411 1084 Ovibuss
436 1043 609 1085 duabus
626 1046 662 1065 ²0
679 1042 974 1085 multabantur
991 1042 1110 1098 apud
1126 1043 1333 1098 antiquos
1353 1043 1399 1085 in
1419 1043 1661 1085 minoribus

813 1150 953 1164 oooooo

251 1218 293 1247 20
317 1216 514 1258 Legendum
540 1220 655 1249 monet
682 1216 769 1250 Scal.
793 1218 919 1250 duobus.

956 1150 1052 1164 ’ΜΟ

857 1314 997 1347 NOTAE

247 1393 263 1413 Ρ
290 1388 444 1430 Ovantes]
469 1388 600 1421 Plutar.
624 1388 657 1419 in
679 1388 847 1420 Marcello
862 1389 906 1420 ab

204 1449 257 1471 ore
274 1439 368 1471 ducit
383 1448 516 1471 nomen.
562 1441 706 1482 Dionys.
724 1440 780 1472 lib.
795 1451 828 1471 v.
843 1440 905 1472 ἀπὸ

202 1490 257 1527 τῆς
270 1488 415 1527 εὐάστης.
440 1490 518 1522 Ant.
536 1490 626 1530 Aug.

247 1541 386 1572 Ovantes
410 1541 449 1571 ab
475 1551 509 1572 eo
530 1541 677 1582 clamore]
702 1541 804 1574 Hanc
831 1542 903 1583 opi-

200 1590 335 1621 nionem
351 1589 479 1621 refellit
495 1591 711 1623 Plutarch.in
725 1592 903 1632 Marcello,

199 1640 318 1681 aitque
348 1640 520 1671 ovationem
545 1640 613 1671 dici
644 1641 686 1672 ab
711 1651 776 1677 ove,
802 1651 901 1683 quam

199 1695 340 1722 ovantes
357 1691 587 1723 immolabant.
633 1692 697 1723 Cui
720 1692 834 1733 potius
850 1702 901 1724 as-

201 1743 330 1773 sentior
354 1751 456 1783 quam
473 1742 660 1782 Becmano,
676 1743 732 1783 qui
752 1754 806 1774 ovo
830 1743 899 1775 dic·

198 1796 271 1823 tum
292 1796 391 1833 putat
408 1792 503 1833 quasi
527 1803 594 1833 evo,
620 1793 663 1824 ab
687 1792 795 1833 εὐάζω,
812 1803 897 1825 evan

196 1842 319 1874 clamo.
366 1842 394 1873 A
412 1841 603 1874 festivitate
620 1843 755 1875 Bacchi.
774 1843 856 1874 Duc.

239 1897 255 1919 ‘1
282 1892 393 1933 Ovem]
417 1893 505 1924 Vide
522 1893 615 1925 Gell.
632 1893 690 1925 lib.
707 1902 758 1924 ιι.
776 1903 852 1935 cap.
870 1897 900 1925 1.

196 1946 231 1974 et
247 1942 388 1974 Festum
405 1942 509 1974 verbo
526 1943 535 1960 ‘
555 1941 671 1975 Ovib.’
688 1943 768 1976 Ant.
782 1944 867 1984 Aug.

240 1993 337 2024 Ovem
363 1994 530 2024 masculino
550 1994 680 2035 genere]
704 1994 815 2025 Varro
842 2004 894 2026 re-

194 2052 268 2073 rum
283 2042 504 2075 humanarum
526 2043 582 2075 lib.
600 2052 710 2075 xxut.
743 2043 752 2061 ‘
770 2044 896 2074 Teren-

194 2093 253 2132 tio,
270 2093 406 2134 quando
423 2093 549 2125 citatus
572 2103 680 2136 neque
705 2094 895 2136 respondit,

193 2152 303 2184 neque
331 2144 502 2174 excitatus
534 2148 600 2183 est,
630 2144 662 2175 ei
694 2154 757 2185 ego
791 2154 893 2176 unum

192 2202 289 2224 ovem
306 2193 446 2224 multam
463 2193 562 2226 dico?
587 2194 669 2226 Dae.

234 2247 246 2263 ¹
272 2242 468 2283 Oufentinoe]
509 2245 695 2286 Perperam
727 2244 893 2276 Lucretius

191 2303 254 2334 pro
290 2293 456 2335 Lucitlius,
489 2300 528 2326 ut
565 2295 657 2336 apud
693 2294 892 2326 Varronem.

191 2344 261 2375 Jos.
280 2344 363 2376 Scul.

237 2394 419 2433 Oufentinae
445 2395 558 2436 tribus]
592 2396 780 2437 Perperam
806 2395 894 2427 infra

189 2442 354 2476 Lucretius
384 2455 446 2486 pro
476 2447 626 2479 Lucilius.
669 2447 795 2479 Verum
829 2451 894 2487 est,

190 2493 280 2533 quod
295 2494 352 2536 ait,
376 2498 457 2529 alios
473 2497 583 2530 eidem
601 2497 706 2530 tribui
727 2498 893 2538 ascriptos

188 2541 305 2579 fuisse,
321 2554 398 2577 nam
414 2553 592 2579 crescente
609 2548 653 2579 ob
669 2557 774 2580 novos
795 2548 887 2580 cives

188 2591 384 2634 frequentia
400 2597 507 2628 tribus
526 2597 714 2630 Oufentina
730 2608 804 2630 cum
824 2599 887 2630 Fa-

189 2642 297 2674 lerina
321 2643 386 2676 fuit
416 2646 534 2678 addita
559 2658 578 2679 a
611 2648 817 2680 Censoribus
850 2649 888 2680 L.

192 2692 332 2734 Papirio
359 2695 480 2727 crasso
507 2701 543 2729 et
570 2697 611 2730 C.
641 2698 780 2731 Moeuio.
812 2698 887 2730 Liv.

961 1390 1044 1420 Dae.

1002 1444 1013 1458 ·
1038 1438 1170 1479 Ovibus]
1204 1438 1291 1470 Vide
1315 1438 1323 1455 ‘
1342 1437 1498 1469 Multam’
1520 1443 1555 1470 et
1578 1438 1587 1456 ‘
1602 1438 1657 1470 ΖΕ·

959 1488 1119 1520 stimatass
1142 1490 1219 1521 Ant.
1236 1489 1322 1529 Aug.

1004 1539 1135 1580 Ovibus]
1171 1541 1262 1580 Lege
1288 1539 1416 1579 duobus,
1438 1548 1504 1570 non
1528 1539 1657 1571 duabus.

957 1590 1025 1622 Sed
1044 1590 1198 1631 profecto
1215 1591 1247 1621 in
1262 1591 1311 1621 liis
1326 1590 1462 1631 requiro
1472 1590 1564 1622 Festi
1582 1590 1656 1621 dili-

957 1641 1119 1682 gentiam,
1135 1641 1191 1682 qui
1210 1641 1244 1671 in
1259 1640 1442 1671 minoribus
1459 1640 1655 1672 criminibus

955 1692 1066 1723 ovium
1083 1691 1239 1727 duorum,
1254 1691 1286 1721 in
1309 1691 1493 1732 majoribus
1516 1690 1658 1731 triginta

956 1741 1055 1773 boum
1072 1743 1212 1772 multam
1235 1740 1340 1772 fuisse
1364 1740 1472 1772 dixit:
1496 1749 1570 1772 cum
1587 1740 1655 1772 duo

954 1801 1033 1823 oves
1050 1787 1222 1833 nunquam
1233 1796 1474 1831 separarentur
1486 1799 1505 1821 a
1517 1790 1656 1830 triginta

953 1840 1077 1881 bubus,
1100 1850 1211 1882 neque
1239 1845 1357 1872 contra
1381 1840 1484 1871 boves
1512 1839 1554 1871 ab
1588 1840 1657 1872 ovi-

952 1893 1026 1925 bus.
1057 1894 1204 1924 Tantum
1220 1892 1329 1932 abest,
1354 1897 1393 1923 ut
1415 1892 1449 1923 in
1474 1891 1580 1922 multa
1603 1891 1654 1922 di-

952 1943 1060 1975 cenda
1076 1943 1178 1975 boves
1191 1947 1270 1974 ante
1285 1952 1364 1974 oves
1387 1942 1558 1973 nominare
1575 1941 1654 1973 reli-

953 1993 1009 2035 gio
1022 1998 1123 2025 esset.
1148 1993 1260 2026 Quare
1273 1993 1306 2024 in
1321 1992 1504 2034 majoribus
1517 1991 1652 2023 delictis

953 2043 1059 2074 multa
1076 2047 1150 2074 erat
1166 2043 1278 2074 ovium
1295 2042 1450 2078 duorum,
1472 2041 1573 2073 boum
1593 2041 1652 2072 tri-

953 2094 1069 2134 ginta;
1093 2098 1127 2125 et
1151 2093 1330 2124 dicebatur
1346 2092 1503 2130 maxima,
1519 2091 1573 2123 vel
1597 2100 1650 2122 su-

949 2154 1086 2184 prema:
1126 2135 1158 2174 in
1196 2142 1381 2174 minoribus
1414 2141 1549 2173 delictis
1578 2143 1650 2173 ovis

948 2195 1070 2232 unius3
1107 2198 1142 2225 et
1166 2203 1238 2225 eam
1265 2193 1435 2224 minimam
1465 2192 1648 2225 vocabant.

948 2244 1014 2275 Vel
1033 2249 1209 2285 postquam
1228 2243 1390 2275 aestimari
1408 2243 1526 2284 coepit,
1543 2242 1650 2273 maxi-

948 2305 1002 2326 ma
1015 2304 1054 2326 ac
1070 2304 1227 2335 suprema
1242 2294 1349 2325 multa
1371 2294 1472 2324 trium
1496 2293 1649 2329 millium,

946 2354 985 2377 ac
1003 2345 1162 2385 vicessis;
1185 2344 1337 2383 minima,
1354 2344 1430 2375 aeris
1441 2343 1532 2375 deni.
1555 2344 1647 2376 Quo-

946 2396 1046 2427 modo
1073 2395 1177 2436 igitur
1202 2395 1323 2426 Festus
1352 2394 1407 2425 hic
1442 2393 1565 2425 oblitus
1596 2393 1647 2424 sui

946 2451 1068 2479 contra
1084 2445 1290 2478 sententiam
1306 2455 1412 2485 suam,
1425 2445 1488 2476 hoc
1505 2444 1647 2484 scripse-

947 2498 1002 2538 rit,
1016 2497 1073 2539 qui
1089 2497 1186 2528 aliter
1209 2496 1242 2527 in
1272 2496 1373 2527 verbo
1397 2496 1406 2513 ‘
1421 2493 1550 2526 Multa'
1569 2503 1645 2535 pro-

947 2550 1145 2588 nuntiasset,
1158 2546 1270 2579 mirari
1283 2547 1409 2588 potius,
1427 2555 1525 2587 quam
1543 2546 1644 2576 ratio-

942 2608 1018 2630 nem
1044 2598 1186 2630 reddere
1212 2607 1358 2638 possum.
1393 2597 1502 2627 Deest
1529 2600 1643 2627 autem

941 2657 1100 2679 numerus
1132 2648 1165 2679 in
1190 2647 1314 2679 bubus:
1337 2646 1370 2677 in
1387 2645 1570 2687 maj0ribus
1587 2655 1643 2677 au·

944 2702 1011 2730 tem
1024 2706 1118 2730 xxx.
1136 2697 1248 2730 boum.
1272 2697 1342 2729 Jos.
1356 2695 1440 2729 Scal.
