1835 2906
377 138 437 167 DE
472 133 741 166 VERBORUM
775 129 1184 162 SlGNlFlGATIONE
1219 130 1313 160 LlB.
1348 130 1443 160 X11.

1558 117 1639 159 491

202 230 400 273 Novalem
438 235 612 286 agrum‘
656 227 788 270 AElius
830 224 992 271 Gallus,
1034 231 1071 265 et
1111 222 1285 278 Opilius,
1325 224 1418 264 item
1479 223 1644 277 [FEST.

254 298 465 349 Aurelius,
487 312 575 338 eum
596 297 713 337 aiunt
748 308 825 337 esse
855 307 971 350 quem
1001 291 1139 333 Graecz'
1178 293 1264 333 νειὸν
1289 292 1442 342 dicunt,
1464 291 1520 331 ad
1538 290 1647 345 quod

256 366 436 407 Homero
466 379 622 420 quoque
652 371 746 405 teste
775 369 963 412 utuntur,
987 359 1058 416 qui
1087 359 1192 400 dixit
1222 361 1319 400 νειοῖο
1351 359 1496 411 βαθείης
1514 357 1647 398 τέλσον

258 432 412 474 ἱκέσθαι.
466 433 548 475 Sed
601 431 793 481 Cincius,
837 443 940 472 eum
970 441 1069 471 esse
1110 428 1187 469 ubi
1220 426 1343 483 gleba
1380 426 1554 481 procissa
1593 424 1649 466 ad

256 515 401 542 novam
418 506 650 543 sementem
672 500 732 541 sit
747 499 908 540 relicta.

206 568 340 610 Nauti
361 568 601 621 consulatu‚³
619 575 657 609 et
678 567 732 609 Τ.
755 566 895 608 Sicini
923 562 1087 606 Volsci
1104 560 1262 617 populi,
1291 575 1378 602 cum
1400 567 1518 601 atrox
1542 573 1649 613 prce-

260 637 361 678 lium
390 637 577 678 inissent
611 636 823 677 adversus
848 631 1070 682 Romanos,
1104 629 1280 671 Tribuni
1318 626 1419 669 Mil.
1453 626 1497 668 in
1532 625 1651 666 Circo

258 705 479 747 combusti
498 704 707 753 seruntur,
728 707 765 743 et
785 699 931 756 sepulti
951 700 993 741 in
1014 696 1214 753 crepidine
1242 710 1342 752 quae
1364 700 1430 737 est
1450 694 1652 750 proximo

261 773 440 823 Circum,
462 771 532 827 qui
559 770 666 812 loeus
681 775 822 825 postea
844 768 940 825 fuit
973 767 1123 822 lapide
1155 766 1259 808 albo
1282 767 1551 812 constratus,
1583 760 1653 815 qui

256 854 333 894 pro
355 854 436 895 rep.
460 840 502 880 in
521 853 563 881 eo
578 838 722 894 praelio
744 838 962 880 occubuere
984 836 1138 891 Opiter
1162 833 1399 888 Verginius
1424 828 1624 871 Tricostus
1644 843 1651 865 τ

852 989 996 1024 NOTAE

207 1116 213 1123 .
230 1116 237 1124 .
253 1116 260 1124 .
276 1101 342 1124 non
358 1101 515 1133 agnosco.
561 1089 699 1123 Credidi
721 1088 903 1131 aliquando

207 1142 312 1173 fuisse
337 1143 410 1173 liaec
436 1142 570 1173 nomina
599 1150 714 1172 eorum
745 1140 904 1179 virorum,

206 1192 263 1233 qui
279 1193 368 1223 intra
385 1193 500 1223 urbem
515 1192 655 1232 sepulti,
670 1191 723 1222 vel
739 1189 906 1222 combusti

206 1247 300 1281 sunt,
329 1243 418 1284 quod
445 1243 478 1273 in
505 1245 557 1273 12.
582 1242 653 1274 tab.
677 1242 711 1272 id
734 1241 905 1282 reperitur

205 1292 411 1333 prohibitum
426 1303 434 1323 ε
459 1292 539 1324 ethi
555 1297 633 1324 ante
651 1295 701 1324 12.
718 1291 826 1323 fuere.
851 1291 906 1323 Ci-

207 1351 286 1374 cero
310 1343 368 1374 lib.
391 1352 433 1374 11.
455 1342 497 1374 de
524 1342 687 1384 Legibus,
716 1352 792 1374 cum
822 1341 906 1374 reci-

207 1397 314 1424 tasset
336 1393 419 1434 legis
445 1393 571 1425 verba:
596 1393 800 1424 ‘Hominem
819 1401 906 1424 mor·

208 1447 303 1474 tuum
320 1443 352 1474 in
364 1443 448 1475 urbe
462 1452 504 1474 ue
517 1443 676 1484 sepelite,
687 1452 772 1474 neve
785 1442 874 1473 urito
886 1441 906 1472 :'

208 1492 345 1533 ‘Quid‚’
373 1493 491 1534 inquit,
518 1493 596 1534 ‘qui
623 1496 701 1533 post
726 1491 906 1523 duodecim

209 1544 244 1575 in
274 1543 358 1575 urbe
383 1544 509 1585 sepulti
536 1544 634 1575 sunt?
673 1544 791 1575 Claros
818 1543 907 1574 viros

207 1594 310 1626 credo
324 1595 361 1626 T.
378 1593 505 1633 fuisse3
528 1599 588 1626 aut
609 1603 678 1633 eos,
702 1594 821 1636 quibus
844 1594 908 1625 hoc

210 1649 289 1676 ante
306 1645 390 1676 hanc
407 1645 516 1685 legem
536 1645 669 1677 virtutis
685 1654 787 1677 causa
802 1645 908 1676 tribu-

209 1699 281 1726 tum
305 1698 368 1735 est,
391 1700 428 1727 ut
452 1695 654 1732 Publicolae,
679 1700 715 1727 ut
729 1695 907 1734 Tubert03

211 1745 300 1787 quod
318 1755 433 1777 eorum
455 1746 585 1787 posteri
605 1746 686 1787 jure
702 1749 908 1784 tenuerunt3

211 1800 270 1826 aut
284 1805 353 1835 eos,
376 1796 403 1826 si
427 1797 485 1837 qui
506 1796 582 1832 hoc,
599 1800 636 1827 ut
658 1796 696 1827 C.
720 1795 910 1835 Fabricius,

213 1846 349 1877 virtutis
366 1855 468 1877 causa
491 1846 666 1878 consecuti
681 1846 783 1879 sunt.'
827 1847 910 1878 Plu·

212 1900 275 1927 tar.
291 1896 325 1927 in
336 1896 508 1928 Problem.
526 1896 730 1938 Publicolae,
742 1902 777 1929 et
794 1897 908 1929 Fabri-

212 1946 255 1977 cii
279 1945 454 1984 meminit3
476 1947 535 1977 sed
562 1945 707 1978 affirmat
725 1948 910 1988 triumpha-

211 1995 299 2027 libus
316 2006 526 2033 concessum,
545 2001 583 2028 ut
598 2006 675 2028 ossa
690 2007 806 2029 eorum
823 1998 912 2029 intra

213 2045 331 2077 urbem
369 2045 495 2078 deferri
530 2052 681 2088 possent.
732 2048 799 2080 Sed
832 2048 911 2090 quid

214 2097 300 2128 certi
326 2096 384 2136 sit,
405 2097 564 2138 judicent
591 2097 783 2130 doctiores:
806 2100 912 2130 illurn·

214 2157 279 2188 que
296 2148 407 2179 locum
427 2151 593 2188 quaerant,
610 2149 760 2189 proxime
777 2149 913 2188 circum,

216 2198 273 2239 qui
297 2199 340 2229 sit
363 2197 478 2238 lapide
505 2197 582 2229 albo
609 2202 811 2231 constratus.
833 2199 914 2231 Ant.

215 2248 302 2286 Aug.

260 2297 409 2337 Navalis]
430 2299 541 2329 Deest
561 2299 670 2338 prima
685 2298 784 2331 linea.
809 2300 917 2330 Novu-

219 2350 277 2379 lem
304 2357 415 2387 agrum
437 2347 574 2383 Quintus
601 2348 728 2379 Mucius
757 2359 826 2379 eum
854 2358 918 2380 esse

219 2399 296 2437 volt,
311 2398 364 2438 qui
378 2399 419 2428 ad
433 2407 542 2428 novum
552 2401 717 2429 sementem
729 2399 773 2429 sit
783 2399 919 2430 relictus.

220 2449 306 2481 Quae
319 2453 519 2489 sequuntur,
533 2447 726 2488 fragmenta
742 2453 828 2489 sunt,
840 2459 918 2490 qua·

219 2499 251 2529 le
267 2497 355 2539 quod
369 2507 471 2536 supra
486 2497 632 2538 positum
648 2502 700 2529 est
711 2505 787 2539 post
803 2501 812 2516 ‘
825 2499 917 2530 Nau-

220 2547 370 2581 tiorum.'
415 2549 477 2579 Est
492 2553 606 2580 autem
619 2548 725 2580 ferme
742 2551 810 2581 ita:
837 2550 916 2581 Con-

222 2600 325 2631 sulatu
353 2599 389 2631 T.
414 2599 529 2638 Sicini,
556 2599 657 2631 Volsci
682 2609 750 2631 cum
774 2600 920 2640 proelium

223 2651 355 2682 inissent
370 2650 543 2686 adversum,
558 2649 691 2690 victique
711 2654 823 2690 essent,
840 2660 921 2682 com-

226 2701 308 2733 busti
327 2701 478 2738 seruntur
513 2700 548 2732 in
581 2700 745 2742 crepidine,
783 2711 850 2741 (Juae
877 2706 922 2734 est

951 1087 1092 1129 proxime
1121 1086 1249 1123 circum,
1278 1082 1331 1125 qui
1359 1083 1441 1113 locus
1464 1079 1565 1121 lapide
1589 1078 1656 1109 albo

954 1140 1128 1170 constratus
1140 1140 1198 1176 est,
1213 1138 1265 1176 &a
1312 1133 1410 1166 Quod
1428 1132 1656 1170 fragmentum

954 1187 1099 1218 forsitan
1115 1186 1314 1218 distractum
1331 1189 1385 1216 est
1401 1194 1421 1214 a
1437 1179 1656 1213 Novendiali=

954 1237 1017 1269 bus
1033 1237 1138 1269 feriis,
1161 1238 1234 1267 Jos.
1249 1235 1335 1266 Scal.

999 1291 1010 1307 Υ
1032 1288 1182 1318 Novalem
1197 1286 1323 1327 agrum]
1349 1284 1449 1316 Prior
1463 1291 1540 1324 pars
1557 1281 1657 1322 hujus

956 1338 1087 1369 lacuuae
1118 1336 1313 1368 adhaeserat
1350 1340 1427 1377 post
1455 1342 1594 1364 novercae
1625 1332 1659 1362 in

957 1387 1042 1419 edit.
1106 1387 1275 1428 Scaligeri
1304 1390 1340 1417 et
1371 1385 1455 1416 aliis.
1517 1382 1661 1415 Novalis

957 1446 1049 1478 ager,
1066 1437 1124 1480 qui
1141 1441 1175 1469 et
1190 1437 1309 1476 novale,
1322 1435 1454 1467 Graecis
1478 1432 1587 1472 νέωμα,
1615 1443 1662 1462 νε-

959 1487 1043 1523 ατὺς,
1068 1487 1145 1522 νεὸς,
1172 1486 1263 1526 νειὸς,
1289 1490 1324 1517 et
1346 1485 1472 1516 dicitur
1498 1492 1589 1524 ager,
1604 1482 1661 1523 qui

960 1539 1113 1570 aratione
1130 1542 1287 1576 novatus,
1311 1545 1375 1566 nec
1391 1535 1469 1565 dum
1486 1539 1578 1564 satus
1595 1536 1661 1571 est,

961 1587 1020 1619 sed
1036 1597 1098 1628 per
1114 1597 1238 1618 annum
1253 1590 1384 1618 cessat:
1411 1585 1505 1616 locus
1517 1582 1661 1615 Homeri

959 1647 1059 1680 quem
1075 1637 1192 1669 laudat
1211 1637 1344 1671 Festus,
1369 1639 1422 1666 est
1444 1644 1487 1665 ex
1507 1633 1608 1665 Iliad.
1625 1635 1662 1664 Σ.

964 1689 973 1706 ‘
990 1688 1129 1720 Novalis
1146 1687 1308 1728 profundi
1323 1685 1365 1718 ad
1382 1683 1562 1717 terminum
1586 1691 1663 1724 per-

961 1738 1101 1771 venire.'
1124 1738 1206 1770 Dac-

1004 1794 1016 1809 ⁵
1039 1789 1143 1821 Ναυῆ
1157 1788 1333 1829 consulatu]
1356 1785 1456 1820 Quod
1479 1785 1527 1816 ait
1542 1784 1664 1815 Festus

963 1841 1068 1872 Nautz'
1097 1840 1257 1871 consulatu
1284 1842 1315 1870 et
1349 1837 1385 1869 Τ.
1417 1835 1520 1867 Sicini
1535 1845 1547 1872 ;
1581 1843 1664 1865 cave

962 1892 1083 1923 credas
1108 1890 1276 1922 Nautium
1301 1893 1338 1921 et
1366 1887 1516 1919 Sicinum
1546 1885 1666 1917 eodem

961 1951 1049 1974 anno
1081 1941 1175 1973 Coss.
1200 1939 1328 1971 fuisse:
1352 1948 1428 1970 nam
1456 1937 1576 1968 falsum
1600 1939 1666 1967 est.

963 1992 1080 2025 Annos
1104 1992 1188 2023 duos
1214 1991 1267 2022 hic
1297 1990 1418 2020 Festus
1439 1987 1670 2028 amplectitur,

962 2042 1092 2082 Priori,
1103 2043 1166 2073 hoc
1181 2046 1247 2081 est,
1265 2049 1352 2072 anno
1368 2040 1409 2070 ab
1423 2037 1517 2069 Urbe
1530 2036 1669 2068 condita

964 2097 1039 2125 266.
1072 2092 1214 2134 Spurius
1230 2090 1380 2123 Nautius
1397 2089 1532 2120 Rutilus
1549 2088 1668 2118 consul

964 2144 1041 2181 fuit,
1057 2154 1133 2175 cuni
1150 2144 1255 2175 Sexto
1267 2141 1368 2173 Furio
1386 2139 1586 2171 Medullino.
1622 2138 1670 2169 Et

966 2206 1007 2227 eo
1026 2205 1113 2227 anno
1138 2193 1298 2225 adversus
1313 2191 1455 2223 Volscos
1484 2192 1670 2230 pugnatum

967 2251 1030 2278 est.
1077 2245 1207 2276 Verum
1229 2252 1316 2274 anno
1341 2240 1495 2282 sequenti
1519 2239 1558 2271 T.
1585 2238 1669 2269 Sici-

966 2298 1042 2329 nius
1064 2295 1209 2327 Sabinus
1229 2303 1304 2325 cum
1330 2293 1369 2323 C.
1393 2290 1532 2332 Aquilio
1558 2289 1671 2320 Tusco

969 2347 1184 2379 consulatum
1201 2342 1361 2382 obtinuit,
1373 2346 1408 2373 et
1419 2340 1565 2372 Sicinius
1575 2339 1672 2370 Vols·

970 2408 1028 2430 cos
1057 2396 1198 2435 devicit,
1228 2394 1339 2434 deque
1367 2393 1406 2423 iis
1435 2389 1672 2430 triumphavit.

972 2449 1060 2480 Vide
1078 2447 1151 2478 Liv.
1167 2445 1223 2476 lib.
1239 2453 1280 2475 11.
1298 2448 1333 2474 et
1349 2443 1493 2482 Dionys.
1516 2440 1573 2472 lib.
1589 2448 1673 2471 vm.

974 2499 1014 2530 In
1027 2496 1245 2539 sequentibus
1260 2493 1445 2525 notandum
1459 2497 1511 2523 est
1527 2500 1599 2531 eos,
1616 2490 1674 2532 qui

974 2559 1034 2590 pro
1051 2546 1171 2588 repub.
1188 2545 1431 2583 occubuerant,
1447 2542 1538 2574 intra
1554 2541 1674 2573 urbem

975 2598 1138 2639 sepultos,
1151 2594 1241 2637 quod
1256 2599 1290 2626 et
1306 2593 1388 2625 alibi
1403 2593 1605 2624 notavimus.
1628 2592 1674 2623 Et

975 2649 1128 2689 sepultos
1153 2646 1257 2678 etiam
1279 2644 1370 2686 alibi,
1386 2653 1485 2686 quam
1511 2642 1567 2675 ubi
1583 2651 1673 2676 com=

977 2699 1080 2732 busti.
1104 2698 1200 2730 Idem.
