1835 2906
393 107 457 137 DE
490 104 762 138 VERBORUM
795 104 1207 137 SIGNIFICA'l'lONE
1242 107 1334 138 1218.
1366 108 1482 139 Xlll.
1568 99 1653 141 537

191 199 428 254 Orchitis,d
466 215 604 256 genus
641 202 754 245 oleae
790 216 847 245 ex
883 201 1046 245 Graeco
1084 204 1272 255 dictum,
1309 205 1426 260 quod
1470 205 1599 260 [PAU
1610 217 1653 246 [1.

247 271 549 324 magnitudine
569 271 625 312 sit
644 272 785 313 instar
806 271 1125 314 testiculorum.

197 337 410 380 Orchitine
431 338 574 380 Accius
595 339 859 394 Philologus
880 341 923 382 in
940 339 1191 382 collectaneis
1206 341 1268 382 ait
1285 356 1362 383 esse
1382 356 1451 398 ge·
1483 342 1652 394 [FES'r.

248 421 324 447 nus
341 405 470 448 Oleae:
491 407 671 450 ductum
688 422 748 450 ex
765 408 927 452 Graeco
949 407 1086 465 ὄρχεις,
1111 409 1220 465 quod
1238 410 1516 452 testiculorum
1538 425 1654 466 mag-

249 474 488 518 nitudinis:
521 477 674 532 itaque
696 476 838 519 vocari
853 492 900 518 ex
921 492 964 519 eo
991 477 1206 521 Orclzz'tim.
1255 509 1264 518 .

251 617 297 654 to
320 613 562 667 grandiore.

195 681 364 723 Orchus
396 683 452 724 ab
474 683 668 736 urgendo
699 687 884 725 mortem
908 683 1072 727 dictus.

1131 685 1167 728 C
1190 686 1307 728 enim
1331 699 1411 740 pro
1473 685 1655 739 [PAUL-

251 750 292 792 G
313 751 558 805 frequenter
574 753 798 807 ponebant
819 754 1005 808 antiqui.

194 817 419 861 Orcum†f
446 833 580 874 quem
611 821 814 872 dicimus,
845 822 910 863 ait
930 822 1117 865 Verrius
1143 824 1198 865 ab
1232 824 1427 880 antiquis
1487 823 1655 879 [FEs'r‚

251 888 413 930 dictum
448 889 661 944 Uragum,
694 891 815 946 quod
848 895 892 933 et
925 891 969 933 U
1003 893 1144 935 literae
1165 906 1319 935 sonum
1341 907 1422 947 pro
1446 892 1484 933 O
1505 892 1658 935 effere-

251 958 375 1009 bant,
398 962 442 1000 et
461 972 537 1013 per
558 972 582 1001 c
604 959 744 1002 literae
777 960 979 1013 formam,
1011 963 1298 1004 nihilominus
1320 977 1347 1017 g
1368 963 1657 1016 usurpabant.

253 1026 334 1068 sed
355 1027 462 1069 nihil
483 1027 611 1069 affert
630 1029 984 1083 exemplorum,¹⁶
1013 1035 1062 1072 ut
1082 1031 1145 1073 ita
1165 1044 1261 1074 esse
1285 1031 1544 1084 credamus3
1573 1031 1659 1072 nisi

253 1097 372 1150 quod
395 1097 435 1138 is
457 1097 582 1138 Deus
603 1110 686 1138 nos
707 1098 900 1139 maxime
917 1104 1084 1153 urgeat.

197 1164 508 1207 ordinarium&
539 1164 755 1207 hominem
778 1165 954 1221 Oppius
976 1169 1038 1210 ait
1059 1168 1149 1210 dici
1180 1169 1356 1210 solitum
1387 1182 1594 1220 scurram,
1617 1171 1661 1210 et

808 1275 1052 1294 ‹ermeno-en

240 1338 252 1367 ἢ
278 1332 367 1364 Scal.
396 1332 430 1363 in
458 1341 564 1373 marg.
589 1332 724 1365 notavit
753 1333 827 1366 haec
856 1334 960 1366 verba
985 1344 1062 1367 esse
1090 1333 1198 1376 Festi,
1224 1333 1284 1366 sed
1313 1343 1378 1365 non
1403 1333 1437 1365 in
1462 1338 1533 1366 vet.
1556 1334 1661 1366 lib.—

198 1377 238 1407 16
261 1376 339 1408 Vet.
356 1375 415 1407 lib.
434 1376 579 1417 exempli.

860 1453 1002 1486 NOTAE

196 1527 272 1559 bitu
297 1527 443 1560 riciniati
464 1527 562 1566 dicti,
587 1532 625 1560 ut
642 1528 694 1561 hic
712 1529 851 1571 Festus,
867 1535 903 1563 et

197 1578 287 1609 infra
303 1579 336 1609 in
361 1580 371 1596 ‘
385 1579 551 1611 recinium
567 1579 593 1609 :'
616 1581 625 1598 ‘
639 1580 728 1612 unde
745 1582 902 1614 reciniati

196 1629 288 1660 mimi
301 1629 524 1670 planipedes.’
548 1631 632 1662 Dac.

239 1679 255 1699 ⁴¹
280 1680 438 1722 Orchitz's]
466 1679 588 1713 Ateius
616 1681 816 1724 Philologus
840 1683 900 1715 hu-

192 1729 250 1770 jus
263 1731 431 1771 opinionis
447 1736 568 1764 auctor
583 1733 720 1767 citatur.
774 1734 902 1766 Cetera

197 1781 293 1813 Festi
331 1783 437 1814 verba.
467 1793 510 1814 ex
539 1784 688 1824 epitome
716 1784 902 1826 intelliges.

198 1833 255 1865 De
272 1834 402 1865 orchite
418 1834 518 1876 Virg.
535 1835 595 1867 lib.
611 1844 654 1867 ιι.
671 1836 901 1878 Georg.Plin.

199 1884 259 1916 lib.
275 1894 337 1917 xv.
355 1895 430 1926 cap.
450 1889 480 1918 l.
496 1891 531 1918 et
545 1889 575 1918 3.
597 1886 677 1919 Ant.
689 1887 775 1928 Aug.

244 1941 257 1957 e
282 1937 444 1979 Orchitz'n]
468 1938 577 1970 Deest
601 1943 732 1971 tantum
761 1939 794 1970 in
811 1939 900 1971 fine:

199 1989 310 2029 Itaque
320 1989 425 2020 vocari
435 1999 475 2021 ex
483 1999 517 2020 eo
534 1989 691 2021 Orchitz'm
706 1990 802 2022 oleam
812 1990 903 2022 solito

196 2040 420 2079 grandiorem.'
463 2041 517 2072 De
547 2041 679 2073 orchite
710 2041 833 2081 Virgil.
863 2051 904 2075 n.

200 2091 327 2131 Georg.
350 2092 359 2108 ‘
373 2091 533 2123 Orchites
562 2096 598 2123 et
622 2091 709 2123 radii
730 2096 766 2123 et
788 2102 904 2124 amara

199 2143 319 2183 pausia
333 2142 462 2174 bacca!
506 2142 607 2174 Unde
632 2143 725 2175 Plin.
750 2143 810 2175 lib.
840 2153 902 2177 XV.

200 2203 278 2234 cap.
309 2196 339 2226 1.
363 2194 523 2226 ‘Genera
543 2195 693 2226 olearum
721 2195 789 2227 tria
817 2195 906 2227 dixit

201 2244 380 2286 Virgilius,
393 2246 552 2282 orchites,
565 2246 688 2286 radios,
699 2250 734 2278 et
744 2246 904 2288 pausias.’

202 2296 402 2328 Notandum
426 2301 541 2328 autem
557 2302 593 2328 et
606 2297 695 2338 apud
713 2298 852 2329 Festum
870 2302 905 2330 et

203 2346 293 2388 apud
318 2347 467 2378 Plinium
493 2357 555 2388 pro
581 2347 671 2378 oliva
691 2348 800 2379 oleam
814 2349 906 2390 poni,

201 2398 296 2439 cujus
312 2397 361 2429 rei
378 2399 534 2438 exempla
562 2408 597 2429 se
617 2397 816 2430 desiderare
839 2398 906 2432 fas-

201 2458 258 2480 sus
275 2454 328 2480 est
345 2448 483 2480 doctiss.
497 2449 646 2480 Vossius.
670 2450 756 2482 Dae.

245 2498 257 2520 s
274 2501 406 2542 Orcum]
433 2500 527 2541 Lege
552 2509 628 2531 cum
646 2500 775 2541 Lipsio,
798 2500 836 2532 ab
849 2511 905 2533 ‹m-

206 2551 302 2592 liquz's
324 2551 443 2582 dictum
465 2559 596 2589 argum:
634 2550 683 2581 ait
707 2551 798 2582 enim
818 2552 905 2583 Ver-

205 2603 273 2633 rius
290 2601 333 2633 ab
349 2601 504 2641 urgendo
518 2611 632 2640 argum
646 2601 787 2642 dictum,
813 2607 906 2643 post-

205 2662 279 2692 eag
294 2656 423 2684 mutato
439 2652 472 2683 in
485 2661 513 2692 c,
529 2661 655 2690 urcum;
671 2656 706 2683 et
718 2662 738 2683 u
751 2654 785 2684 in
801 2663 830 2693 o,
857 2663 907 2684 or-

204 2713 284 2741 cum,
307 2702 398 2746 quod
426 2702 468 2735 ad
492 2707 636 2735 mortem
660 2708 795 2744 urgeat.
838 2704 907 2737 Sed

957 1531 1013 1563 hic
1025 1532 1148 1563 merito
1159 1531 1323 1562 Veterum
1337 1529 1663 1562 testimoniaFestus

958 1584 1144 1624 desiderat,
1173 1582 1389 1614 verisimilius
1422 1582 1528 1623 igitur
1557 1592 1664 1613 orcum

957 1643 1032 1666 esse
1069 1645 1088 1666 a
1126 1634 1252 1666 Graeco
1290 1632 1393 1673 ὅρκος,
1415 1632 1663 1674 juramentum,

956 1684 1245 1726 quodjuramenti
1260 1685 1357 1716 Deus
1374 1684 1420 1716 sit
1434 1683 1559 1725 Orcus,
1582 1684 1665 1715 Plu-

956 1739 1004 1767 to.
1029 1737 1128 1768 Idem.

999 1792 1015 1815 s
1040 1787 1266 1828 Ordinarium]
1291 1785 1390 1818 Infra
1410 1785 1510 1818 deest
1526 1790 1662 1818 tantum

958 1848 1079 1870 nomen
1091 1838 1245 1870 Catonis.
1295 1838 1374 1869 Cato
1394 1838 1427 1869 in
1451 1848 1487 1869 ea
1511 1838 1665 1878 oratione,

956 1892 1010 1931 &a
1053 1889 1122 1921 Sed
1138 1888 1243 1920 verba
1259 1889 1397 1920 Catonis
1416 1890 1504 1921 male
1528 1890 1666 1931 accepit

956 1941 1093 1981 Festus,
1108 1938 1206 1971 facile
1223 1940 1311 1971 enim
1329 1950 1371 1970 ex
1385 1939 1422 1972 iis
1433 1940 1547 1981 colligi
1565 1950 1666 1981 posse

958 1992 1097 2024 videtur
1112 1992 1308 2023 ordinarium
1323 1992 1492 2024 nominem
1510 1992 1591 2032 dici,
1609 1992 1665 2034 qui

958 2053 1020 2085 per
1042 2053 1159 2075 omnes
1183 2043 1318 2074 ordines
1341 2043 1513 2084 stipendia
1528 2043 1667 2075 meruit.

959 2094 1051 2126 Gall.
1081 2095 1144 2130 Qui
1167 2097 1213 2125 est
1237 2093 1298 2125 alle
1320 2095 1358 2125 de
1372 2094 1470 2133 degi-e
1496 2103 1533 2125 en
1554 2093 1667 2134 Aegre,

958 2145 1013 2185 qui
1037 2156 1055 2176 a
1075 2145 1125 2176 ete
1148 2145 1255 2185 simple
1270 2146 1381 2180 selduc,
1403 2149 1435 2176 et
1456 2155 1476 2176 α
1495 2145 1587 2186 passe
1607 2155 1667 2185 par

960 2196 1071 2236 degres
1088 2197 1166 2227 dans
1181 2199 1281 2227 tontes
1296 2196 1340 2226 les
1352 2196 1481 2235 charges
1493 2206 1503 2226 .·
1527 2196 1580 2226 vel
1607 2205 1666 2236 po-

961 2248 1040 2288 tius,
1061 2248 1094 2278 in
1110 2248 1218 2278 ordine
1233 2247 1425 2287 meruissem,
1442 2257 1504 2288 pro
1521 2247 1617 2278 miles
1632 2247 1667 2278 in

960 2299 1093 2339 legione
1110 2303 1241 2329 tantum
1258 2296 1396 2329 fuissem
1412 2308 1419 2328 :
1447 2297 1482 2328 id
1505 2298 1595 2329 enim
1613 2301 1668 2329 est

960 2349 994 2381 in
1010 2349 1117 2380 ordine
1133 2358 1251 2380 merere
1263 2348 1417 2380 Frontin.
1433 2348 1492 2380 lib.
1508 2358 1558 2380 1v.
1573 2348 1667 2380 Stra-

960 2403 1027 2441 tag.
1044 2410 1120 2441 cap.
1137 2403 1166 2431 1.
1187 2401 1197 2417 ‘
1212 2400 1254 2432 Q.
1271 2400 1435 2431 Metellus
1450 2400 1527 2432 Cos.
1550 2410 1667 2442 quam-

960 2451 1011 2482 vis
1029 2451 1122 2482 nulla
1140 2451 1214 2491 lege
1233 2450 1470 2491 impediretur,
1498 2451 1579 2492 quin
1603 2450 1667 2482 fili-

959 2511 1015 2532 um
1033 2501 1314 2532 contubernalem
1331 2506 1536 2543 perpetuum
1563 2502 1666 2533 habe-

961 2556 1028 2591 ret,
1044 2552 1163 2583 maluit
1178 2558 1291 2583 tamen
1308 2561 1384 2583 eum
1401 2553 1435 2584 in
1450 2552 1571 2585 ordine
1597 2562 1666 2584 me-

962 2605 1065 2635 rere.’
1108 2603 1198 2634 Nam
1228 2602 1318 2634 idem
1343 2603 1445 2644 paulo
1472 2609 1565 2644 post,
1588 2614 1666 2635 eum

964 2653 1020 2695 qui
1047 2653 1081 2684 in
1097 2652 1218 2684 ordine
1239 2653 1406 2694 merebat,
1431 2658 1533 2685 vocat
1555 2654 1667 2685 ‘mili-

963 2709 1032 2737 tem
1062 2704 1095 2735 in
1123 2704 1258 2745 legione
1274 2707 1293 2736 ξ’
1322 2709 1329 2723 ‘
1346 2705 1384 2738 L.
1411 2705 1558 2737 Rutilius
1589 2705 1667 2737 Cos.
