1835 2906
400 164 462 193 DE
495 160 766 191 VERBORUM
801 155 1208 189 StchFch'rtoNE
1243 155 1333 185 [AB.
1368 155 1473 184 XIV.

1587 143 1671 184 629

221 257 568 309 Praerogativaeu
603 254 810 297 centuriae
849 252 1068 302 dicuntur,
1103 255 1155 292 ut
1191 250 1320 291 docet
1356 248 1497 291 Varro
1533 262 1671 289 rerum

277 325 561 366 humanarum
580 324 693 365 libro
715 327 859 372 sexto,
892 334 992 375 quae
1013 325 1138 360 rus.¹⁵

638 390 845 440 Romani,
870 390 945 442 qui
967 390 1212 441 ignorarent
1232 386 1461 439 petitores,
1493 382 1672 425 facilius

278 473 354 501 eos
375 459 722 502 animadvertere
743 462 944 512 possent.

845 563 941 577 eeeee

273 641 311 669 15
336 637 414 669 Vid.
436 636 520 669 Not.

1004 455 1188 497 Verrius
1211 453 1487 507 probabilius
1501 451 1674 506 judicat

946 564 1079 577 rrrrrrr

875 719 1019 752 NOTAE

263 795 277 810 υ
316 787 560 827 Praerogativoe]
600 787 760 827 Explicat
799 786 920 817 Festus

222 849 282 871 cur
298 838 502 870 introductae
519 837 661 875 fuerint,
677 846 743 867 uon
761 846 833 877 quae
850 834 922 866 fne-

223 891 303 929 rint,
324 890 376 920 11ae
395 889 570 927 centum-lap,
590 897 700 928 neque
726 897 786 918 cur
803 887 849 917 ita
865 896 922 926 ap-

222 941 374 981 pellatae.
420 939 583 970 Mendum
599 942 712 968 autem
729 941 781 968 est
804 936 837 966 in
855 936 919 966 illis

223 992 349 1032 verbis,
379 1000 448 1032 quoe
475 998 681 1021 rus....nos
708 988 786 1028 quod
810 987 922 1018 rustici

222 1043 470 1075 scriberemus:
495 1046 529 1071 et
543 1045 683 1080 utraque
697 1038 825 1078 opinio,
837 1038 922 1068 Var-

221 1094 312 1124 ronis
325 1097 360 1124 et
375 1093 500 1131 Verrii,
515 1101 595 1122 vera
617 1094 681 1121 est.
727 1089 837 1122 Fuere
863 1098 920 1120 au-

223 1149 291 1176 tem
308 1154 358 1175 eae
375 1143 552 1179 centmiae,
577 1152 652 1184 quae
669 1141 784 1182 primae
801 1139 921 1172 suffra-

222 1196 312 1236 gium
344 1195 499 1226 ferebant
525 1194 724 1226 centuriatis
749 1193 920 1224 comitiis:

224 1247 265 1277 ab
278 1245 395 1277 eadem
411 1256 446 1277 re
461 1246 505 1276 ita
516 1245 711 1285 appellatae,
726 1242 815 1283 quod
831 1242 921 1281 prius

223 1302 425 1337 rogarentur
447 1296 490 1327 ab
514 1305 566 1335 eo,
583 1297 640 1335 qui
665 1293 803 1325 comitia
818 1293 923 1324 habe-

223 1352 311 1383 rent,
330 1348 467 1386 Velius,
485 1346 641 1387 Jubeatis
664 1345 739 1384 hoc,
755 1348 813 1375 aut
829 1343 923 1375 illud.

222 1399 306 1429 Erat
337 1402 451 1428 antem
475 1397 655 1427 maximum
686 1394 923 1434 praerogativa-

223 1458 298 1479 rum
328 1448 541 1483 beneficium,
572 1445 661 1488 quod
685 1455 855 1486 nunquam
882 1444 924 1475 ab

223 1499 273 1530 eis
297 1499 431 1530 dicatur
457 1504 589 1529 ceteros
614 1497 837 1536 discrepasse.
877 1496 925 1527 Ut

223 1558 305 1580 vero
319 1552 431 1579 essent
447 1548 686 1589 praerogativa}
710 1547 830 1578 sortito
847 1555 923 1577 eve-

224 1600 352 1631 niebat.
401 1602 535 1632 Ceterae
567 1597 829 1639 appellabantur
851 1597 926 1635 jure

223 1655 352 1682 vocaloe.
388 1649 536 1680 Vidend.
567 1648 692 1679 Ascon.
731 1647 788 1678 lib.
820 1655 861 1678 11.
892 1647 926 1677 in

224 1703 380 1734 Verrem.
425 1702 545 1733 Cicero
572 1710 635 1741 pro
650 1700 772 1730 Murae.
794 1703 828 1729 et
845 1698 926 1729 Phi-

224 1753 310 1793 lipp.
328 1761 368 1783 11.
386 1756 420 1782 et
435 1752 492 1783 lib.
511 1761 535 1782 1.
551 1756 586 1782 et
607 1759 647 1781 n.
663 1750 706 1781 de
724 1748 843 1780 Divin.
869 1749 927 1780 Li-

226 1804 298 1834 vius
315 1803 451 1843 saepius.
475 1803 553 1833 Aut.
569 1802 655 1840 Aug.

270 1851 517 1892 Praerogativoe]
542 1851 656 1890 Deiis,
670 1850 750 1881 item
768 1849 834 1880 illis
851 1859 925 1890 quae

218 1903 292 1943 jure
318 1907 432 1934 vocatae
456 1901 669 1940 dicebantur,
690 1900 861 1931 Ausonius
893 1904 927 1930 et

226 1955 351 1986 Livius.
399 1953 570 1985 Ausonius
594 1953 628 1984 in
652 1952 860 1993 panegyrico
885 1950 926 1981 ad

226 2005 427 2037 Gratianum
450 2003 661 2044 Augustum:
686 2002 695 2019 ‘
713 2002 836 2032 Valete
860 2011 928 2032 mo-

226 2056 270 2087 do
286 2055 412 2086 classes
433 2053 563 2095 populi,
580 2057 615 2083 et
631 2051 836 2083 urbanarum
853 2050 929 2081 Tri—

228 2108 330 2139 buum
349 2106 604 2148 praerogativae,
626 2109 661 2135 et
675 2103 930 2144 centuriaejure

229 2158 385 2192 vocataess
421 2158 495 2189 Liv.
513 2157 571 2188 lib.
589 2165 641 2187 lx,
655 2155 698 2186 de
717 2154 835 2187 Flavio
851 2154 931 2184 scri-

229 2210 291 2242 ba:
317 2215 324 2228 ‘
343 2209 500 2249 Fierique
527 2217 562 2238 se
586 2216 648 2247 pro
671 2205 764 2236 tribu
787 2203 930 2235 AEdilem

228 2259 386 2291 videret.'
432 2259 502 2297 Ego
526 2257 738 2296 interpretor
758 2265 815 2295 pro
838 2254 933 2293 tribu,

230 2309 461 2351 praerogativa
486 2308 588 2339 tribu.
627 2306 708 2337 Piso
732 2305 773 2336 de
791 2304 930 2336 eodem:

231 2363 241 2379 ‘
260 2360 417 2393 Eundem
445 2359 561 2399 primae
580 2357 688 2388 tribus
715 2355 848 2386 aedilem
874 2365 931 2385 cu-

231 2412 340 2443 rulem
364 2406 675 2441 renunciaverunt.'
713 2406 853 2437 Eaedem
882 2415 932 2436 er-

233 2472 276 2503 go
293 2463 302 2478 ‘
317 2460 552 2503 praerogativae
579 2458 687 2489 tribus
701 2456 708 2469 ²
734 2461 769 2487 et
785 2460 793 2473 ‘
814 2456 933 2496 primae

234 2513 364 2544 tribus!
401 2511 488 2543 Nam
504 2510 552 2541 ita
575 2510 608 2540 in
630 2507 762 2547 legibus
782 2505 933 2537 ferendis

233 2563 472 2604 loquebantur.
511 2560 567 2590 Sic
593 2558 689 2589 initio
717 2557 802 2596 legis
826 2557 934 2596 cnjus-

235 2614 314 2645 dam
342 2613 376 2644 in
403 2611 523 2643 tabula
547 2619 670 2641 aenea:
706 2615 932 2639 PmuctPruM

237 2672 331 2696 rurr.
348 2671 431 2694 PRO.
449 2669 574 2692 TRmu.
613 2658 703 2690 Item
720 2657 808 2698 apud
828 2658 932 2687 Fron-

237 2715 364 2747 tinum:
390 2715 397 2731 ‘
417 2714 456 2744 T.
482 2711 642 2744 Quintius
663 2709 838 2751 Crispinus
855 2708 932 2739 Cos.

974 783 1137 825 populum
1162 783 1242 823 jure
1279 780 1425 821 rogavit,
1461 778 1677 820 populusque

968 838 1048 877 jure
1065 836 1164 868 scivit
1182 836 1214 866 in
1239 826 1311 865 foro
1337 844 1399 875 pro
1429 833 1561 864 Rostris
1586 842 1615 864 a.
1644 832 1677 863 d.

970 886 1082 918 111111.
1122 886 1227 917 Eidus
1243 885 1365 917 Julias.
1387 884 1511 915 Tribus
1529 883 1650 923 Sergia
1668 894 1678 915 ε

973 939 1175 978 principium
1196 937 1262 970 fuit
1284 947 1346 978 pro
1369 936 1461 968 tribu
1480 936 1560 967 Sex.
1583 935 1622 966 L.
1640 934 1680 965 F.

973 988 1106 1021 Varro.’
1158 989 1226 1021 Qui
1268 988 1363 1019 locus
1398 986 1679 1018 mendosissimus

970 1039 1082 1071 editus
1099 1044 1162 1071 est.
1176 1040 1244 1070 Jos.
1261 1038 1344 1069 scal.
1382 1037 1621 1069 Centuriarum
1638 1043 1679 1066 ac

977 1090 1125 1121 tribuum
1157 1089 1378 1120 comitialium
1407 1088 1483 1119 aliae
1513 1091 1591 1118 sunt
1606 1086 1680 1124 jure

976 1144 1104 1180 vocatoe,
1120 1140 1347 1179 Proerogah'voe
1372 1139 1458 1169 aliae.
1502 1138 1682 1176 Praeroga-

979 1192 1051 1222 tiva
1065 1201 1132 1222 una
1149 1195 1223 1221 erat
1244 1189 1385 1229 singulis
1413 1187 1558 1219 comitiis
1583 1186 1683 1217 s'orti-

979 1243 1073 1273 tione
1105 1242 1233 1281 electa,
1262 1250 1337 1282 quae
1363 1240 1443 1280 jure
1473 1237 1618 1277 vocatis,
1648 1237 1681 1267 id

979 1297 1043 1331 est,
1072 1292 1196 1323 ceteris
1226 1291 1381 1322 omnibus
1408 1288 1684 1331 praerogabatur,

980 1343 1207 1384 princepsque
1239 1341 1398 1375 omnium,
1439 1339 1575 1371 tametsi
1606 1339 1683 1369 loco

981 1398 1155 1434 postrema
1185 1393 1238 1423 vel
1267 1391 1392 1426 media,
1421 1390 1454 1420 in
1485 1387 1684 1428 suffragium

980 1443 1190 1474 mittebatur.
1227 1442 1307 1472 Jure
1317 1444 1435 1471 vocata>
1450 1442 1527 1469 sunt
1542 1438 1683 1479 reliquae

980 1503 1109 1529 omnes,
1134 1502 1210 1534 quae
1236 1501 1295 1522 suo
1318 1490 1427 1532 gradu
1455 1493 1620 1520 vocantur
1648 1492 1685 1518 et

980 1543 1178 1585 suffragium
1204 1541 1332 1574 ferunt.
1364 1538 1602 1580 Praerogativa
1625 1538 1686 1569 tri-

982 1595 1043 1626 bus
1057 1604 1113 1625 seu
1131 1593 1290 1624 centuria
1312 1600 1408 1622 omen
1430 1589 1565 1631 aliquod
1590 1589 1623 1619 in
1647 1597 1684 1618 se

981 1644 1193 1676 continebat.
1239 1643 1366 1674 Tullius
1399 1651 1423 1674 1.
1459 1640 1502 1671 de
1533 1639 1685 1670 Divinat-

981 1698 989 1714 ‘
1010 1694 1281 1736 Praerogativam
1299 1693 1440 1733 majores
1465 1691 1570 1722 nostri
1586 1699 1685 1721 omen

977 1748 1149 1787 justorum
1163 1744 1375 1776 comitiorum
1391 1752 1466 1774 esse
1480 1739 1686 1772 voluerunt.’

981 1797 1134 1838 Ideoque
1160 1797 1231 1837 ejus
1259 1795 1291 1825 in
1318 1792 1538 1835 sequentibus
1566 1789 1686 1822 suffra-

982 1848 1044 1888 giis
1068 1847 1153 1878 ratio
1169 1845 1371 1883 habebatur,
1395 1853 1462 1874 uon
1489 1842 1578 1884 quod
1595 1846 1687 1873 esset

982 1898 1105 1939 prima,
1121 1901 1158 1928 ut
1174 1896 1260 1927 falso
1278 1895 1413 1936 quidam
1431 1892 1687 1924 existimarunt.

982 1949 1111 1982 Tullius
1143 1957 1181 1979 11.
1210 1947 1251 1978 de
1282 1947 1399 1977 Divin.
1447 1944 1457 1961 ‘
1477 1944 1686 1983 Haruspices

984 2011 1060 2032 cum
1084 1999 1240 2031 Tiberius
1265 1997 1442 2028 Gracchus
1466 1995 1499 2026 in
1524 1995 1688 2025 Senatum

984 2049 1246 2088 introduxisset,
1288 2052 1428 2088 propter
1472 2045 1688 2086 repentinam

984 2107 1127 2134 mortem
1145 2100 1230 2141 ejus,
1253 2099 1311 2139 qui
1334 2098 1366 2127 in
1389 2095 1614 2137 praerogativa
1629 2094 1689 2124 ‹le-

984 2152 1127 2184 ferenda
1151 2150 1261 2181 subito
1286 2147 1506 2185 concidisset,
1530 2154 1594 2176 non
1614 2144 1688 2184 jus·

986 2209 1057 2234 tum
1095 2205 1287 2242 rogatorem
1325 2197 1545 2229 conciliorum
1582 2194 1689 2226 fuisse

985 2251 1169 2285 dixerunt.’
1214 2249 1314 2283 Quod
1346 2249 1468 2279 Festus
1502 2245 1609 2276 refert
1646 2254 1689 2275 ex

986 2305 1139 2336 Varrone
1166 2307 1201 2332 et
1216 2299 1353 2338 Verrio,
1373 2298 1405 2329 id
1425 2296 1559 2338 quidem
1574 2304 1690 2326 verum

987 2361 1051 2395 est,
1079 2354 1138 2385 sed
1165 2353 1213 2383 sic
1242 2355 1373 2382 tantum
1398 2347 1551 2388 explicat
1566 2345 1690 2377 curin·

989 2404 1158 2437 troductae
1196 2401 1322 2433 fuerint
1354 2397 1588 2440 praerogatz'voe,
1622 2404 1690 2426 non

988 2465 1068 2486 vero
1091 2463 1166 2495 quae
1192 2451 1331 2489 fuerint,
1357 2458 1466 2490 neque
1492 2457 1552 2479 cur
1568 2447 1615 2478 ita
1632 2456 1691 2487 ap·

988 2506 1138 2547 pellatae.
1175 2503 1217 2533 In
1248 2501 1359 2532 verbis
1385 2498 1549 2531 Varronis
1576 2497 1691 2537 legen-

989 2557 1068 2588 dum
1100 2565 1142 2586 ex
1173 2553 1311 2584 doctiss.
1341 2550 1484 2582 Antonii
1506 2548 1691 2589 Augustini

983 2606 1135 2649 judicio:
1175 2605 1264 2641 Quod
1298 2602 1410 2634 rustici
1452 2600 1597 2636 Romani,
1635 2601 1688 2637 850.

988 2660 1077 2690 Dae.
