1835 2906
361 141 423 171 DF.
459 135 729 169 VERBORUM
763 130 1172 164 SIGNIFICATIONE
1207 129 1302 160 LlB.
1335 128 1443 160 XIY.

1549 117 1634 160 603

246 237 293 278 de
315 249 358 277 eo
389 233 633 290 magistratu
656 229 827 272 creando
851 227 1104 281 suffragium
1128 224 1239 277 tulit,
1260 231 1302 265 uc
1334 222 1457 264 sacris
1488 222 1637 264 adibus

243 309 452 358 praessent
475 305 571 343 suut
601 297 848 348 constituti,
870 311 966 352 quos
993 293 1031 335 T
1030 293 1108 334 rib.
1133 293 1264 347 plebis
1285 293 1487 333 ministros
1503 291 1638 347 fuisse

248 371 410 421 dicunt,
431 371 505 424 qui
522 382 608 410 una
628 381 730 409 cum
745 365 896 420 plebeis
910 361 1121 405 AEdz‘libus
1136 368 1229 401 sunt
1251 360 1390 410 creati,
1413 359 1639 400 dissidente

247 440 375 493 plebe
395 453 421 480 a
450 435 662 492 patribus:
693 434 724 474 ii
756 432 944 474 tabernas
959 430 1154 487 fecerunt
1186 442 1295 484 quas
1318 432 1479 470 vocant
1499 441 1641 475 novaS,

246 521 316 548 nos
337 513 470 547 autem
491 504 666 560 quinque
688 501 855 543 dicimus
886 514 955 541 eas
986 513 1087 541 esse
1118 502 1159 539 et
1181 500 1345 550 septem
1366 496 1580 545 feruntur,
1603 501 1641 535 ec

241 574 419 630 plebeios
437 573 594 629 quidem
616 570 878 626 appellamus
894 581 919 609 a
933 580 1085 621 genere
1100 566 1404 619 magistratus:
1433 577 1511 605 eas
1529 563 1643 604 enim

250 643 482 685 faciendas
507 644 766 683 curaverunt
796 638 862 679 M.
883 637 909 678 J
916 636 1044 677 unius
1068 636 1249 684 Brutus,
1275 631 1334 683 Q.
1365 631 1544 686 Oppius
1567 631 1644 671 [⁷¹²-

251 712 362 752 dilcs
383 711 543 765 plebis.

195 778 458 822 Plebeiumh
481 778 779 831 magistratum
809 775 1026 816 neminem
1059 784 1218 825 capere
1245 770 1365 819 licet,
1385 767 1469 808 nisi
1492 766 1567 821 qui
1589 778 1647 806 ex

253 848 382 902 plebe
403 851 496 888 est:
527 845 641 901 cujus
670 842 827 900 generis
857 848 912 883 est
943 839 1069 881 omnis
1092 837 1351 893 magistratus
1371 834 1442 890 qui
1463 831 1646 888 appella-

256 922 323 955 tur
343 914 429 955 isto
450 914 640 955 nomine.

199 983 343 1025 Plena
365 979 471 1022 suei
500 978 671 1021 Telluri
698 976 823 1018 matri
852 974 1172 1029 sacrficabatur,
1192 970 1298 1028 quod
1325 969 1488 1027 pecudis
1509 970 1554 1011 id
1577 981 1650 1022 ge-

256 1063 340 1091 nus
362 1063 463 1091 cum
486 1049 689 1090 seritur-¹³
712 1045 807 1087 satis
830 1044 1052 1094 inimicum,
1069 1043 1165 1098 quia
1189 1048 1317 1082 rostro
1341 1053 1465 1080 semen
1482 1037 1650 1080 fodien-

257 1118 313 1159 do
332 1123 632 1170 corrumperet.

812 1221 933 1234 eeeeee

247 1307 284 1336 13
308 1303 372 1337 Ed.
388 1303 478 1335 scal.
493 1305 626 1334 seretur.

936 1221 1037 1232 “““

864 1417 1005 1451 NOTAE

203 1497 300 1530 Sexti
315 1497 392 1530 Rufi
408 1497 536 1530 mentio
549 1497 600 1529 fit.
623 1496 701 1529 Ant.
718 1496 802 1536 Aug.

247 1549 370 1589 Plebei]
405 1548 524 1580 Infra:
566 1547 675 1579 Plebei
704 1547 821 1581 (ediles,
850 1545 904 1587 qui

201 1601 301 1642 plebei
315 1601 403 1635 scito,
416 1610 483 1640 quoe
493 1600 530 1630 cle
541 1609 575 1630 eo
587 1599 775 1638 magistratu
788 1596 904 1638 szffu-

204 1653 293 1693 giam
319 1653 403 1687 tulit,
419 1651 457 1682 ab
483 1651 538 1681 illa
553 1653 625 1681 sunt
642 1648 805 1681 constituti
810 1670 905 1680 .....

206 1707 273 1738 unt,
290 1703 342 1744 qui
357 1713 418 1733 unu
436 1712 504 1733 cum
519 1700 666 1732 Tribunis
687 1699 786 1739 plebei
808 1698 907 1729 creati

210 1758 293 1791 sunt,
305 1753 474 1784 dissidente
487 1751 573 1792 plebe
585 1762 603 1782 a
618 1749 733 1791 patrib.
780 1749 810 1779 Ii
819 1747 906 1786 fece-

207 1809 281 1837 rum
305 1805 459 1839 tabernas,
482 1813 557 1843 quas
582 1811 676 1833 noras
707 1803 828 1835 vocant,
853 1809 907 1830 nos

208 1860 311 1888 antem
336 1856 466 1896 quinque
492 1853 623 1884 dicimus
649 1861 712 1886 eas,
739 1854 769 1882 et
791 1853 908 1891 septem

203 1907 364 1944 seruntur.
401 1905 443 1936 Et
457 1903 592 1944 plebeias
605 1912 748 1933 vocamus
764 1911 782 1932 α
795 1910 907 1940 genere

210 1957 427 1997 nmgistratus.
450 1955 525 1986 JOS.
544 1953 632 1984 Scal-

254 2007 361 2039 Plebei
379 2004 514 2044 AEdiles]
541 2005 686 2036 Constat
701 2001 909 2043 AEdilesple-

214 2059 267 2091 bis
294 2068 363 2089 una
394 2066 472 2088 cum
499 2055 581 2096 ipsis
608 2053 768 2085 Tribunis
800 2052 910 2093 plebis

212 2108 382 2140 institutos
399 2105 516 2146 fuisse,
531 2114 618 2136 anno
643 2102 745 2134 Urbis
762 2102 910 2134 conditae

213 2167 360 2191 chxxx.
391 2156 488 2198 plebs
516 2155 607 2186 enim
635 2153 807 2185 Tribunos
836 2162 912 2184 suos

215 2213 327 2244 nacta,
343 2209 407 2239 hoc
426 2205 571 2246 amplius
582 2204 682 2245 petiit
695 2203 822 2246 (inquit
832 2203 912 2235 Dio-

217 2259 332 2300 nysius
343 2259 400 2289 lib.
413 2256 483 2298 vl.)
496 2261 535 2287 ut
545 2256 629 2287 duos
644 2264 662 2286 e
678 2255 780 2296 plebe
796 2264 914 2286 creare

221 2309 285 2340 sibi
302 2308 434 2346 liceret,
450 2306 507 2347 qui
521 2305 677 2336 Tribunis
700 2305 795 2336 velut
811 2304 915 2335 admi-

220 2358 320 2391 nistri
335 2364 370 2390 et
386 2357 560 2397 adjutores
578 2360 703 2392 essent,
716 2355 842 2397 quique
858 2365 915 2386 eas

218 2419 336 2442 causas
353 2410 609 2447 cognoscerent,
624 2416 705 2447 quas
719 2406 767 2437 illi
782 2406 918 2437 commi-

218 2461 351 2491 sissent.
378 2458 501 2498 Itaque
513 2457 544 2487 hi
555 2456 653 2497 primi
668 2456 795 2487 AEdiles
812 2456 920 2497 plebis

221 2509 397 2551 appellati.
439 2509 496 2539 De
513 2512 646 2548 septem
662 2506 826 2542 tabernis,
844 2517 918 2548 quae

222 2566 343 2602 postea
358 2559 487 2600 quinque
512 2563 546 2589 et
570 2567 655 2589 210²:oe
678 2561 811 2589 vocatae
830 2562 921 2598 sunt,

226 2611 340 2644 Livius
358 2618 462 2641 xxvx.
480 2618 555 2649 cap.
571 2611 623 2639 27.
647 2608 729 2638 Duc.

266 2661 280 2682 ¹¹
296 2659 468 2700 plebeium]
482 2658 579 2690 Infra
596 2669 603 2689 z
630 2657 793 2688 Plebeium
806 2658 922 2695 magis-

226 2716 342 2744 tratum
370 2712 520 2743 neminem
547 2710 616 2742 licet
637 2719 756 2750 capere,
781 2710 843 2740 nisi
870 2711 923 2749 qui

955 1504 995 1525 ex
1016 1494 1102 1534 plebe
1130 1496 1198 1524 est:
1235 1491 1321 1531 cnjus
1343 1490 1469 1531 generis
1490 1494 1535 1522 est
1561 1489 1661 1520 omnis

957 1545 1176 1584 magistratus,
1192 1543 1245 1584 qui
1263 1543 1323 1573 isto
1341 1542 1461 1572 nomine
1475 1542 1659 1581 appellatur„

958 1595 1125 1635 Intelligit
1150 1594 1361 1626 tribunatum
1390 1591 1512 1632 plebis,
1529 1596 1563 1622 et
1579 1589 1660 1621 aedi-

961 1647 1094 1678 litatem
1114 1645 1236 1685 plebis.
1259 1645 1328 1674 Jos.
1343 1642 1428 1673 Scul.

998 1697 1005 1718 i
1042 1697 1144 1728 Plena
1159 1695 1227 1735 sue]
1242 1694 1365 1726 Telluri
1381 1692 1522 1734 gravida
1538 1701 1597 1723 sue
1613 1702 1663 1723 sa-

962 1747 1109 1779 crificari
1134 1746 1238 1778 docet
1266 1745 1370 1777 Ovid.
1396 1744 1452 1775 lib.
1479 1753 1506 1775 1.
1530 1744 1664 1775 Fastor.

962 1798 1173 1829 ‘placentur
1208 1796 1342 1837 frugum
1370 1800 1510 1830 matres,
1535 1794 1665 1825 Tellus-

963 1858 1041 1888 que,
1067 1848 1254 1887 Ceresque,
1284 1847 1387 1877 Farre
1413 1855 1473 1876 suo
1503 1844 1664 1884 gravidae.

963 1898 1217 1939 visceribusque
1234 1897 1325 1928 suis!
1347 1897 1436 1928 Item
1454 1895 1552 1926 forda
1566 1895 1668 1929 bove,

963 1949 1181 1982 Fordicidiis.
1217 1948 1316 1979 Idem
1354 1947 1413 1979 lib.
1450 1955 1502 1977 ιν.
1544 1947 1667 1977 ‘Nunc

965 2001 1140 2043 gravidum
1156 2010 1260 2041 pecus
1283 2003 1347 2034 est,
1365 1997 1515 2039 gravidae
1532 2005 1668 2038 quoque

967 2052 1093 2084 semiue
1120 2057 1233 2086 terrae,
1248 2049 1377 2080 Telluri
1395 2049 1504 2089 plenae
1529 2047 1670 2078 victima

966 2104 1067 2144 plena
1099 2100 1224 2133 datur!
1275 2099 1408 2131 Aruob.
1427 2099 1483 2129 lib.
1515 2106 1582 2128 vu.
1621 2097 1670 2128 ita

967 2153 1221 2185 emendandus:
1244 2150 1361 2182 Telluri
1376 2149 1471 2180 matri
1479 2147 1608 2188 scropha
1622 2148 1673 2178 in-

966 2215 1043 2245 gens
1058 2204 1236 2235 immolatur
1255 2201 1364 2241 forda,
1390 2209 1455 2231 uon
1473 2200 1556 2237 feta.
1602 2198 1671 2229 Cur

970 2266 1025 2287 sus
1042 2256 1286 2290 immolaretur,
1302 2252 1438 2283 videtur
1453 2251 1576 2282 Festus
1595 2249 1671 2280 red-

971 2306 1052 2337 dere
1071 2306 1258 2343 rationem3
1283 2303 1363 2344 quia
1387 2311 1463 2333 cum
1489 2304 1672 2340 sereretur,

971 2361 1081 2388 rostro
1109 2365 1169 2386 suo
1199 2359 1273 2385 sata
1300 2355 1553 2392 corrumperet:
1584 2351 1673 2390 quod

972 2407 1078 2438 Ovid.
1096 2407 1199 2437 etiam
1211 2404 1359 2444 explicat
1373 2402 1433 2433 lib.
1450 2411 1513 2433 xv.
1529 2401 1672 2432 Metam.

972 2463 1008 2489 et
1026 2457 1082 2488 lib.
1098 2466 1124 2488 1.
1148 2456 1281 2486 Fastor.
1295 2454 1374 2484 Ant.
1387 2452 1475 2491 Aug.

1016 2508 1118 2538 Plena
1132 2505 1200 2546 sue]
1226 2504 1335 2535 Plena
1351 2512 1410 2533 sue
1425 2500 1554 2532 Telluri
1571 2500 1677 2531 sacri-

974 2557 1153 2592 ficabatur,
1171 2555 1249 2596 quia
1261 2552 1402 2595 pecudis
1418 2552 1450 2582 id
1466 2561 1582 2592 genus,
1598 2560 1675 2582 cum

975 2609 1109 2642 seritur,
1137 2612 1247 2636 rostro
1275 2613 1388 2635 semen
1414 2601 1573 2634 fodiendo
1601 2611 1676 2632 cor-

978 2666 1138 2698 rumpere
1154 2656 1255 2686 solet.
1276 2656 1346 2685 dos.
1361 2654 1446 2684 Scal.

1022 2709 1123 2740 Plena
1138 2704 1206 2746 sue]
1225 2705 1326 2737 Hunc
1343 2714 1469 2736 morem
1487 2702 1561 2734 fuse
1572 2701 1673 2734 ovid.
