<?xml version="1.0" encoding="UTF-8"?>
<!DOCTYPE html PUBLIC "-//W3C//DTD XHTML 1.0 Transitional//EN"
    "http://www.w3.org/TR/xhtml1/DTD/xhtml1-transitional.dtd">
<html xmlns="http://www.w3.org/1999/xhtml" xml:lang="en" lang="en">
 <head>
  <title>
</title>
<meta http-equiv="Content-Type" content="text/html;charset=utf-8" />
  <meta name='ocr-system' content='tesseract 3.04.00' />
  <meta name='ocr-capabilities' content='ocr_page ocr_carea ocr_par ocr_line ocrx_word'/>
</head>
<body>
  <div class='ocr_page' id='page_1' title='image "./mverriiflacciqua01verruoft_0609.png"; bbox 0 0 1835 2906; ppageno 0'>
   <div class='ocr_carea' id='block_1_1' title="bbox 367 116 1450 152">
    <p class='ocr_par' dir='ltr' id='par_1_1' title="bbox 367 116 1450 152">
     <span class='ocr_line' id='line_1_1' title="bbox 367 116 1450 152; baseline -0.006 0"><span class='ocrx_word' id='word_1_1' title='bbox 367 122 429 152; x_wconf 90' lang='lat' dir='ltr'>DE</span> <span class='ocrx_word' id='word_1_2' title='bbox 463 117 735 151; x_wconf 86' lang='lat' dir='ltr'><strong>VERBORUM</strong></span> <span class='ocrx_word' id='word_1_3' title='bbox 770 116 1181 149; x_wconf 84' lang='lat' dir='ltr'>SIGNIFICATIONE</span> <span class='ocrx_word' id='word_1_4' title='bbox 1217 117 1313 146; x_wconf 88' lang='lat' dir='ltr'>LIB.</span> <span class='ocrx_word' id='word_1_5' title='bbox 1345 117 1450 147; x_wconf 90' lang='lat' dir='ltr'><strong>XIV.</strong></span> 
     </span>
    </p>
   </div>
   <div class='ocr_carea' id='block_1_2' title="bbox 1551 107 1634 150">
    <p class='ocr_par' dir='ltr' id='par_1_2' title="bbox 1551 107 1634 150">
     <span class='ocr_line' id='line_1_2' title="bbox 1551 107 1634 150; baseline 0.024 -2"><span class='ocrx_word' id='word_1_6' title='bbox 1551 107 1634 150; x_wconf 80' lang='lat'>587</span> 
     </span>
    </p>
   </div>
   <div class='ocr_carea' id='block_1_3' title="bbox 251 210 1639 403">
    <p class='ocr_par' dir='ltr' id='par_1_3' title="bbox 251 210 1639 403">
     <span class='ocr_line' id='line_1_3' title="bbox 251 210 1638 266; baseline -0.004 -8"><span class='ocrx_word' id='word_1_7' title='bbox 251 220 332 266; x_wconf 88' lang='lat' dir='ltr'>tur,</span> <span class='ocrx_word' id='word_1_8' title='bbox 363 228 461 257; x_wconf 91' lang='lat' dir='ltr'>cum</span> <span class='ocrx_word' id='word_1_9' title='bbox 491 214 580 256; x_wconf 85' lang='lat' dir='ltr'>ait:</span> <span class='ocrx_word' id='word_1_10' title='bbox 618 211 759 254; x_wconf 89' lang='lat' dir='ltr'>Sicuti</span> <span class='ocrx_word' id='word_1_11' title='bbox 788 210 1047 260; x_wconf 84' lang='lat' dir='ltr'>mechanici,</span> <span class='ocrx_word' id='word_1_12' title='bbox 1083 223 1183 251; x_wconf 90' lang='lat' dir='ltr'>cum</span> <span class='ocrx_word' id='word_1_13' title='bbox 1216 211 1304 254; x_wconf 87' lang='lat' dir='ltr'>alto</span> <span class='ocrx_word' id='word_1_14' title='bbox 1333 212 1526 253; x_wconf 80' lang='lat' dir='ltr'>exiluere</span> <span class='ocrx_word' id='word_1_15' title='bbox 1565 225 1638 265; x_wconf 88' lang='lat' dir='ltr'>pe-</span> 
     </span>
     <span class='ocr_line' id='line_1_4' title="bbox 253 278 1639 333; baseline -0.004 -8"><span class='ocrx_word' id='word_1_16' title='bbox 253 287 401 325; x_wconf 84' lang='lat' dir='ltr'><strong>tauro:</strong></span> <span class='ocrx_word' id='word_1_17' title='bbox 448 286 493 324; x_wconf 86' lang='lat' dir='ltr'>at</span> <span class='ocrx_word' id='word_1_18' title='bbox 522 281 665 323; x_wconf 88' lang='lat' dir='ltr'>AElius</span> <span class='ocrx_word' id='word_1_19' title='bbox 697 280 821 330; x_wconf 84' lang='lat' dir='ltr'>Stilo,</span> <span class='ocrx_word' id='word_1_20' title='bbox 854 278 972 333; x_wconf 87' lang='lat' dir='ltr'>quod</span> <span class='ocrx_word' id='word_1_21' title='bbox 1002 279 1046 319; x_wconf 89' lang='lat' dir='ltr'>in</span> <span class='ocrx_word' id='word_1_22' title='bbox 1077 278 1180 319; x_wconf 70' lang='lat' dir='ltr'>aere</span> <span class='ocrx_word' id='word_1_23' title='bbox 1220 280 1384 328; x_wconf 88' lang='lat' dir='ltr'>volent,</span> <span class='ocrx_word' id='word_1_24' title='bbox 1416 292 1517 320; x_wconf 90' lang='lat' dir='ltr'>cum</span> <span class='ocrx_word' id='word_1_25' title='bbox 1547 279 1639 320; x_wconf 83' lang='lat' dir='ltr'>ait:</span> 
     </span>
     <span class='ocr_line' id='line_1_5' title="bbox 257 344 1572 403; baseline -0.003 -12"><span class='ocrx_word' id='word_1_26' title='bbox 257 349 513 391; x_wconf 83' lang='lat' dir='ltr'>Petaurista</span> <span class='ocrx_word' id='word_1_27' title='bbox 533 348 710 403; x_wconf 83' lang='lat' dir='ltr'>proprie</span> <span class='ocrx_word' id='word_1_28' title='bbox 731 346 905 396; x_wconf 81' lang='lat' dir='ltr'>Graece,</span> <span class='ocrx_word' id='word_1_29' title='bbox 923 345 1040 400; x_wconf 90' lang='lat' dir='ltr'>quod</span> <span class='ocrx_word' id='word_1_30' title='bbox 1063 346 1094 386; x_wconf 88' lang='lat' dir='ltr'>ii</span> <span class='ocrx_word' id='word_1_31' title='bbox 1114 345 1197 400; x_wconf 81' lang='grc' dir='ltr'>πρὸς</span> <span class='ocrx_word' id='word_1_32' title='bbox 1218 344 1312 402; x_wconf 59' lang='grc' dir='ltr'>ἀέρα</span> <span class='ocrx_word' id='word_1_33' title='bbox 1325 351 1359 370; x_wconf 76' lang='lat'>¹²</span> <span class='ocrx_word' id='word_1_34' title='bbox 1379 350 1572 387; x_wconf 78' lang='grc' dir='ltr'><strong>πετῶνται.</strong></span> 
     </span>
    </p>
   </div>
   <div class='ocr_carea' id='block_1_4' title="bbox 200 414 1346 470">
    <p class='ocr_par' dir='ltr' id='par_1_4' title="bbox 200 414 1346 470">
     <span class='ocr_line' id='line_1_6' title="bbox 200 414 1346 470; baseline -0.003 -12"><span class='ocrx_word' id='word_1_35' title='bbox 200 417 392 459; x_wconf 86' lang='lat' dir='ltr'>Petilam</span> <span class='ocrx_word' id='word_1_36' title='bbox 413 414 586 458; x_wconf 75' lang='lat' dir='ltr'>suramf</span> <span class='ocrx_word' id='word_1_37' title='bbox 606 415 821 470; x_wconf 85' lang='lat' dir='ltr'>significat</span> <span class='ocrx_word' id='word_1_38' title='bbox 840 415 1040 467; x_wconf 83' lang='lat' dir='ltr'>ungulam</span> <span class='ocrx_word' id='word_1_39' title='bbox 1063 414 1167 468; x_wconf 92' lang='lat' dir='ltr'>equi</span> <span class='ocrx_word' id='word_1_40' title='bbox 1190 415 1346 455; x_wconf 86' lang='lat' dir='ltr'>albam.</span> 
     </span>
    </p>
   </div>
   <div class='ocr_carea' id='block_1_5' title="bbox 1461 415 1641 468">
    <p class='ocr_par' dir='ltr' id='par_1_5' title="bbox 1461 415 1641 468">
     <span class='ocr_line' id='line_1_7' title="bbox 1461 415 1641 468; baseline -0.011 -13"><span class='ocrx_word' id='word_1_41' title='bbox 1461 415 1641 468; x_wconf 71' lang='lat' dir='ltr'>[PAUL.</span> 
     </span>
    </p>
   </div>
   <div class='ocr_carea' id='block_1_6' title="bbox 198 480 1649 945">
    <p class='ocr_par' dir='ltr' id='par_1_6' title="bbox 198 480 1649 945">
     <span class='ocr_line' id='line_1_8' title="bbox 198 480 1644 535; baseline -0.002 -9"><span class='ocrx_word' id='word_1_42' title='bbox 198 484 385 526; x_wconf 85' lang='lat' dir='ltr'>Petilam</span> <span class='ocrx_word' id='word_1_43' title='bbox 409 498 569 535; x_wconf 87' lang='lat' dir='ltr'>suram,</span> <span class='ocrx_word' id='word_1_44' title='bbox 592 485 772 533; x_wconf 85' lang='lat' dir='ltr'>siccam,</span> <span class='ocrx_word' id='word_1_45' title='bbox 793 488 838 524; x_wconf 90' lang='lat' dir='ltr'>et</span> <span class='ocrx_word' id='word_1_46' title='bbox 855 481 1138 523; x_wconf 84' lang='lat' dir='ltr'>substrictam</span> <span class='ocrx_word' id='word_1_47' title='bbox 1160 481 1295 534; x_wconf 90' lang='lat' dir='ltr'>vulgo</span> <span class='ocrx_word' id='word_1_48' title='bbox 1317 480 1447 523; x_wconf 87' lang='lat' dir='ltr'>inter·</span> <span class='ocrx_word' id='word_1_49' title='bbox 1477 481 1644 535; x_wconf 69' lang='lat' dir='ltr'>[FEST.</span> 
     </span>
     <span class='ocr_line' id='line_1_9' title="bbox 255 548 1585 606; baseline -0.001 -14"><span class='ocrx_word' id='word_1_50' title='bbox 255 556 522 606; x_wconf 84' lang='lat' dir='ltr'>pretantur.¹³</span> <span class='ocrx_word' id='word_1_51' title='bbox 581 551 786 593; x_wconf 85' lang='lat' dir='ltr'>Scaevola</span> <span class='ocrx_word' id='word_1_52' title='bbox 807 551 870 592; x_wconf 83' lang='lat' dir='ltr'>ait</span> <span class='ocrx_word' id='word_1_53' title='bbox 885 550 1087 602; x_wconf 77' lang='lat' dir='ltr'>ungulam</span> <span class='ocrx_word' id='word_1_54' title='bbox 1109 549 1210 603; x_wconf 88' lang='lat' dir='ltr'>equi</span> <span class='ocrx_word' id='word_1_55' title='bbox 1228 548 1374 590; x_wconf 84' lang='lat' dir='ltr'>albam</span> <span class='ocrx_word' id='word_1_56' title='bbox 1395 548 1460 589; x_wconf 86' lang='lat' dir='ltr'>ita</span> <span class='ocrx_word' id='word_1_57' title='bbox 1480 549 1585 591; x_wconf 88' lang='lat' dir='ltr'>dici.</span> 
     </span>
     <span class='ocr_line' id='line_1_10' title="bbox 200 616 1648 673; baseline -0.002 -13"><span class='ocrx_word' id='word_1_58' title='bbox 200 618 453 670; x_wconf 76' lang='lat' dir='ltr'>Petimina,g</span> <span class='ocrx_word' id='word_1_59' title='bbox 487 621 531 661; x_wconf 90' lang='lat' dir='ltr'>in</span> <span class='ocrx_word' id='word_1_60' title='bbox 571 620 762 661; x_wconf 86' lang='lat' dir='ltr'>humeris</span> <span class='ocrx_word' id='word_1_61' title='bbox 786 618 1082 673; x_wconf 91' lang='lat' dir='ltr'>jumentorum</span> <span class='ocrx_word' id='word_1_62' title='bbox 1111 618 1274 668; x_wconf 85' lang='lat' dir='ltr'>ulcera,</span> <span class='ocrx_word' id='word_1_63' title='bbox 1307 620 1352 658; x_wconf 90' lang='lat' dir='ltr'>et</span> <span class='ocrx_word' id='word_1_64' title='bbox 1379 616 1537 669; x_wconf 82' lang='lat' dir='ltr'>vulgus</span> <span class='ocrx_word' id='word_1_65' title='bbox 1568 630 1648 671; x_wconf 82' lang='lat' dir='ltr'>ap-</span> 
     </span>
     <span class='ocr_line' id='line_1_11' title="bbox 256 683 1645 741; baseline -0.003 -13"><span class='ocrx_word' id='word_1_66' title='bbox 256 687 408 741; x_wconf 84' lang='lat' dir='ltr'>pellat,</span> <span class='ocrx_word' id='word_1_67' title='bbox 430 692 476 728; x_wconf 87' lang='lat' dir='ltr'>et</span> <span class='ocrx_word' id='word_1_68' title='bbox 497 687 698 728; x_wconf 90' lang='lat' dir='ltr'>Lucilius</span> <span class='ocrx_word' id='word_1_69' title='bbox 730 686 940 737; x_wconf 83' lang='lat' dir='ltr'>meminit,</span> <span class='ocrx_word' id='word_1_70' title='bbox 975 699 1076 727; x_wconf 91' lang='grc'><strong>011111</strong></span> <span class='ocrx_word' id='word_1_71' title='bbox 1107 686 1190 727; x_wconf 83' lang='grc'><strong>311;</strong></span> <span class='ocrx_word' id='word_1_72' title='bbox 1225 683 1284 726; x_wconf 89' lang='lat' dir='ltr'>Ut</span> <span class='ocrx_word' id='word_1_73' title='bbox 1303 684 1494 739; x_wconf 86' lang='lat' dir='ltr'>petimen</span> <span class='ocrx_word' id='word_1_74' title='bbox 1519 696 1645 734; x_wconf 84' lang='lat' dir='ltr'>naso,</span> 
     </span>
     <span class='ocr_line' id='line_1_12' title="bbox 256 751 1647 808; baseline -0.004 -12"><span class='ocrx_word' id='word_1_75' title='bbox 256 759 332 796; x_wconf 85' lang='lat' dir='ltr'>aut</span> <span class='ocrx_word' id='word_1_76' title='bbox 351 755 529 796; x_wconf 90' lang='lat' dir='ltr'>lumbos</span> <span class='ocrx_word' id='word_1_77' title='bbox 551 754 795 796; x_wconf 86' lang='lat' dir='ltr'>cervicibus</span> <span class='ocrx_word' id='word_1_78' title='bbox 815 757 986 808; x_wconf 82' lang='lat' dir='ltr'>tangat:</span> <span class='ocrx_word' id='word_1_79' title='bbox 1022 766 1076 795; x_wconf 93' lang='lat' dir='ltr'>eo</span> <span class='ocrx_word' id='word_1_80' title='bbox 1096 753 1271 794; x_wconf 88' lang='lat' dir='ltr'>nomine</span> <span class='ocrx_word' id='word_1_81' title='bbox 1302 757 1449 793; x_wconf 81' lang='lat' dir='ltr'>autem</span> <span class='ocrx_word' id='word_1_82' title='bbox 1471 755 1516 792; x_wconf 91' lang='lat' dir='ltr'>et</span> <span class='ocrx_word' id='word_1_83' title='bbox 1534 751 1647 792; x_wconf 82' lang='grc'><strong>111101</strong></span> 
     </span>
     <span class='ocr_line' id='line_1_13' title="bbox 257 819 1648 876; baseline -0.002 -14"><span class='ocrx_word' id='word_1_84' title='bbox 257 823 366 863; x_wconf 85' lang='grc'><strong>(11103</strong></span> <span class='ocrx_word' id='word_1_85' title='bbox 389 835 538 864; x_wconf 84' lang='lat' dir='ltr'>armos</span> <span class='ocrx_word' id='word_1_86' title='bbox 559 823 652 864; x_wconf 88' lang='lat' dir='ltr'>suis</span> <span class='ocrx_word' id='word_1_87' title='bbox 674 822 793 876; x_wconf 90' lang='lat' dir='ltr'>quod</span> <span class='ocrx_word' id='word_1_88' title='bbox 821 823 906 873; x_wconf 88' lang='lat' dir='ltr'>est,</span> <span class='ocrx_word' id='word_1_89' title='bbox 931 827 1009 864; x_wconf 87' lang='grc'><strong>3111</strong></span> <span class='ocrx_word' id='word_1_90' title='bbox 1025 825 1199 876; x_wconf 86' lang='lat' dir='ltr'>pectus,</span> <span class='ocrx_word' id='word_1_91' title='bbox 1220 820 1438 876; x_wconf 82' lang='lat' dir='ltr'>appellari</span> <span class='ocrx_word' id='word_1_92' title='bbox 1465 819 1648 860; x_wconf 90' lang='lat' dir='ltr'>solitum</span> 
     </span>
     <span class='ocr_line' id='line_1_14' title="bbox 257 887 1649 945; baseline -0.002 -15"><span class='ocrx_word' id='word_1_93' title='bbox 257 893 438 931; x_wconf 85' lang='lat' dir='ltr'>testatur</span> <span class='ocrx_word' id='word_1_94' title='bbox 471 889 660 932; x_wconf 88' lang='lat' dir='ltr'>Naevius</span> <span class='ocrx_word' id='word_1_95' title='bbox 693 891 738 931; x_wconf 91' lang='lat' dir='ltr'>in</span> <span class='ocrx_word' id='word_1_96' title='bbox 774 890 1063 945; x_wconf 84' lang='lat' dir='ltr'>descriptione</span> <span class='ocrx_word' id='word_1_97' title='bbox 1104 890 1259 941; x_wconf 79' lang='lat' dir='ltr'>suillae,</span> <span class='ocrx_word' id='word_1_98' title='bbox 1295 902 1393 931; x_wconf 87' lang='lat' dir='ltr'>cum</span> <span class='ocrx_word' id='word_1_99' title='bbox 1423 888 1506 930; x_wconf 85' lang='lat' dir='ltr'>ait:</span> <span class='ocrx_word' id='word_1_100' title='bbox 1536 887 1649 940; x_wconf 85' lang='lat' dir='ltr'>peti-</span> 
     </span>
    </p>
   </div>
   <div class='ocr_carea' id='block_1_7' title="bbox 203 957 1203 1081">
    <p class='ocr_par' dir='ltr' id='par_1_7' title="bbox 203 957 1203 1081">
     <span class='ocr_line' id='line_1_15' title="bbox 256 957 922 1012; baseline 0.005 -15"><span class='ocrx_word' id='word_1_101' title='bbox 256 957 371 998; x_wconf 88' lang='lat' dir='ltr'>mine</span> <span class='ocrx_word' id='word_1_102' title='bbox 393 957 566 1011; x_wconf 88' lang='lat' dir='ltr'>piscino</span> <span class='ocrx_word' id='word_1_103' title='bbox 589 959 665 1012; x_wconf 90' lang='lat' dir='ltr'>qui</span> <span class='ocrx_word' id='word_1_104' title='bbox 692 962 922 1001; x_wconf 87' lang='lat' dir='ltr'>meruerat.</span> 
     </span>
     <span class='ocr_line' id='line_1_16' title="bbox 203 1024 1203 1081; baseline 0.001 -16"><span class='ocrx_word' id='word_1_105' title='bbox 203 1024 433 1075; x_wconf 86' lang='lat' dir='ltr'>Petimina,</span> <span class='ocrx_word' id='word_1_106' title='bbox 452 1025 496 1066; x_wconf 90' lang='lat' dir='ltr'>in</span> <span class='ocrx_word' id='word_1_107' title='bbox 517 1024 710 1068; x_wconf 88' lang='lat' dir='ltr'>humeris</span> <span class='ocrx_word' id='word_1_108' title='bbox 726 1026 1023 1081; x_wconf 86' lang='lat' dir='ltr'>jumentorum</span> <span class='ocrx_word' id='word_1_109' title='bbox 1043 1025 1203 1067; x_wconf 83' lang='lat' dir='ltr'>ulcera.</span> 
     </span>
    </p>
   </div>
   <div class='ocr_carea' id='block_1_8' title="bbox 204 1092 639 1147">
    <p class='ocr_par' dir='ltr' id='par_1_8' title="bbox 204 1092 639 1147">
     <span class='ocr_line' id='line_1_17' title="bbox 204 1092 639 1147; baseline 0.002 -14"><span class='ocrx_word' id='word_1_110' title='bbox 204 1092 454 1144; x_wconf 84' lang='lat' dir='ltr'>Petisscre‚¹¹</span> <span class='ocrx_word' id='word_1_111' title='bbox 475 1098 639 1147; x_wconf 86' lang='lat' dir='ltr'>petere.</span> 
     </span>
    </p>
   </div>
   <div class='ocr_carea' id='block_1_9' title="bbox 1468 1021 1645 1077">
    <p class='ocr_par' dir='ltr' id='par_1_9' title="bbox 1468 1021 1645 1077">
     <span class='ocr_line' id='line_1_18' title="bbox 1468 1021 1645 1077; baseline -0.023 -14"><span class='ocrx_word' id='word_1_112' title='bbox 1468 1021 1645 1077; x_wconf 55' lang='lat' dir='ltr'>[mnu</span> 
     </span>
    </p>
   </div>
   <div class='ocr_carea' id='block_1_10' title="bbox 807 1222 1027 1235">
    <p class='ocr_par' dir='ltr' id='par_1_10' title="bbox 807 1222 1027 1235">
     <span class='ocr_line' id='line_1_19' title="bbox 807 1222 1027 1235; baseline 0 -1"><span class='ocrx_word' id='word_1_113' title='bbox 807 1222 1027 1235; x_wconf 51' lang='lat' dir='ltr'>“tenete“</span> 
     </span>
    </p>
   </div>
   <div class='ocr_carea' id='block_1_11' title="bbox 248 1309 1652 1353">
    <p class='ocr_par' dir='ltr' id='par_1_11' title="bbox 248 1309 1652 1353">
     <span class='ocr_line' id='line_1_20' title="bbox 248 1309 1652 1353; baseline -0.001 -13"><span class='ocrx_word' id='word_1_114' title='bbox 248 1312 287 1341; x_wconf 82' lang='lat'>12</span> <span class='ocrx_word' id='word_1_115' title='bbox 310 1309 371 1341; x_wconf 89' lang='lat' dir='ltr'>Vir</span> <span class='ocrx_word' id='word_1_116' title='bbox 386 1309 479 1342; x_wconf 87' lang='lat' dir='ltr'>doct.</span> <span class='ocrx_word' id='word_1_117' title='bbox 496 1310 530 1342; x_wconf 90' lang='lat' dir='ltr'>in</span> <span class='ocrx_word' id='word_1_118' title='bbox 546 1320 651 1353; x_wconf 85' lang='lat' dir='ltr'>marg.</span> <span class='ocrx_word' id='word_1_119' title='bbox 669 1311 725 1344; x_wconf 85' lang='lat' dir='ltr'>ed.</span> <span class='ocrx_word' id='word_1_120' title='bbox 741 1311 829 1344; x_wconf 82' lang='lat' dir='ltr'>scal.</span> <span class='ocrx_word' id='word_1_121' title='bbox 848 1312 991 1353; x_wconf 89' lang='lat' dir='ltr'>conjicit</span> <span class='ocrx_word' id='word_1_122' title='bbox 1007 1311 1083 1353; x_wconf 75' lang='grc' dir='ltr'><strong><em>πρὸς</em></strong></span> <span class='ocrx_word' id='word_1_123' title='bbox 1099 1311 1287 1352; x_wconf 74' lang='grc' dir='ltr'><strong>αὔρας.-13</strong></span> <span class='ocrx_word' id='word_1_124' title='bbox 1312 1310 1376 1344; x_wconf 91' lang='lat' dir='ltr'>Ed.</span> <span class='ocrx_word' id='word_1_125' title='bbox 1393 1309 1485 1342; x_wconf 87' lang='lat' dir='ltr'>Scal.</span> <span class='ocrx_word' id='word_1_126' title='bbox 1501 1309 1652 1349; x_wconf 80' lang='lat' dir='ltr'>interpre-</span> 
     </span>
    </p>
   </div>
   <div class='ocr_carea' id='block_1_12' title="bbox 206 1356 303 1384">
    <p class='ocr_par' dir='ltr' id='par_1_12' title="bbox 206 1356 303 1384">
     <span class='ocr_line' id='line_1_21' title="bbox 206 1356 303 1384; baseline 0.01 -1"><span class='ocrx_word' id='word_1_127' title='bbox 206 1356 303 1384; x_wconf 79' lang='lat' dir='ltr'>tatur.</span> 
     </span>
    </p>
   </div>
   <div class='ocr_carea' id='block_1_13' title="bbox 858 1479 999 1512">
    <p class='ocr_par' dir='ltr' id='par_1_13' title="bbox 858 1479 999 1512">
     <span class='ocr_line' id='line_1_22' title="bbox 858 1479 999 1512; baseline 0 0"><span class='ocrx_word' id='word_1_128' title='bbox 858 1479 999 1512; x_wconf 87' lang='lat' dir='ltr'><strong>NOTAE</strong></span> 
     </span>
    </p>
   </div>
   <div class='ocr_carea' id='block_1_14' title="bbox 206 1575 919 2734">
    <p class='ocr_par' dir='ltr' id='par_1_14' title="bbox 206 1575 913 2229">
     <span class='ocr_line' id='line_1_23' title="bbox 208 1575 905 1617; baseline 0.001 -11"><span class='ocrx_word' id='word_1_129' title='bbox 208 1578 392 1616; x_wconf 87' lang='lat' dir='ltr'>propterea</span> <span class='ocrx_word' id='word_1_130' title='bbox 406 1575 605 1617; x_wconf 78' lang='grc' dir='ltr'>πεταυρισταὶ</span> <span class='ocrx_word' id='word_1_131' title='bbox 628 1575 724 1608; x_wconf 87' lang='lat' dir='ltr'>dicti.</span> <span class='ocrx_word' id='word_1_132' title='bbox 770 1576 822 1607; x_wconf 91' lang='lat' dir='ltr'>De</span> <span class='ocrx_word' id='word_1_133' title='bbox 838 1585 905 1617; x_wconf 92' lang='lat' dir='ltr'>quo</span> 
     </span>
     <span class='ocr_line' id='line_1_24' title="bbox 208 1627 907 1669; baseline 0.001 -12"><span class='ocrx_word' id='word_1_134' title='bbox 208 1628 316 1658; x_wconf 85' lang='lat' dir='ltr'>multa</span> <span class='ocrx_word' id='word_1_135' title='bbox 345 1627 527 1669; x_wconf 87' lang='lat' dir='ltr'>aliquando</span> <span class='ocrx_word' id='word_1_136' title='bbox 558 1627 709 1659; x_wconf 87' lang='lat' dir='ltr'>dicemus</span> <span class='ocrx_word' id='word_1_137' title='bbox 735 1627 769 1658; x_wconf 92' lang='lat' dir='ltr'>iu</span> <span class='ocrx_word' id='word_1_138' title='bbox 794 1627 907 1658; x_wconf 91' lang='lat' dir='ltr'>Mani-</span> 
     </span>
     <span class='ocr_line' id='line_1_25' title="bbox 206 1677 908 1719; baseline -0.001 -10"><span class='ocrx_word' id='word_1_139' title='bbox 206 1677 300 1712; x_wconf 85' lang='lat' dir='ltr'>lium,</span> <span class='ocrx_word' id='word_1_140' title='bbox 317 1677 452 1719; x_wconf 65' lang='lat' dir='ltr'>poetam</span> <span class='ocrx_word' id='word_1_141' title='bbox 477 1678 754 1710; x_wconf 84' lang='lat' dir='ltr'>eruditissimum.</span> <span class='ocrx_word' id='word_1_142' title='bbox 799 1677 908 1709; x_wconf 87' lang='lat' dir='ltr'>Sumi-</span> 
     </span>
     <span class='ocr_line' id='line_1_26' title="bbox 209 1728 909 1770; baseline 0.003 -12"><span class='ocrx_word' id='word_1_143' title='bbox 209 1733 265 1759; x_wconf 83' lang='lat' dir='ltr'>tur</span> <span class='ocrx_word' id='word_1_144' title='bbox 289 1732 324 1759; x_wconf 87' lang='lat' dir='ltr'>et</span> <span class='ocrx_word' id='word_1_145' title='bbox 349 1738 411 1769; x_wconf 91' lang='lat' dir='ltr'>pro</span> <span class='ocrx_word' id='word_1_146' title='bbox 439 1728 602 1760; x_wconf 81' lang='lat' dir='ltr'>saltatore</span> <span class='ocrx_word' id='word_1_147' title='bbox 626 1733 772 1770; x_wconf 84' lang='lat' dir='ltr'>tantum,</span> <span class='ocrx_word' id='word_1_148' title='bbox 796 1734 832 1760; x_wconf 93' lang='lat' dir='ltr'>et</span> <span class='ocrx_word' id='word_1_149' title='bbox 854 1738 909 1764; x_wconf 82' lang='lat' dir='ltr'>eo,</span> 
     </span>
     <span class='ocr_line' id='line_1_27' title="bbox 210 1778 909 1820; baseline 0.001 -10"><span class='ocrx_word' id='word_1_150' title='bbox 210 1780 267 1820; x_wconf 92' lang='lat' dir='ltr'>qui</span> <span class='ocrx_word' id='word_1_151' title='bbox 295 1778 388 1810; x_wconf 86' lang='lat' dir='ltr'>flexu</span> <span class='ocrx_word' id='word_1_152' title='bbox 419 1779 572 1820; x_wconf 87' lang='lat' dir='ltr'>corporis</span> <span class='ocrx_word' id='word_1_153' title='bbox 602 1780 709 1811; x_wconf 85' lang='lat' dir='ltr'>multa</span> <span class='ocrx_word' id='word_1_154' title='bbox 737 1780 909 1812; x_wconf 83' lang='lat' dir='ltr'>schemata</span> 
     </span>
     <span class='ocr_line' id='line_1_28' title="bbox 209 1829 906 1870; baseline 0.001 -9"><span class='ocrx_word' id='word_1_155' title='bbox 209 1829 293 1862; x_wconf 85' lang='lat' dir='ltr'>edit.</span> <span class='ocrx_word' id='word_1_156' title='bbox 337 1830 449 1861; x_wconf 86' lang='lat' dir='ltr'>Varro</span> <span class='ocrx_word' id='word_1_157' title='bbox 475 1830 622 1870; x_wconf 86' lang='lat' dir='ltr'>epistola</span> <span class='ocrx_word' id='word_1_158' title='bbox 646 1831 686 1861; x_wconf 90' lang='lat' dir='ltr'>ad</span> <span class='ocrx_word' id='word_1_159' title='bbox 717 1831 906 1863; x_wconf 87' lang='lat' dir='ltr'>Caesarem:</span> 
     </span>
     <span class='ocr_line' id='line_1_29' title="bbox 210 1879 909 1921; baseline 0 -10"><span class='ocrx_word' id='word_1_160' title='bbox 210 1881 219 1897; x_wconf 93' lang='lat'>‘</span> <span class='ocrx_word' id='word_1_161' title='bbox 250 1880 335 1911; x_wconf 87' lang='lat' dir='ltr'>Cum</span> <span class='ocrx_word' id='word_1_162' title='bbox 367 1885 467 1911; x_wconf 89' lang='lat' dir='ltr'>vocat</span> <span class='ocrx_word' id='word_1_163' title='bbox 497 1880 724 1912; x_wconf 62' lang='lat' dir='ltr'>Ptolemaeum</span> <span class='ocrx_word' id='word_1_164' title='bbox 765 1879 909 1921; x_wconf 82' lang='grc' dir='ltr'>κίναιδον,</span> 
     </span>
     <span class='ocr_line' id='line_1_30' title="bbox 210 1930 911 1972; baseline 0 -10"><span class='ocrx_word' id='word_1_165' title='bbox 210 1930 355 1972; x_wconf 75' lang='grc' dir='ltr'>ἷαονικὸν,</span> <span class='ocrx_word' id='word_1_166' title='bbox 365 1931 586 1972; x_wconf 80' lang='grc' dir='ltr'>πεταυριστὴν,</span> <span class='ocrx_word' id='word_1_167' title='bbox 600 1932 711 1971; x_wconf 79' lang='grc' dir='ltr'>διονῦν,</span> <span class='ocrx_word' id='word_1_168' title='bbox 724 1930 911 1963; x_wconf 84' lang='grc' dir='ltr'>αὐλοποιόν.’</span> 
     </span>
     <span class='ocr_line' id='line_1_31' title="bbox 211 1982 909 2016; baseline -0.001 -1"><span class='ocrx_word' id='word_1_169' title='bbox 211 1984 298 2016; x_wconf 76' lang='lat' dir='ltr'>Quae</span> <span class='ocrx_word' id='word_1_170' title='bbox 322 1982 505 2014; x_wconf 82' lang='lat' dir='ltr'>manifesto</span> <span class='ocrx_word' id='word_1_171' title='bbox 529 1982 622 2014; x_wconf 86' lang='lat' dir='ltr'>dicta</span> <span class='ocrx_word' id='word_1_172' title='bbox 639 1989 717 2014; x_wconf 87' lang='lat' dir='ltr'>sunt</span> <span class='ocrx_word' id='word_1_173' title='bbox 733 1983 776 2015; x_wconf 90' lang='lat' dir='ltr'>de</span> <span class='ocrx_word' id='word_1_174' title='bbox 792 1983 909 2014; x_wconf 85' lang='lat' dir='ltr'>Ptole-</span> 
     </span>
     <span class='ocr_line' id='line_1_32' title="bbox 209 2033 910 2076; baseline -0.001 -11"><span class='ocrx_word' id='word_1_175' title='bbox 209 2045 295 2065; x_wconf 85' lang='lat' dir='ltr'>maeo</span> <span class='ocrx_word' id='word_1_176' title='bbox 325 2034 448 2066; x_wconf 86' lang='lat' dir='ltr'>Aulete</span> <span class='ocrx_word' id='word_1_177' title='bbox 476 2035 572 2075; x_wconf 84' lang='lat' dir='ltr'>Rege</span> <span class='ocrx_word' id='word_1_178' title='bbox 600 2033 750 2076; x_wconf 81' lang='lat' dir='ltr'>AEgypti.</span> <span class='ocrx_word' id='word_1_179' title='bbox 802 2035 910 2065; x_wconf 82' lang='lat' dir='ltr'>Locus</span> 
     </span>
     <span class='ocr_line' id='line_1_33' title="bbox 209 2085 911 2126; baseline -0.001 -9"><span class='ocrx_word' id='word_1_180' title='bbox 209 2086 371 2117; x_wconf 86' lang='lat' dir='ltr'>Varronis</span> <span class='ocrx_word' id='word_1_181' title='bbox 386 2086 419 2117; x_wconf 93' lang='lat' dir='ltr'>in</span> <span class='ocrx_word' id='word_1_182' title='bbox 434 2085 538 2116; x_wconf 84' lang='lat' dir='ltr'>Nouii</span> <span class='ocrx_word' id='word_1_183' title='bbox 555 2086 729 2117; x_wconf 82' lang='lat' dir='ltr'>codicibus</span> <span class='ocrx_word' id='word_1_184' title='bbox 748 2085 911 2126; x_wconf 84' lang='lat' dir='ltr'>deprava-</span> 
     </span>
     <span class='ocr_line' id='line_1_34' title="bbox 210 2135 913 2177; baseline -0.003 -9"><span class='ocrx_word' id='word_1_185' title='bbox 210 2140 263 2168; x_wconf 90' lang='lat' dir='ltr'>tus</span> <span class='ocrx_word' id='word_1_186' title='bbox 279 2141 343 2168; x_wconf 86' lang='lat' dir='ltr'>est.</span> <span class='ocrx_word' id='word_1_187' title='bbox 387 2136 472 2176; x_wconf 88' lang='lat' dir='ltr'>Nos,</span> <span class='ocrx_word' id='word_1_188' title='bbox 493 2140 529 2167; x_wconf 87' lang='lat' dir='ltr'>ut</span> <span class='ocrx_word' id='word_1_189' title='bbox 545 2135 724 2176; x_wconf 79' lang='lat' dir='ltr'>legendum</span> <span class='ocrx_word' id='word_1_190' title='bbox 743 2141 913 2177; x_wconf 85' lang='lat' dir='ltr'>putamus,</span> 
     </span>
     <span class='ocr_line' id='line_1_35' title="bbox 214 2186 589 2229; baseline -0.008 -10"><span class='ocrx_word' id='word_1_191' title='bbox 214 2188 397 2229; x_wconf 85' lang='lat' dir='ltr'>posuimus.</span> <span class='ocrx_word' id='word_1_192' title='bbox 420 2188 488 2218; x_wconf 88' lang='lat' dir='ltr'>Jos.</span> <span class='ocrx_word' id='word_1_193' title='bbox 505 2186 589 2218; x_wconf 76' lang='lat' dir='ltr'>Scal-</span> 
     </span>
    </p>

    <p class='ocr_par' dir='ltr' id='par_1_15' title="bbox 208 2236 919 2734">
     <span class='ocr_line' id='line_1_36' title="bbox 255 2236 913 2277; baseline -0.002 -8"><span class='ocrx_word' id='word_1_194' title='bbox 255 2237 269 2257; x_wconf 80' lang='lat' dir='ltr'>f</span> <span class='ocrx_word' id='word_1_195' title='bbox 288 2238 426 2269; x_wconf 84' lang='lat' dir='ltr'>Petilam</span> <span class='ocrx_word' id='word_1_196' title='bbox 455 2237 574 2277; x_wconf 83' lang='lat' dir='ltr'>suram]</span> <span class='ocrx_word' id='word_1_197' title='bbox 610 2236 688 2268; x_wconf 91' lang='lat' dir='ltr'>Non</span> <span class='ocrx_word' id='word_1_198' title='bbox 721 2236 820 2268; x_wconf 87' lang='lat' dir='ltr'>video</span> <span class='ocrx_word' id='word_1_199' title='bbox 851 2246 913 2268; x_wconf 82' lang='lat' dir='ltr'>cur</span> 
     </span>
     <span class='ocr_line' id='line_1_37' title="bbox 208 2288 914 2330; baseline -0.001 -10"><span class='ocrx_word' id='word_1_200' title='bbox 208 2289 339 2330; x_wconf 80' lang='lat' dir='ltr'>petilam</span> <span class='ocrx_word' id='word_1_201' title='bbox 368 2298 473 2319; x_wconf 84' lang='lat' dir='ltr'>suram</span> <span class='ocrx_word' id='word_1_202' title='bbox 496 2288 647 2319; x_wconf 84' lang='lat' dir='ltr'>Scaevola</span> <span class='ocrx_word' id='word_1_203' title='bbox 673 2290 682 2306; x_wconf 95' lang='lat'>‘</span> <span class='ocrx_word' id='word_1_204' title='bbox 699 2288 809 2319; x_wconf 87' lang='lat' dir='ltr'>albam</span> <span class='ocrx_word' id='word_1_205' title='bbox 834 2288 914 2329; x_wconf 88' lang='lat' dir='ltr'>equi</span> 
     </span>
     <span class='ocr_line' id='line_1_38' title="bbox 213 2338 914 2380; baseline -0.003 -10"><span class='ocrx_word' id='word_1_206' title='bbox 213 2338 389 2380; x_wconf 84' lang='lat' dir='ltr'>ungulam&#39;</span> <span class='ocrx_word' id='word_1_207' title='bbox 418 2339 676 2378; x_wconf 83' lang='lat' dir='ltr'>interpretetur,</span> <span class='ocrx_word' id='word_1_208' title='bbox 700 2347 777 2368; x_wconf 89' lang='lat' dir='ltr'>nam</span> <span class='ocrx_word' id='word_1_209' title='bbox 798 2338 914 2378; x_wconf 75' lang='lat' dir='ltr'>petitus</span> 
     </span>
     <span class='ocr_line' id='line_1_39' title="bbox 214 2388 915 2429; baseline -0.006 -8"><span class='ocrx_word' id='word_1_210' title='bbox 214 2395 265 2421; x_wconf 83' lang='lat' dir='ltr'>est</span> <span class='ocrx_word' id='word_1_211' title='bbox 293 2390 417 2425; x_wconf 89' lang='lat' dir='ltr'>siccus,</span> <span class='ocrx_word' id='word_1_212' title='bbox 448 2388 572 2426; x_wconf 81' lang='lat' dir='ltr'>tenuis,</span> <span class='ocrx_word' id='word_1_213' title='bbox 604 2388 713 2429; x_wconf 87' lang='lat' dir='ltr'>exilis,</span> <span class='ocrx_word' id='word_1_214' title='bbox 743 2388 915 2428; x_wconf 86' lang='lat' dir='ltr'>strigosus,</span> 
     </span>
     <span class='ocr_line' id='line_1_40' title="bbox 215 2436 916 2479; baseline -0.004 -8"><span class='ocrx_word' id='word_1_215' title='bbox 215 2449 340 2479; x_wconf 84' lang='lat' dir='ltr'>macer,</span> <span class='ocrx_word' id='word_1_216' title='bbox 363 2449 382 2469; x_wconf 92' lang='lat' dir='ltr'>a</span> <span class='ocrx_word' id='word_1_217' title='bbox 408 2439 531 2470; x_wconf 84' lang='lat' dir='ltr'>Graeco</span> <span class='ocrx_word' id='word_1_218' title='bbox 555 2437 706 2476; x_wconf 82' lang='grc' dir='ltr'>πέταλον,</span> <span class='ocrx_word' id='word_1_219' title='bbox 726 2436 856 2473; x_wconf 87' lang='lat' dir='ltr'>folium,</span> <span class='ocrx_word' id='word_1_220' title='bbox 880 2443 916 2468; x_wconf 88' lang='lat' dir='ltr'>et</span> 
     </span>
     <span class='ocr_line' id='line_1_41' title="bbox 216 2488 917 2531; baseline -0.001 -11"><span class='ocrx_word' id='word_1_221' title='bbox 216 2491 296 2531; x_wconf 85' lang='lat' dir='ltr'>quia</span> <span class='ocrx_word' id='word_1_222' title='bbox 311 2489 393 2520; x_wconf 84' lang='lat' dir='ltr'>folia</span> <span class='ocrx_word' id='word_1_223' title='bbox 409 2489 510 2520; x_wconf 81' lang='lat' dir='ltr'>exilia</span> <span class='ocrx_word' id='word_1_224' title='bbox 525 2493 615 2524; x_wconf 83' lang='lat' dir='ltr'>sunt,</span> <span class='ocrx_word' id='word_1_225' title='bbox 637 2488 715 2519; x_wconf 91' lang='lat' dir='ltr'>inde</span> <span class='ocrx_word' id='word_1_226' title='bbox 739 2488 852 2520; x_wconf 89' lang='lat' dir='ltr'>omnia</span> <span class='ocrx_word' id='word_1_227' title='bbox 868 2493 917 2519; x_wconf 81' lang='lat' dir='ltr'>te-</span> 
     </span>
     <span class='ocr_line' id='line_1_42' title="bbox 215 2539 918 2580; baseline -0.003 -8"><span class='ocrx_word' id='word_1_228' title='bbox 215 2541 296 2572; x_wconf 88' lang='grc'><strong>111113</strong></span> <span class='ocrx_word' id='word_1_229' title='bbox 322 2545 358 2571; x_wconf 85' lang='grc'>01</span> <span class='ocrx_word' id='word_1_230' title='bbox 383 2541 528 2580; x_wconf 83' lang='lat' dir='ltr'>strigosa</span> <span class='ocrx_word' id='word_1_231' title='bbox 551 2540 668 2580; x_wconf 82' lang='lat' dir='ltr'>petala,</span> <span class='ocrx_word' id='word_1_232' title='bbox 692 2539 789 2579; x_wconf 79' lang='lat' dir='ltr'>petila</span> <span class='ocrx_word' id='word_1_233' title='bbox 815 2539 918 2571; x_wconf 85' lang='lat' dir='ltr'>dicta.</span> 
     </span>
     <span class='ocr_line' id='line_1_43' title="bbox 217 2590 917 2631; baseline -0.004 -7"><span class='ocrx_word' id='word_1_234' title='bbox 217 2592 385 2624; x_wconf 86' lang='lat' dir='ltr'>Lucilius:</span> <span class='ocrx_word' id='word_1_235' title='bbox 411 2593 420 2609; x_wconf 91' lang='lat'>‘</span> <span class='ocrx_word' id='word_1_236' title='bbox 439 2591 582 2631; x_wconf 82' lang='lat' dir='ltr'>Insignis</span> <span class='ocrx_word' id='word_1_237' title='bbox 600 2591 689 2622; x_wconf 84' lang='lat' dir='ltr'>varis</span> <span class='ocrx_word' id='word_1_238' title='bbox 704 2596 740 2622; x_wconf 92' lang='lat' dir='ltr'>et</span> <span class='ocrx_word' id='word_1_239' title='bbox 760 2590 917 2622; x_wconf 87' lang='lat' dir='ltr'>cruribus</span> 
     </span>
     <span class='ocr_line' id='line_1_44' title="bbox 219 2641 918 2685; baseline -0.003 -10"><span class='ocrx_word' id='word_1_240' title='bbox 219 2649 322 2685; x_wconf 85' lang='lat' dir='ltr'>atque</span> <span class='ocrx_word' id='word_1_241' title='bbox 339 2641 475 2684; x_wconf 82' lang='lat' dir='ltr'>petilis.’</span> <span class='ocrx_word' id='word_1_242' title='bbox 520 2643 583 2674; x_wconf 80' lang='lat' dir='ltr'>Est</span> <span class='ocrx_word' id='word_1_243' title='bbox 609 2642 715 2683; x_wconf 82' lang='lat' dir='ltr'>igitur</span> <span class='ocrx_word' id='word_1_244' title='bbox 732 2641 821 2683; x_wconf 83' lang='lat' dir='ltr'>apud</span> <span class='ocrx_word' id='word_1_245' title='bbox 838 2642 918 2673; x_wconf 85' lang='lat' dir='ltr'>Nae-</span> 
     </span>
     <span class='ocr_line' id='line_1_45' title="bbox 219 2693 919 2734; baseline 0 -9"><span class='ocrx_word' id='word_1_246' title='bbox 219 2693 308 2725; x_wconf 85' lang='lat' dir='ltr'>vium</span> <span class='ocrx_word' id='word_1_247' title='bbox 331 2693 426 2734; x_wconf 80' lang='lat' dir='ltr'>petila</span> <span class='ocrx_word' id='word_1_248' title='bbox 445 2702 530 2734; x_wconf 82' lang='lat' dir='ltr'>sura,</span> <span class='ocrx_word' id='word_1_249' title='bbox 558 2694 648 2726; x_wconf 82' lang='lat' dir='ltr'>sicca</span> <span class='ocrx_word' id='word_1_250' title='bbox 675 2703 752 2725; x_wconf 80' lang='lat' dir='ltr'>sura</span> <span class='ocrx_word' id='word_1_251' title='bbox 779 2698 814 2725; x_wconf 88' lang='lat' dir='ltr'>et</span> <span class='ocrx_word' id='word_1_252' title='bbox 841 2693 919 2725; x_wconf 85' lang='lat' dir='ltr'>sub·</span> 
     </span>
    </p>
   </div>
   <div class='ocr_carea' id='block_1_15' title="bbox 959 1573 1669 2681">
    <p class='ocr_par' dir='ltr' id='par_1_16' title="bbox 959 1573 1655 1665">
     <span class='ocr_line' id='line_1_46' title="bbox 959 1573 1655 1616; baseline -0.001 -11"><span class='ocrx_word' id='word_1_253' title='bbox 959 1573 1091 1611; x_wconf 87' lang='lat' dir='ltr'>stricta,</span> <span class='ocrx_word' id='word_1_254' title='bbox 1108 1574 1297 1616; x_wconf 84' lang='lat' dir='ltr'>cujusmodi</span> <span class='ocrx_word' id='word_1_255' title='bbox 1321 1574 1377 1616; x_wconf 91' lang='lat' dir='ltr'>qui</span> <span class='ocrx_word' id='word_1_256' title='bbox 1404 1573 1533 1606; x_wconf 82' lang='lat' dir='ltr'>habent</span> <span class='ocrx_word' id='word_1_257' title='bbox 1552 1581 1655 1615; x_wconf 85' lang='lat' dir='ltr'>equos</span> 
     </span>
     <span class='ocr_line' id='line_1_47' title="bbox 960 1623 1564 1665; baseline -0.003 -9"><span class='ocrx_word' id='word_1_258' title='bbox 960 1625 1173 1665; x_wconf 78' lang='grc' dir='ltr'>κακοσκελεῖς,</span> <span class='ocrx_word' id='word_1_259' title='bbox 1190 1629 1290 1657; x_wconf 86' lang='lat' dir='ltr'>vocat</span> <span class='ocrx_word' id='word_1_260' title='bbox 1303 1624 1459 1665; x_wconf 85' lang='lat' dir='ltr'>Xenoph.</span> <span class='ocrx_word' id='word_1_261' title='bbox 1482 1623 1564 1655; x_wconf 77' lang='lat' dir='ltr'>Dae.</span> 
     </span>
    </p>

    <p class='ocr_par' dir='ltr' id='par_1_17' title="bbox 959 1675 1663 2219">
     <span class='ocr_line' id='line_1_48' title="bbox 1002 1675 1658 1718; baseline -0.002 -11"><span class='ocrx_word' id='word_1_262' title='bbox 1002 1681 1017 1703; x_wconf 66' lang='grc' dir='ltr'>ὁ·</span> <span class='ocrx_word' id='word_1_263' title='bbox 1041 1676 1215 1718; x_wconf 77' lang='lat' dir='ltr'>Petimz&#39;na]</span> <span class='ocrx_word' id='word_1_264' title='bbox 1252 1675 1483 1708; x_wconf 81' lang='lat' dir='ltr'>Glossarium:</span> <span class='ocrx_word' id='word_1_265' title='bbox 1518 1676 1528 1694; x_wconf 87' lang='lat'>‘</span> <span class='ocrx_word' id='word_1_266' title='bbox 1550 1675 1658 1706; x_wconf 85' lang='lat' dir='ltr'>Petu-</span> 
     </span>
     <span class='ocr_line' id='line_1_49' title="bbox 959 1726 1658 1769; baseline -0.004 -10"><span class='ocrx_word' id='word_1_267' title='bbox 959 1737 1053 1769; x_wconf 90' lang='lat' dir='ltr'>men,</span> <span class='ocrx_word' id='word_1_268' title='bbox 1068 1726 1199 1765; x_wconf 83' lang='grc' dir='ltr'>κτήνους</span> <span class='ocrx_word' id='word_1_269' title='bbox 1211 1726 1322 1760; x_wconf 83' lang='grc' dir='ltr'>ἕλκος.’</span> <span class='ocrx_word' id='word_1_270' title='bbox 1355 1727 1490 1759; x_wconf 90' lang='lat' dir='ltr'>Servius</span> <span class='ocrx_word' id='word_1_271' title='bbox 1504 1726 1658 1757; x_wconf 83' lang='lat' dir='ltr'>Danielis</span> 
     </span>
     <span class='ocr_line' id='line_1_50' title="bbox 960 1777 1660 1820; baseline -0.004 -10"><span class='ocrx_word' id='word_1_272' title='bbox 960 1779 1062 1820; x_wconf 87' lang='lat' dir='ltr'>paulo</span> <span class='ocrx_word' id='word_1_273' title='bbox 1086 1779 1207 1811; x_wconf 87' lang='lat' dir='ltr'>aliter:</span> <span class='ocrx_word' id='word_1_274' title='bbox 1231 1779 1240 1795; x_wconf 93' lang='lat'>‘</span> <span class='ocrx_word' id='word_1_275' title='bbox 1257 1777 1428 1816; x_wconf 84' lang='lat' dir='ltr'>Pleiades,</span> <span class='ocrx_word' id='word_1_276' title='bbox 1449 1778 1579 1818; x_wconf 88' lang='lat' dir='ltr'>signum</span> <span class='ocrx_word' id='word_1_277' title='bbox 1607 1780 1660 1807; x_wconf 90' lang='lat' dir='ltr'>est</span> 
     </span>
     <span class='ocr_line' id='line_1_51' title="bbox 959 1826 1661 1870; baseline -0.006 -10"><span class='ocrx_word' id='word_1_278' title='bbox 959 1834 1037 1861; x_wconf 90' lang='lat' dir='ltr'>ante</span> <span class='ocrx_word' id='word_1_279' title='bbox 1063 1839 1175 1870; x_wconf 86' lang='lat' dir='ltr'>genua</span> <span class='ocrx_word' id='word_1_280' title='bbox 1197 1828 1316 1869; x_wconf 85' lang='lat' dir='ltr'>Tauri,</span> <span class='ocrx_word' id='word_1_281' title='bbox 1342 1827 1430 1870; x_wconf 87' lang='lat' dir='ltr'>quod</span> <span class='ocrx_word' id='word_1_282' title='bbox 1454 1827 1569 1859; x_wconf 86' lang='lat' dir='ltr'>Graeci</span> <span class='ocrx_word' id='word_1_283' title='bbox 1586 1826 1661 1861; x_wconf 77' lang='grc' dir='ltr'>ῧβον</span> 
     </span>
     <span class='ocr_line' id='line_1_52' title="bbox 961 1878 1661 1921; baseline -0.006 -9"><span class='ocrx_word' id='word_1_284' title='bbox 961 1881 1090 1921; x_wconf 86' lang='lat' dir='ltr'>dicunt,</span> <span class='ocrx_word' id='word_1_285' title='bbox 1105 1880 1139 1912; x_wconf 90' lang='lat' dir='ltr'>id</span> <span class='ocrx_word' id='word_1_286' title='bbox 1155 1887 1220 1921; x_wconf 87' lang='lat' dir='ltr'>est,</span> <span class='ocrx_word' id='word_1_287' title='bbox 1241 1878 1413 1921; x_wconf 87' lang='lat' dir='ltr'>petimen.’</span> <span class='ocrx_word' id='word_1_288' title='bbox 1458 1878 1584 1909; x_wconf 87' lang='lat' dir='ltr'>Mirum</span> <span class='ocrx_word' id='word_1_289' title='bbox 1603 1887 1661 1908; x_wconf 92' lang='lat' dir='ltr'>au-</span> 
     </span>
     <span class='ocr_line' id='line_1_53' title="bbox 961 1927 1662 1971; baseline -0.007 -8"><span class='ocrx_word' id='word_1_290' title='bbox 961 1937 1031 1963; x_wconf 82' lang='lat' dir='ltr'>tem</span> <span class='ocrx_word' id='word_1_291' title='bbox 1062 1931 1215 1971; x_wconf 90' lang='lat' dir='ltr'>Festum,</span> <span class='ocrx_word' id='word_1_292' title='bbox 1244 1936 1282 1962; x_wconf 92' lang='lat' dir='ltr'>ut</span> <span class='ocrx_word' id='word_1_293' title='bbox 1312 1930 1476 1971; x_wconf 89' lang='lat' dir='ltr'>probaret</span> <span class='ocrx_word' id='word_1_294' title='bbox 1502 1928 1536 1960; x_wconf 90' lang='lat' dir='ltr'>in</span> <span class='ocrx_word' id='word_1_295' title='bbox 1564 1927 1662 1959; x_wconf 86' lang='lat' dir='ltr'>suilla</span> 
     </span>
     <span class='ocr_line' id='line_1_54' title="bbox 962 1978 1662 2023; baseline -0.009 -9"><span class='ocrx_word' id='word_1_296' title='bbox 962 1992 1037 2014; x_wconf 86' lang='lat' dir='ltr'>esse</span> <span class='ocrx_word' id='word_1_297' title='bbox 1054 1982 1168 2013; x_wconf 90' lang='lat' dir='ltr'>nescio</span> <span class='ocrx_word' id='word_1_298' title='bbox 1186 1981 1280 2023; x_wconf 87' lang='lat' dir='ltr'>quid,</span> <span class='ocrx_word' id='word_1_299' title='bbox 1294 1981 1357 2011; x_wconf 88' lang='lat' dir='ltr'>niti</span> <span class='ocrx_word' id='word_1_300' title='bbox 1375 1979 1569 2010; x_wconf 83' lang='lat' dir='ltr'>testimonio</span> <span class='ocrx_word' id='word_1_301' title='bbox 1582 1978 1662 2009; x_wconf 86' lang='lat' dir='ltr'>Nae-</span> 
     </span>
     <span class='ocr_line' id='line_1_55' title="bbox 963 2030 1662 2074; baseline -0.007 -10"><span class='ocrx_word' id='word_1_302' title='bbox 963 2033 1021 2073; x_wconf 89' lang='lat' dir='ltr'>vii,</span> <span class='ocrx_word' id='word_1_303' title='bbox 1038 2033 1096 2074; x_wconf 88' lang='lat' dir='ltr'>qui</span> <span class='ocrx_word' id='word_1_304' title='bbox 1112 2032 1250 2068; x_wconf 83' lang='lat' dir='ltr'>dixerit,</span> <span class='ocrx_word' id='word_1_305' title='bbox 1270 2031 1419 2073; x_wconf 79' lang='lat' dir='ltr'>petimine</span> <span class='ocrx_word' id='word_1_306' title='bbox 1429 2030 1569 2070; x_wconf 79' lang='lat' dir='ltr'>piscino.-</span> <span class='ocrx_word' id='word_1_307' title='bbox 1585 2039 1662 2061; x_wconf 90' lang='lat' dir='ltr'>cum</span> 
     </span>
     <span class='ocr_line' id='line_1_56' title="bbox 962 2080 1663 2123; baseline -0.007 -8"><span class='ocrx_word' id='word_1_308' title='bbox 962 2083 1142 2116; x_wconf 83' lang='lat' dir='ltr'>manifesto</span> <span class='ocrx_word' id='word_1_309' title='bbox 1165 2083 1358 2123; x_wconf 81' lang='lat' dir='ltr'>intelligere</span> <span class='ocrx_word' id='word_1_310' title='bbox 1382 2080 1551 2120; x_wconf 84' lang='lat' dir='ltr'>videatur,</span> <span class='ocrx_word' id='word_1_311' title='bbox 1572 2080 1663 2122; x_wconf 88' lang='lat' dir='ltr'>quod</span> 
     </span>
     <span class='ocr_line' id='line_1_57' title="bbox 964 2131 1662 2167; baseline -0.004 -1"><span class='ocrx_word' id='word_1_312' title='bbox 964 2134 1097 2167; x_wconf 79' lang='grc' dir='ltr'>κλειδίον</span> <span class='ocrx_word' id='word_1_313' title='bbox 1127 2135 1163 2166; x_wconf 83' lang='grc'>111</span> <span class='ocrx_word' id='word_1_314' title='bbox 1192 2134 1318 2166; x_wconf 83' lang='lat' dir='ltr'>thunno</span> <span class='ocrx_word' id='word_1_315' title='bbox 1359 2131 1556 2164; x_wconf 86' lang='lat' dir='ltr'>vocabatur.</span> <span class='ocrx_word' id='word_1_316' title='bbox 1591 2131 1662 2163; x_wconf 84' lang='lat' dir='ltr'>Jos.</span> 
     </span>
     <span class='ocr_line' id='line_1_58' title="bbox 965 2187 1049 2219; baseline -0.012 0"><span class='ocrx_word' id='word_1_317' title='bbox 965 2187 1049 2219; x_wconf 84' lang='lat' dir='ltr'>Scal.</span> 
     </span>
    </p>

    <p class='ocr_par' dir='ltr' id='par_1_18' title="bbox 966 2229 1667 2420">
     <span class='ocr_line' id='line_1_59' title="bbox 1009 2229 1665 2276; baseline -0.009 -7"><span class='ocrx_word' id='word_1_318' title='bbox 1009 2235 1185 2276; x_wconf 83' lang='lat' dir='ltr'>Petimina]</span> <span class='ocrx_word' id='word_1_319' title='bbox 1202 2232 1449 2273; x_wconf 87' lang='lat' dir='ltr'>Dalecampius</span> <span class='ocrx_word' id='word_1_320' title='bbox 1466 2229 1557 2272; x_wconf 87' lang='lat' dir='ltr'>apud</span> <span class='ocrx_word' id='word_1_321' title='bbox 1573 2230 1665 2263; x_wconf 88' lang='lat' dir='ltr'>Plin.</span> 
     </span>
     <span class='ocr_line' id='line_1_60' title="bbox 966 2281 1667 2327; baseline -0.013 -7"><span class='ocrx_word' id='word_1_322' title='bbox 966 2288 1025 2320; x_wconf 86' lang='lat' dir='ltr'>lib.</span> <span class='ocrx_word' id='word_1_323' title='bbox 1044 2297 1084 2319; x_wconf 85' lang='lat'>11.</span> <span class='ocrx_word' id='word_1_324' title='bbox 1109 2296 1186 2327; x_wconf 87' lang='lat' dir='ltr'>cap.</span> <span class='ocrx_word' id='word_1_325' title='bbox 1203 2287 1255 2317; x_wconf 83' lang='lat'>37.</span> <span class='ocrx_word' id='word_1_326' title='bbox 1281 2293 1345 2315; x_wconf 91' lang='lat' dir='ltr'>non</span> <span class='ocrx_word' id='word_1_327' title='bbox 1367 2282 1515 2323; x_wconf 80' lang='lat' dir='ltr'>petimine</span> <span class='ocrx_word' id='word_1_328' title='bbox 1536 2281 1667 2322; x_wconf 78' lang='lat' dir='ltr'>piscino,</span> 
     </span>
     <span class='ocr_line' id='line_1_61' title="bbox 968 2331 1667 2378; baseline -0.011 -8"><span class='ocrx_word' id='word_1_329' title='bbox 968 2338 1027 2370; x_wconf 89' lang='lat' dir='ltr'>sed</span> <span class='ocrx_word' id='word_1_330' title='bbox 1046 2337 1196 2378; x_wconf 78' lang='lat' dir='ltr'>petimine</span> <span class='ocrx_word' id='word_1_331' title='bbox 1216 2334 1344 2376; x_wconf 82' lang='lat' dir='ltr'>porcino</span> <span class='ocrx_word' id='word_1_332' title='bbox 1359 2333 1455 2374; x_wconf 86' lang='lat' dir='ltr'>legit,</span> <span class='ocrx_word' id='word_1_333' title='bbox 1468 2331 1556 2364; x_wconf 88' lang='lat' dir='ltr'>hunc</span> <span class='ocrx_word' id='word_1_334' title='bbox 1571 2332 1667 2364; x_wconf 88' lang='lat' dir='ltr'>Festi</span> 
     </span>
     <span class='ocr_line' id='line_1_62' title="bbox 967 2384 1352 2420; baseline -0.016 0"><span class='ocrx_word' id='word_1_335' title='bbox 967 2389 1078 2420; x_wconf 87' lang='lat' dir='ltr'>locum</span> <span class='ocrx_word' id='word_1_336' title='bbox 1093 2386 1246 2418; x_wconf 90' lang='lat' dir='ltr'>laudans.</span> <span class='ocrx_word' id='word_1_337' title='bbox 1270 2384 1352 2415; x_wconf 79' lang='lat' dir='ltr'>Duc.</span> 
     </span>
    </p>

    <p class='ocr_par' dir='ltr' id='par_1_19' title="bbox 969 2431 1669 2681">
     <span class='ocr_line' id='line_1_63' title="bbox 1011 2431 1665 2475; baseline -0.011 -6"><span class='ocrx_word' id='word_1_338' title='bbox 1011 2437 1026 2457; x_wconf 73' lang='lat'>¹¹</span> <span class='ocrx_word' id='word_1_339' title='bbox 1050 2435 1220 2475; x_wconf 84' lang='lat' dir='ltr'>Petissere]</span> <span class='ocrx_word' id='word_1_340' title='bbox 1250 2435 1319 2466; x_wconf 86' lang='lat' dir='ltr'>Pro</span> <span class='ocrx_word' id='word_1_341' title='bbox 1350 2436 1516 2474; x_wconf 84' lang='lat' dir='ltr'>petessere‚</span> <span class='ocrx_word' id='word_1_342' title='bbox 1542 2431 1665 2472; x_wconf 83' lang='lat' dir='ltr'>saepius</span> 
     </span>
     <span class='ocr_line' id='line_1_64' title="bbox 969 2483 1668 2530; baseline -0.01 -10"><span class='ocrx_word' id='word_1_343' title='bbox 969 2492 1099 2530; x_wconf 85' lang='lat' dir='ltr'>petere.</span> <span class='ocrx_word' id='word_1_344' title='bbox 1144 2488 1220 2520; x_wconf 84' lang='lat' dir='ltr'>Quo</span> <span class='ocrx_word' id='word_1_345' title='bbox 1237 2494 1316 2517; x_wconf 90' lang='lat' dir='ltr'>usus</span> <span class='ocrx_word' id='word_1_346' title='bbox 1333 2489 1386 2516; x_wconf 84' lang='lat' dir='ltr'>est</span> <span class='ocrx_word' id='word_1_347' title='bbox 1400 2484 1512 2516; x_wconf 87' lang='lat' dir='ltr'>Cicer.</span> <span class='ocrx_word' id='word_1_348' title='bbox 1527 2491 1569 2514; x_wconf 86' lang='lat'>11.</span> <span class='ocrx_word' id='word_1_349' title='bbox 1583 2483 1668 2514; x_wconf 86' lang='lat' dir='ltr'>Tus-</span> 
     </span>
     <span class='ocr_line' id='line_1_65' title="bbox 969 2533 1669 2579; baseline -0.01 -8"><span class='ocrx_word' id='word_1_350' title='bbox 969 2540 1036 2572; x_wconf 85' lang='grc'><strong>0111.</strong></span> <span class='ocrx_word' id='word_1_351' title='bbox 1057 2539 1066 2555; x_wconf 94' lang='lat'>‘</span> <span class='ocrx_word' id='word_1_352' title='bbox 1084 2537 1186 2579; x_wconf 83' lang='lat' dir='ltr'>Apud</span> <span class='ocrx_word' id='word_1_353' title='bbox 1215 2545 1299 2578; x_wconf 90' lang='lat' dir='ltr'>quos</span> <span class='ocrx_word' id='word_1_354' title='bbox 1327 2539 1441 2566; x_wconf 85' lang='lat' dir='ltr'>autem</span> <span class='ocrx_word' id='word_1_355' title='bbox 1465 2533 1609 2565; x_wconf 90' lang='lat' dir='ltr'>venandi</span> <span class='ocrx_word' id='word_1_356' title='bbox 1631 2537 1669 2565; x_wconf 83' lang='lat' dir='ltr'>et</span> 
     </span>
     <span class='ocr_line' id='line_1_66' title="bbox 970 2585 1667 2632; baseline -0.01 -10"><span class='ocrx_word' id='word_1_357' title='bbox 970 2589 1147 2632; x_wconf 87' lang='lat' dir='ltr'>equitandi</span> <span class='ocrx_word' id='word_1_358' title='bbox 1163 2589 1236 2619; x_wconf 86' lang='lat' dir='ltr'>laus</span> <span class='ocrx_word' id='word_1_359' title='bbox 1251 2586 1356 2627; x_wconf 88' lang='lat' dir='ltr'>viget,</span> <span class='ocrx_word' id='word_1_360' title='bbox 1372 2585 1429 2627; x_wconf 87' lang='lat' dir='ltr'>qui</span> <span class='ocrx_word' id='word_1_361' title='bbox 1444 2585 1530 2616; x_wconf 87' lang='grc'><strong>113110</strong></span> <span class='ocrx_word' id='word_1_362' title='bbox 1552 2588 1667 2625; x_wconf 83' lang='lat' dir='ltr'>petes-</span> 
     </span>
     <span class='ocr_line' id='line_1_67' title="bbox 972 2635 1666 2681; baseline -0.009 -8"><span class='ocrx_word' id='word_1_363' title='bbox 972 2645 1061 2681; x_wconf 85' lang='lat' dir='ltr'>sunt,</span> <span class='ocrx_word' id='word_1_364' title='bbox 1076 2639 1202 2671; x_wconf 86' lang='lat' dir='ltr'>nullum</span> <span class='ocrx_word' id='word_1_365' title='bbox 1218 2637 1354 2679; x_wconf 88' lang='lat' dir='ltr'>fugiunt</span> <span class='ocrx_word' id='word_1_366' title='bbox 1371 2635 1544 2668; x_wconf 89' lang='lat' dir='ltr'>dolorem.&#39;</span> <span class='ocrx_word' id='word_1_367' title='bbox 1567 2636 1666 2667; x_wconf 82' lang='lat' dir='ltr'>Idem.</span> 
     </span>
    </p>
   </div>
  </div>
 </body>
</html>
