<?xml version="1.0" encoding="UTF-8"?>
<!DOCTYPE html PUBLIC "-//W3C//DTD XHTML 1.0 Transitional//EN"
    "http://www.w3.org/TR/xhtml1/DTD/xhtml1-transitional.dtd">
<html xmlns="http://www.w3.org/1999/xhtml" xml:lang="en" lang="en">
 <head>
  <title>
</title>
<meta http-equiv="Content-Type" content="text/html;charset=utf-8" />
  <meta name='ocr-system' content='tesseract 3.04.00' />
  <meta name='ocr-capabilities' content='ocr_page ocr_carea ocr_par ocr_line ocrx_word'/>
</head>
<body>
  <div class='ocr_page' id='page_1' title='image "./mverriiflacciqua01verruoft_0162.png"; bbox 0 0 1835 2906; ppageno 0'>
   <div class='ocr_carea' id='block_1_1' title="bbox 185 123 270 164">
    <p class='ocr_par' dir='ltr' id='par_1_1' title="bbox 185 123 270 164">
     <span class='ocr_line' id='line_1_1' title="bbox 185 123 270 164; baseline 0.012 -1"><span class='ocrx_word' id='word_1_1' title='bbox 185 123 205 163; x_wconf 89' lang='lat'>1</span> <span class='ocrx_word' id='word_1_2' title='bbox 214 123 270 164; x_wconf 73' lang='lat'><strong>52</strong></span> 
     </span>
    </p>
   </div>
   <div class='ocr_carea' id='block_1_2' title="bbox 639 133 1192 165">
    <p class='ocr_par' dir='ltr' id='par_1_2' title="bbox 639 133 1192 165">
     <span class='ocr_line' id='line_1_2' title="bbox 639 133 1192 165; baseline -0.004 -1"><span class='ocrx_word' id='word_1_3' title='bbox 639 133 787 164; x_wconf 79' lang='lat' dir='ltr'>SEXTI</span> <span class='ocrx_word' id='word_1_4' title='bbox 822 133 1022 163; x_wconf 74' lang='lat' dir='ltr'>POMPEH</span> <span class='ocrx_word' id='word_1_5' title='bbox 1058 133 1192 165; x_wconf 83' lang='lat' dir='ltr'>FESTI</span> 
     </span>
    </p>
   </div>
   <div class='ocr_carea' id='block_1_3' title="bbox 187 225 1624 348">
    <p class='ocr_par' dir='ltr' id='par_1_3' title="bbox 187 225 1624 348">
     <span class='ocr_line' id='line_1_3' title="bbox 187 225 1624 281; baseline -0.001 -13"><span class='ocrx_word' id='word_1_6' title='bbox 187 226 455 268; x_wconf 79' lang='lat' dir='ltr'>Cerrones⁶¹</span> <span class='ocrx_word' id='word_1_7' title='bbox 477 227 596 269; x_wconf 87' lang='lat' dir='ltr'>leves</span> <span class='ocrx_word' id='word_1_8' title='bbox 617 231 660 268; x_wconf 88' lang='lat' dir='ltr'><strong>et</strong></span> <span class='ocrx_word' id='word_1_9' title='bbox 679 227 814 281; x_wconf 81' lang='lat' dir='ltr'>inepti</span> <span class='ocrx_word' id='word_1_10' title='bbox 834 240 860 268; x_wconf 86' lang='lat' dir='ltr'><strong>a</strong></span> <span class='ocrx_word' id='word_1_11' title='bbox 881 227 1068 269; x_wconf 83' lang='lat' dir='ltr'><strong>cratibus</strong></span> <span class='ocrx_word' id='word_1_12' title='bbox 1089 226 1222 277; x_wconf 81' lang='lat' dir='ltr'><strong>dicti3</strong></span> <span class='ocrx_word' id='word_1_13' title='bbox 1253 226 1367 279; x_wconf 88' lang='lat' dir='ltr'><strong>quod</strong></span> <span class='ocrx_word' id='word_1_14' title='bbox 1391 225 1529 267; x_wconf 90' lang='lat' dir='ltr'><strong>Siculi</strong></span> <span class='ocrx_word' id='word_1_15' title='bbox 1549 226 1624 267; x_wconf 90' lang='lat' dir='ltr'><strong>ad-</strong></span> 
     </span>
     <span class='ocr_line' id='line_1_4' title="bbox 197 292 1623 348; baseline -0.001 -14"><span class='ocrx_word' id='word_1_16' title='bbox 197 292 200 295; x_wconf 82' lang='grc'><strong>’</strong></span> <span class='ocrx_word' id='word_1_17' title='bbox 242 307 392 334; x_wconf 87' lang='lat' dir='ltr'>versus</span> <span class='ocrx_word' id='word_1_18' title='bbox 420 293 709 335; x_wconf 81' lang='lat' dir='ltr'><strong>Athenienses</strong></span> <span class='ocrx_word' id='word_1_19' title='bbox 745 294 940 335; x_wconf 81' lang='lat' dir='ltr'><strong>cratibus</strong></span> <span class='ocrx_word' id='word_1_20' title='bbox 973 307 1050 348; x_wconf 91' lang='lat' dir='ltr'><strong>pro</strong></span> <span class='ocrx_word' id='word_1_21' title='bbox 1085 293 1225 334; x_wconf 80' lang='lat' dir='ltr'><strong>scutis</strong></span> <span class='ocrx_word' id='word_1_22' title='bbox 1262 298 1364 334; x_wconf 86' lang='lat' dir='ltr'><strong>sunt</strong></span> <span class='ocrx_word' id='word_1_23' title='bbox 1397 294 1480 343; x_wconf 89' lang='lat' dir='ltr'><strong>usi,</strong></span> <span class='ocrx_word' id='word_1_24' title='bbox 1511 306 1623 347; x_wconf 86' lang='lat' dir='ltr'><strong>quas</strong></span> 
     </span>
    </p>
   </div>
   <div class='ocr_carea' id='block_1_4' title="bbox 242 359 804 416">
    <p class='ocr_par' dir='ltr' id='par_1_4' title="bbox 242 359 804 416">
     <span class='ocr_line' id='line_1_5' title="bbox 242 359 804 416; baseline -0.002 -15"><span class='ocrx_word' id='word_1_25' title='bbox 242 360 388 402; x_wconf 85' lang='lat' dir='ltr'><strong>Graeci</strong></span> <span class='ocrx_word' id='word_1_26' title='bbox 408 359 542 416; x_wconf 78' lang='grc' dir='ltr'><em>γε’ῤῥας</em></span> <span class='ocrx_word' id='word_1_27' title='bbox 564 362 804 415; x_wconf 80' lang='lat' dir='ltr'><strong>appellant.</strong></span> 
     </span>
    </p>
   </div>
   <div class='ocr_carea' id='block_1_5' title="bbox 185 426 1625 815">
    <p class='ocr_par' dir='ltr' id='par_1_5' title="bbox 185 426 1279 484">
     <span class='ocr_line' id='line_1_6' title="bbox 185 426 1279 484; baseline 0.001 -17"><span class='ocrx_word' id='word_1_28' title='bbox 185 426 423 469; x_wconf 49' lang='lat' dir='ltr'><strong>Cervaria&amp;</strong></span> <span class='ocrx_word' id='word_1_29' title='bbox 445 429 559 484; x_wconf 82' lang='lat' dir='ltr'><strong>ovis,</strong></span> <span class='ocrx_word' id='word_1_30' title='bbox 583 441 683 482; x_wconf 87' lang='lat' dir='ltr'><strong>quae</strong></span> <span class='ocrx_word' id='word_1_31' title='bbox 704 441 784 481; x_wconf 89' lang='lat' dir='ltr'><strong>pro</strong></span> <span class='ocrx_word' id='word_1_32' title='bbox 806 442 936 470; x_wconf 86' lang='lat' dir='ltr'><strong>cerva</strong></span> <span class='ocrx_word' id='word_1_33' title='bbox 957 428 1279 469; x_wconf 80' lang='lat' dir='ltr'><strong>immolabatur.</strong></span> 
     </span>
    </p>

    <p class='ocr_par' dir='ltr' id='par_1_6' title="bbox 185 493 1388 550">
     <span class='ocr_line' id='line_1_7' title="bbox 185 493 1388 550; baseline -0.002 -15"><span class='ocrx_word' id='word_1_34' title='bbox 185 493 387 545; x_wconf 87' lang='lat' dir='ltr'><strong>Cervus‚²</strong></span> <span class='ocrx_word' id='word_1_35' title='bbox 406 496 523 549; x_wconf 87' lang='lat' dir='ltr'><strong>quod</strong></span> <span class='ocrx_word' id='word_1_36' title='bbox 545 494 699 550; x_wconf 77' lang='grc' dir='ltr'>κέρατα,</span> <span class='ocrx_word' id='word_1_37' title='bbox 719 496 765 536; x_wconf 82' lang='lat' dir='ltr'><strong>id</strong></span> <span class='ocrx_word' id='word_1_38' title='bbox 786 502 867 545; x_wconf 90' lang='lat' dir='ltr'>est,</span> <span class='ocrx_word' id='word_1_39' title='bbox 890 509 1053 536; x_wconf 85' lang='lat' dir='ltr'><strong>cornua</strong></span> <span class='ocrx_word' id='word_1_40' title='bbox 1074 498 1207 548; x_wconf 80' lang='lat' dir='ltr'>gerat,</span> <span class='ocrx_word' id='word_1_41' title='bbox 1229 494 1388 534; x_wconf 89' lang='lat' dir='ltr'><strong>dictus.</strong></span> 
     </span>
    </p>

    <p class='ocr_par' dir='ltr' id='par_1_7' title="bbox 185 559 1624 670">
     <span class='ocr_line' id='line_1_8' title="bbox 185 559 1624 614; baseline -0.002 -12"><span class='ocrx_word' id='word_1_42' title='bbox 185 560 355 614; x_wconf 86' lang='lat' dir='ltr'>Cespes</span> <span class='ocrx_word' id='word_1_43' title='bbox 369 567 385 583; x_wconf 75' lang='lat'><em>²</em></span> <span class='ocrx_word' id='word_1_44' title='bbox 405 567 472 603; x_wconf 89' lang='lat' dir='ltr'><strong>est</strong></span> <span class='ocrx_word' id='word_1_45' title='bbox 499 568 608 603; x_wconf 85' lang='lat' dir='ltr'><strong>terra</strong></span> <span class='ocrx_word' id='word_1_46' title='bbox 635 564 679 602; x_wconf 93' lang='lat' dir='ltr'><strong>in</strong></span> <span class='ocrx_word' id='word_1_47' title='bbox 707 562 887 603; x_wconf 89' lang='lat' dir='ltr'><strong>modum</strong></span> <span class='ocrx_word' id='word_1_48' title='bbox 916 563 1065 603; x_wconf 83' lang='lat' dir='ltr'><strong>lateris</strong></span> <span class='ocrx_word' id='word_1_49' title='bbox 1087 574 1220 610; x_wconf 68' lang='lat' dir='ltr'><strong>caesa,</strong></span> <span class='ocrx_word' id='word_1_50' title='bbox 1242 574 1340 602; x_wconf 88' lang='lat' dir='ltr'><strong>cum</strong></span> <span class='ocrx_word' id='word_1_51' title='bbox 1361 560 1510 608; x_wconf 85' lang='lat' dir='ltr'><strong>herba,</strong></span> <span class='ocrx_word' id='word_1_52' title='bbox 1532 559 1624 600; x_wconf 88' lang='lat' dir='ltr'>sive</span> 
     </span>
     <span class='ocr_line' id='line_1_9' title="bbox 240 628 987 670; baseline 0 -2"><span class='ocrx_word' id='word_1_53' title='bbox 240 628 386 670; x_wconf 82' lang='lat' dir='ltr'><strong>frutex</strong></span> <span class='ocrx_word' id='word_1_54' title='bbox 407 629 576 669; x_wconf 83' lang='lat' dir='ltr'><strong>recisus</strong></span> <span class='ocrx_word' id='word_1_55' title='bbox 600 634 642 670; x_wconf 88' lang='lat' dir='ltr'><strong>et</strong></span> <span class='ocrx_word' id='word_1_56' title='bbox 663 633 886 670; x_wconf 80' lang='lat' dir='ltr'><strong>truncatus</strong></span> <span class='ocrx_word' id='word_1_57' title='bbox 907 633 987 670; x_wconf 83' lang='lat' dir='ltr'>est.</span> 
     </span>
    </p>

    <p class='ocr_par' dir='ltr' id='par_1_8' title="bbox 188 691 1625 815">
     <span class='ocr_line' id='line_1_10' title="bbox 188 691 1625 749; baseline -0.003 -14"><span class='ocrx_word' id='word_1_58' title='bbox 188 695 436 735; x_wconf 85' lang='lat' dir='ltr'><strong>Cesticillus</strong></span> <span class='ocrx_word' id='word_1_59' title='bbox 455 701 469 725; x_wconf 84' lang='lat'>7</span> <span class='ocrx_word' id='word_1_60' title='bbox 484 695 499 718; x_wconf 76' lang='lat'><strong>¹³</strong></span> <span class='ocrx_word' id='word_1_61' title='bbox 531 696 776 749; x_wconf 85' lang='lat' dir='ltr'><strong>appellatur</strong></span> <span class='ocrx_word' id='word_1_62' title='bbox 797 696 1001 745; x_wconf 87' lang='lat' dir='ltr'><strong>circulus,</strong></span> <span class='ocrx_word' id='word_1_63' title='bbox 1038 709 1168 749; x_wconf 90' lang='lat' dir='ltr'><strong>quem</strong></span> <span class='ocrx_word' id='word_1_64' title='bbox 1192 693 1443 748; x_wconf 80' lang='lat' dir='ltr'><strong>superponit</strong></span> <span class='ocrx_word' id='word_1_65' title='bbox 1473 691 1625 745; x_wconf 84' lang='lat' dir='ltr'><strong>capiti,</strong></span> 
     </span>
     <span class='ocr_line' id='line_1_11' title="bbox 241 762 1023 815; baseline -0.001 -13"><span class='ocrx_word' id='word_1_66' title='bbox 241 762 313 814; x_wconf 84' lang='lat' dir='ltr'><strong>qui</strong></span> <span class='ocrx_word' id='word_1_67' title='bbox 334 762 500 815; x_wconf 82' lang='lat' dir='ltr'><strong>aliquid</strong></span> <span class='ocrx_word' id='word_1_68' title='bbox 523 766 592 803; x_wconf 85' lang='lat' dir='ltr'><strong>est</strong></span> <span class='ocrx_word' id='word_1_69' title='bbox 611 763 776 802; x_wconf 85' lang='lat' dir='ltr'><strong>laturus</strong></span> <span class='ocrx_word' id='word_1_70' title='bbox 796 763 841 802; x_wconf 89' lang='lat' dir='ltr'>in</span> <span class='ocrx_word' id='word_1_71' title='bbox 863 762 1023 814; x_wconf 84' lang='lat' dir='ltr'><strong>capite.</strong></span> 
     </span>
    </p>
   </div>
   <div class='ocr_carea' id='block_1_6' title="bbox 788 870 1024 881">
    <p class='ocr_par' dir='ltr' id='par_1_9' title="bbox 788 870 1024 881">
     <span class='ocr_line' id='line_1_12' title="bbox 788 870 1024 881; baseline -0.004 0"><span class='ocrx_word' id='word_1_72' title='bbox 788 870 1024 881; x_wconf 51' lang='lat' dir='ltr'><strong>eveuaeaeeme</strong></span> 
     </span>
    </p>
   </div>
   <div class='ocr_carea' id='block_1_7' title="bbox 226 942 1496 985">
    <p class='ocr_par' dir='ltr' id='par_1_10' title="bbox 226 942 1496 985">
     <span class='ocr_line' id='line_1_13' title="bbox 226 942 1496 985; baseline -0.002 -12"><span class='ocrx_word' id='word_1_73' title='bbox 226 946 244 973; x_wconf 85' lang='grc'>6</span> <span class='ocrx_word' id='word_1_74' title='bbox 262 942 330 974; x_wconf 86' lang='lat' dir='ltr'><strong>Alii</strong></span> <span class='ocrx_word' id='word_1_75' title='bbox 346 943 423 975; x_wconf 84' lang='lat' dir='ltr'>libri</span> <span class='ocrx_word' id='word_1_76' title='bbox 441 945 566 976; x_wconf 82' lang='lat' dir='ltr'><strong>liabent</strong></span> <span class='ocrx_word' id='word_1_77' title='bbox 586 946 810 984; x_wconf 61' lang='lat' dir='ltr'>&amp;ng-errones,</span> <span class='ocrx_word' id='word_1_78' title='bbox 828 950 863 976; x_wconf 92' lang='lat' dir='ltr'><strong>et</strong></span> <span class='ocrx_word' id='word_1_79' title='bbox 879 954 955 975; x_wconf 87' lang='lat' dir='ltr'><strong>mox</strong></span> <span class='ocrx_word' id='word_1_80' title='bbox 971 954 1026 985; x_wconf 82' lang='lat' dir='ltr'><strong>pro</strong></span> <span class='ocrx_word' id='word_1_81' title='bbox 1043 944 1231 974; x_wconf 76' lang='lat' dir='ltr'><strong>stratis.—7</strong></span> <span class='ocrx_word' id='word_1_82' title='bbox 1251 942 1319 973; x_wconf 83' lang='lat' dir='ltr'><strong>Alii</strong></span> <span class='ocrx_word' id='word_1_83' title='bbox 1338 942 1496 973; x_wconf 76' lang='lat' dir='ltr'>Cestillns.</span> 
     </span>
    </p>
   </div>
   <div class='ocr_carea' id='block_1_8' title="bbox 841 1053 977 1084">
    <p class='ocr_par' dir='ltr' id='par_1_11' title="bbox 841 1053 977 1084">
     <span class='ocr_line' id='line_1_14' title="bbox 841 1053 977 1084; baseline 0 -1"><span class='ocrx_word' id='word_1_84' title='bbox 841 1053 977 1084; x_wconf 79' lang='lat' dir='ltr'>NOTAE</span> 
     </span>
    </p>
   </div>
   <div class='ocr_carea' id='block_1_9' title="bbox 180 1121 879 1817">
    <p class='ocr_par' dir='ltr' id='par_1_12' title="bbox 183 1121 877 1211">
     <span class='ocr_line' id='line_1_15' title="bbox 225 1121 877 1160; baseline 0.003 -9"><span class='ocrx_word' id='word_1_85' title='bbox 225 1126 240 1140; x_wconf 61' lang='grc' dir='ltr'><strong>Χ</strong></span> <span class='ocrx_word' id='word_1_86' title='bbox 265 1121 428 1160; x_wconf 81' lang='lat' dir='ltr'>Cerrones]</span> <span class='ocrx_word' id='word_1_87' title='bbox 467 1122 556 1153; x_wconf 91' lang='lat' dir='ltr'>Vide</span> <span class='ocrx_word' id='word_1_88' title='bbox 587 1124 596 1141; x_wconf 88' lang='lat'>‘</span> <span class='ocrx_word' id='word_1_89' title='bbox 624 1123 766 1153; x_wconf 56' lang='lat' dir='ltr'>Germe?</span> <span class='ocrx_word' id='word_1_90' title='bbox 801 1124 877 1154; x_wconf 81' lang='lat' dir='ltr'><strong>Ant.</strong></span> 
     </span>
     <span class='ocr_line' id='line_1_16' title="bbox 183 1172 271 1211; baseline 0 -9"><span class='ocrx_word' id='word_1_91' title='bbox 183 1172 271 1211; x_wconf 82' lang='lat' dir='ltr'><strong>Aug.</strong></span> 
     </span>
    </p>

    <p class='ocr_par' dir='ltr' id='par_1_13' title="bbox 181 1221 877 1363">
     <span class='ocr_line' id='line_1_17' title="bbox 228 1221 877 1261; baseline 0.005 -10"><span class='ocrx_word' id='word_1_92' title='bbox 228 1221 393 1261; x_wconf 83' lang='lat' dir='ltr'>Cerrones]</span> <span class='ocrx_word' id='word_1_93' title='bbox 417 1221 503 1252; x_wconf 89' lang='lat' dir='ltr'>Inde</span> <span class='ocrx_word' id='word_1_94' title='bbox 521 1223 729 1254; x_wconf 79' lang='lat' dir='ltr'>Concerrones</span> <span class='ocrx_word' id='word_1_95' title='bbox 744 1228 778 1254; x_wconf 88' lang='lat' dir='ltr'><strong>et</strong></span> <span class='ocrx_word' id='word_1_96' title='bbox 798 1224 877 1254; x_wconf 85' lang='lat' dir='ltr'><em>Con-</em></span> 
     </span>
     <span class='ocr_line' id='line_1_18' title="bbox 181 1273 876 1314; baseline 0.001 -12"><span class='ocrx_word' id='word_1_97' title='bbox 181 1281 288 1303; x_wconf 83' lang='lat' dir='ltr'><strong>cerroe.</strong></span> <span class='ocrx_word' id='word_1_98' title='bbox 336 1273 503 1303; x_wconf 81' lang='lat' dir='ltr'><strong>Lucilius:</strong></span> <span class='ocrx_word' id='word_1_99' title='bbox 538 1274 546 1290; x_wconf 91' lang='lat'>‘</span> <span class='ocrx_word' id='word_1_100' title='bbox 565 1274 740 1314; x_wconf 86' lang='lat' dir='ltr'><strong>Tapullam</strong></span> <span class='ocrx_word' id='word_1_101' title='bbox 767 1275 876 1313; x_wconf 86' lang='lat' dir='ltr'>legem</span> 
     </span>
     <span class='ocr_line' id='line_1_19' title="bbox 182 1321 828 1363; baseline 0.003 -11"><span class='ocrx_word' id='word_1_102' title='bbox 182 1321 295 1353; x_wconf 77' lang='lat' dir='ltr'>rident</span> <span class='ocrx_word' id='word_1_103' title='bbox 311 1331 480 1353; x_wconf 83' lang='lat' dir='ltr'><strong>concerrae</strong></span> <span class='ocrx_word' id='word_1_104' title='bbox 499 1322 636 1363; x_wconf 86' lang='lat' dir='ltr'><strong>Opimi.&#39;</strong></span> <span class='ocrx_word' id='word_1_105' title='bbox 659 1325 726 1354; x_wconf 87' lang='lat' dir='ltr'>Jos.</span> <span class='ocrx_word' id='word_1_106' title='bbox 743 1324 828 1355; x_wconf 79' lang='lat' dir='ltr'><strong>Scal.</strong></span> 
     </span>
    </p>

    <p class='ocr_par' dir='ltr' id='par_1_14' title="bbox 180 1372 879 1817">
     <span class='ocr_line' id='line_1_20' title="bbox 226 1372 877 1413; baseline 0.003 -11"><span class='ocrx_word' id='word_1_107' title='bbox 226 1372 390 1411; x_wconf 82' lang='lat' dir='ltr'>Cerrones]</span> <span class='ocrx_word' id='word_1_108' title='bbox 414 1373 484 1403; x_wconf 85' lang='lat' dir='ltr'><strong>Pro</strong></span> <span class='ocrx_word' id='word_1_109' title='bbox 502 1373 667 1413; x_wconf 84' lang='lat' dir='ltr'>Gerrones,</span> <span class='ocrx_word' id='word_1_110' title='bbox 692 1374 723 1403; x_wconf 89' lang='lat' dir='ltr'><strong><em>G</em></strong></span> <span class='ocrx_word' id='word_1_111' title='bbox 746 1378 877 1404; x_wconf 86' lang='lat' dir='ltr'><strong>mutato</strong></span> 
     </span>
     <span class='ocr_line' id='line_1_21' title="bbox 180 1420 877 1461; baseline 0 -9"><span class='ocrx_word' id='word_1_112' title='bbox 180 1420 215 1451; x_wconf 90' lang='lat' dir='ltr'>in</span> <span class='ocrx_word' id='word_1_113' title='bbox 232 1421 269 1453; x_wconf 80' lang='lat' dir='ltr'><strong>C.</strong></span> <span class='ocrx_word' id='word_1_114' title='bbox 314 1422 369 1452; x_wconf 91' lang='lat' dir='ltr'><strong>Sic</strong></span> <span class='ocrx_word' id='word_1_115' title='bbox 384 1428 497 1453; x_wconf 89' lang='lat' dir='ltr'><strong>autem</strong></span> <span class='ocrx_word' id='word_1_116' title='bbox 515 1423 598 1453; x_wconf 83' lang='lat' dir='ltr'><strong>dicti</strong></span> <span class='ocrx_word' id='word_1_117' title='bbox 616 1433 635 1454; x_wconf 88' lang='lat' dir='ltr'><strong>a</strong></span> <span class='ocrx_word' id='word_1_118' title='bbox 648 1423 761 1461; x_wconf 77' lang='lat' dir='ltr'><strong>gerris,</strong></span> <span class='ocrx_word' id='word_1_119' title='bbox 778 1423 877 1454; x_wconf 90' lang='lat' dir='ltr'><strong>crati-</strong></span> 
     </span>
     <span class='ocr_line' id='line_1_22' title="bbox 181 1471 878 1514; baseline 0.004 -13"><span class='ocrx_word' id='word_1_120' title='bbox 181 1471 242 1502; x_wconf 88' lang='lat' dir='ltr'><strong>bus</strong></span> <span class='ocrx_word' id='word_1_121' title='bbox 272 1472 440 1512; x_wconf 85' lang='lat' dir='ltr'>vimineis,</span> <span class='ocrx_word' id='word_1_122' title='bbox 463 1473 583 1513; x_wconf 88' lang='lat' dir='ltr'><strong>quibus</strong></span> <span class='ocrx_word' id='word_1_123' title='bbox 611 1484 671 1514; x_wconf 86' lang='lat' dir='ltr'><strong>pro</strong></span> <span class='ocrx_word' id='word_1_124' title='bbox 698 1474 800 1504; x_wconf 85' lang='lat' dir='ltr'><strong>scutis</strong></span> <span class='ocrx_word' id='word_1_125' title='bbox 830 1475 878 1504; x_wconf 91' lang='lat' dir='ltr'><strong>usi</strong></span> 
     </span>
     <span class='ocr_line' id='line_1_23' title="bbox 180 1522 877 1564; baseline 0.004 -12"><span class='ocrx_word' id='word_1_126' title='bbox 180 1522 298 1562; x_wconf 91' lang='lat' dir='ltr'><strong>Siculi,</strong></span> <span class='ocrx_word' id='word_1_127' title='bbox 315 1527 350 1553; x_wconf 90' lang='lat' dir='ltr'><strong>et</strong></span> <span class='ocrx_word' id='word_1_128' title='bbox 367 1522 409 1553; x_wconf 93' lang='lat' dir='ltr'><strong>ab</strong></span> <span class='ocrx_word' id='word_1_129' title='bbox 426 1523 691 1555; x_wconf 85' lang='lat' dir='ltr'>Atheniensibus</span> <span class='ocrx_word' id='word_1_130' title='bbox 709 1523 809 1564; x_wconf 86' lang='lat' dir='ltr'><strong>irrisi,</strong></span> <span class='ocrx_word' id='word_1_131' title='bbox 825 1529 877 1555; x_wconf 92' lang='lat' dir='ltr'><strong>ut-</strong></span> 
     </span>
     <span class='ocr_line' id='line_1_24' title="bbox 182 1574 878 1614; baseline 0.003 -10"><span class='ocrx_word' id='word_1_132' title='bbox 182 1578 262 1613; x_wconf 85' lang='lat' dir='ltr'><strong>pote</strong></span> <span class='ocrx_word' id='word_1_133' title='bbox 278 1574 333 1613; x_wconf 81' lang='lat' dir='ltr'><strong>qui</strong></span> <span class='ocrx_word' id='word_1_134' title='bbox 351 1584 387 1605; x_wconf 88' lang='lat' dir='ltr'><strong>se</strong></span> <span class='ocrx_word' id='word_1_135' title='bbox 405 1584 441 1605; x_wconf 89' lang='lat' dir='ltr'><strong>re</strong></span> <span class='ocrx_word' id='word_1_136' title='bbox 459 1585 575 1614; x_wconf 89' lang='lat' dir='ltr'><strong>parum</strong></span> <span class='ocrx_word' id='word_1_137' title='bbox 592 1575 714 1606; x_wconf 84' lang='lat' dir='ltr'><strong>idonea</strong></span> <span class='ocrx_word' id='word_1_138' title='bbox 728 1580 878 1606; x_wconf 89' lang='lat' dir='ltr'><strong>tutaren-</strong></span> 
     </span>
     <span class='ocr_line' id='line_1_25' title="bbox 180 1624 878 1665; baseline 0.004 -12"><span class='ocrx_word' id='word_1_139' title='bbox 180 1629 247 1659; x_wconf 88' lang='lat' dir='ltr'><strong>tur,</strong></span> <span class='ocrx_word' id='word_1_140' title='bbox 271 1625 360 1655; x_wconf 86' lang='lat' dir='ltr'>unde</span> <span class='ocrx_word' id='word_1_141' title='bbox 382 1624 511 1656; x_wconf 86' lang='lat' dir='ltr'><strong>factum</strong></span> <span class='ocrx_word' id='word_1_142' title='bbox 527 1630 580 1656; x_wconf 87' lang='lat' dir='ltr'><strong>est</strong></span> <span class='ocrx_word' id='word_1_143' title='bbox 603 1631 639 1656; x_wconf 90' lang='lat' dir='ltr'><strong>ut</strong></span> <span class='ocrx_word' id='word_1_144' title='bbox 657 1626 765 1665; x_wconf 84' lang='lat' dir='ltr'>inepti</span> <span class='ocrx_word' id='word_1_145' title='bbox 782 1630 817 1657; x_wconf 89' lang='lat' dir='ltr'><strong>et</strong></span> <span class='ocrx_word' id='word_1_146' title='bbox 833 1627 878 1656; x_wconf 88' lang='lat' dir='ltr'><strong>le-</strong></span> 
     </span>
     <span class='ocr_line' id='line_1_26' title="bbox 181 1674 879 1716; baseline 0.004 -13"><span class='ocrx_word' id='word_1_147' title='bbox 181 1683 238 1703; x_wconf 89' lang='lat' dir='ltr'><strong>ves</strong></span> <span class='ocrx_word' id='word_1_148' title='bbox 266 1674 417 1705; x_wconf 83' lang='lat' dir='ltr'>homines</span> <span class='ocrx_word' id='word_1_149' title='bbox 444 1675 611 1706; x_wconf 79' lang='lat' dir='ltr'>een-ones</span> <span class='ocrx_word' id='word_1_150' title='bbox 634 1676 802 1716; x_wconf 86' lang='lat' dir='ltr'>hodieque</span> <span class='ocrx_word' id='word_1_151' title='bbox 829 1675 879 1706; x_wconf 90' lang='lat' dir='ltr'><strong>di-</strong></span> 
     </span>
     <span class='ocr_line' id='line_1_27' title="bbox 181 1727 879 1758; baseline 0.004 -3"><span class='ocrx_word' id='word_1_152' title='bbox 181 1731 313 1757; x_wconf 89' lang='lat' dir='ltr'><strong>cantur.</strong></span> <span class='ocrx_word' id='word_1_153' title='bbox 368 1727 480 1757; x_wconf 78' lang='lat' dir='ltr'>Aliter</span> <span class='ocrx_word' id='word_1_154' title='bbox 508 1732 619 1758; x_wconf 83' lang='lat' dir='ltr'><strong>tamen</strong></span> <span class='ocrx_word' id='word_1_155' title='bbox 645 1727 732 1758; x_wconf 90' lang='lat' dir='ltr'>idem</span> <span class='ocrx_word' id='word_1_156' title='bbox 760 1727 879 1758; x_wconf 84' lang='lat' dir='ltr'><strong>Festus</strong></span> 
     </span>
     <span class='ocr_line' id='line_1_28' title="bbox 181 1774 879 1817; baseline 0.004 -12"><span class='ocrx_word' id='word_1_157' title='bbox 181 1774 268 1805; x_wconf 87' lang='lat' dir='ltr'><strong>infra</strong></span> <span class='ocrx_word' id='word_1_158' title='bbox 285 1776 317 1806; x_wconf 92' lang='lat' dir='ltr'>in</span> <span class='ocrx_word' id='word_1_159' title='bbox 337 1786 418 1807; x_wconf 90' lang='lat' dir='ltr'><strong>voce</strong></span> <span class='ocrx_word' id='word_1_160' title='bbox 436 1786 555 1816; x_wconf 81' lang='lat' dir='ltr'>gerrae.</span> <span class='ocrx_word' id='word_1_161' title='bbox 602 1776 688 1807; x_wconf 91' lang='lat' dir='ltr'>Inde</span> <span class='ocrx_word' id='word_1_162' title='bbox 712 1779 720 1794; x_wconf 92' lang='lat'>‘</span> <span class='ocrx_word' id='word_1_163' title='bbox 739 1786 879 1817; x_wconf 83' lang='lat' dir='ltr'>conger-</span> 
     </span>
    </p>
   </div>
   <div class='ocr_carea' id='block_1_10' title="bbox 182 1825 883 1865">
    <p class='ocr_par' dir='ltr' id='par_1_15' title="bbox 182 1825 883 1865">
     <span class='ocr_line' id='line_1_29' title="bbox 182 1825 883 1865; baseline 0.003 -10"><span class='ocrx_word' id='word_1_164' title='bbox 182 1825 246 1855; x_wconf 81' lang='lat' dir='ltr'><strong>rae’</strong></span> <span class='ocrx_word' id='word_1_165' title='bbox 263 1830 299 1856; x_wconf 90' lang='lat' dir='ltr'><strong>et</strong></span> <span class='ocrx_word' id='word_1_166' title='bbox 315 1825 324 1841; x_wconf 90' lang='lat'>‘</span> <span class='ocrx_word' id='word_1_167' title='bbox 337 1826 587 1865; x_wconf 83' lang='lat' dir='ltr'>congerrones‚’</span> <span class='ocrx_word' id='word_1_168' title='bbox 604 1827 654 1856; x_wconf 86' lang='lat' dir='ltr'><strong>vel</strong></span> <span class='ocrx_word' id='word_1_169' title='bbox 680 1827 689 1843; x_wconf 90' lang='lat'>‘</span> <span class='ocrx_word' id='word_1_170' title='bbox 702 1836 864 1857; x_wconf 78' lang='lat' dir='ltr'><strong>concert-0</strong></span> <span class='ocrx_word' id='word_1_171' title='bbox 875 1826 883 1840; x_wconf 94' lang='lat'>&#39;</span> 
     </span>
    </p>
   </div>
   <div class='ocr_carea' id='block_1_11' title="bbox 180 1876 880 2716">
    <p class='ocr_par' dir='ltr' id='par_1_16' title="bbox 180 1876 880 2056">
     <span class='ocr_line' id='line_1_30' title="bbox 180 1876 880 1914; baseline 0.003 -9"><span class='ocrx_word' id='word_1_172' title='bbox 180 1880 216 1905; x_wconf 86' lang='lat' dir='ltr'><strong>et</strong></span> <span class='ocrx_word' id='word_1_173' title='bbox 232 1876 240 1891; x_wconf 95' lang='lat'>‘</span> <span class='ocrx_word' id='word_1_174' title='bbox 250 1876 497 1914; x_wconf 84' lang='lat' dir='ltr'><strong>concerrones,‘</strong></span> <span class='ocrx_word' id='word_1_175' title='bbox 510 1876 641 1907; x_wconf 86' lang='lat' dir='ltr'>sodales</span> <span class='ocrx_word' id='word_1_176' title='bbox 653 1876 748 1907; x_wconf 85' lang='lat' dir='ltr'><strong>dicti.</strong></span> <span class='ocrx_word' id='word_1_177' title='bbox 771 1877 880 1907; x_wconf 82' lang='lat' dir='ltr'><strong>Varro</strong></span> 
     </span>
     <span class='ocr_line' id='line_1_31' title="bbox 180 1925 880 1966; baseline 0.001 -11"><span class='ocrx_word' id='word_1_178' title='bbox 180 1925 238 1956; x_wconf 92' lang='lat' dir='ltr'><strong>lib.</strong></span> <span class='ocrx_word' id='word_1_179' title='bbox 256 1934 306 1955; x_wconf 84' lang='lat' dir='ltr'><strong>vr.</strong></span> <span class='ocrx_word' id='word_1_180' title='bbox 332 1925 340 1941; x_wconf 88' lang='lat'>‘</span> <span class='ocrx_word' id='word_1_181' title='bbox 361 1925 532 1965; x_wconf 86' lang='lat' dir='ltr'>Congerro</span> <span class='ocrx_word' id='word_1_182' title='bbox 549 1936 568 1956; x_wconf 89' lang='lat' dir='ltr'><strong>a</strong></span> <span class='ocrx_word' id='word_1_183' title='bbox 588 1935 698 1966; x_wconf 83' lang='lat' dir='ltr'><strong>gerra,</strong></span> <span class='ocrx_word' id='word_1_184' title='bbox 723 1931 757 1957; x_wconf 90' lang='lat' dir='ltr'><strong>et</strong></span> <span class='ocrx_word' id='word_1_185' title='bbox 783 1927 880 1957; x_wconf 80' lang='lat' dir='ltr'><strong>Grae-</strong></span> 
     </span>
     <span class='ocr_line' id='line_1_32' title="bbox 181 1974 880 2007; baseline 0.003 -3"><span class='ocrx_word' id='word_1_186' title='bbox 181 1983 256 2005; x_wconf 86' lang='lat' dir='ltr'><strong>cum</strong></span> <span class='ocrx_word' id='word_1_187' title='bbox 284 1980 336 2006; x_wconf 88' lang='lat' dir='ltr'><strong>est</strong></span> <span class='ocrx_word' id='word_1_188' title='bbox 358 1979 393 2005; x_wconf 91' lang='lat' dir='ltr'><strong>et</strong></span> <span class='ocrx_word' id='word_1_189' title='bbox 417 1975 450 2005; x_wconf 94' lang='lat' dir='ltr'><strong>in</strong></span> <span class='ocrx_word' id='word_1_190' title='bbox 476 1976 598 2006; x_wconf 86' lang='lat' dir='ltr'><strong>Latina</strong></span> <span class='ocrx_word' id='word_1_191' title='bbox 622 1974 749 2007; x_wconf 83' lang='lat' dir='ltr'><strong>cratis.&#39;</strong></span> <span class='ocrx_word' id='word_1_192' title='bbox 792 1976 880 2006; x_wconf 82' lang='lat' dir='ltr'>Vide</span> 
     </span>
     <span class='ocr_line' id='line_1_33' title="bbox 181 2025 467 2056; baseline 0.007 -2"><span class='ocrx_word' id='word_1_193' title='bbox 181 2025 190 2041; x_wconf 93' lang='lat'>‘</span> <span class='ocrx_word' id='word_1_194' title='bbox 209 2025 360 2055; x_wconf 63' lang='lat' dir='ltr'>sodales)</span> <span class='ocrx_word' id='word_1_195' title='bbox 387 2026 467 2056; x_wconf 81' lang='lat' dir='ltr'><strong>Dae.</strong></span> 
     </span>
    </p>

    <p class='ocr_par' dir='ltr' id='par_1_17' title="bbox 181 2074 880 2404">
     <span class='ocr_line' id='line_1_34' title="bbox 224 2074 878 2114; baseline 0.003 -10"><span class='ocrx_word' id='word_1_196' title='bbox 224 2079 236 2099; x_wconf 74' lang='lat' dir='ltr'><strong>-V</strong></span> <span class='ocrx_word' id='word_1_197' title='bbox 256 2074 420 2114; x_wconf 68' lang='lat' dir='ltr'><strong>Ceri-aria]</strong></span> <span class='ocrx_word' id='word_1_198' title='bbox 443 2075 553 2106; x_wconf 82' lang='lat' dir='ltr'><strong>Cerva</strong></span> <span class='ocrx_word' id='word_1_199' title='bbox 569 2075 782 2106; x_wconf 81' lang='lat' dir='ltr'><strong>mactabatur</strong></span> <span class='ocrx_word' id='word_1_200' title='bbox 798 2075 878 2106; x_wconf 87' lang='lat' dir='ltr'><strong>Dia-</strong></span> 
     </span>
     <span class='ocr_line' id='line_1_35' title="bbox 181 2125 880 2158; baseline 0.003 -4"><span class='ocrx_word' id='word_1_201' title='bbox 181 2133 245 2155; x_wconf 77' lang='lat' dir='ltr'><strong>nae.</strong></span> <span class='ocrx_word' id='word_1_202' title='bbox 292 2125 453 2155; x_wconf 87' lang='lat' dir='ltr'><strong>Ovidius:</strong></span> <span class='ocrx_word' id='word_1_203' title='bbox 479 2126 488 2142; x_wconf 90' lang='lat'>‘</span> <span class='ocrx_word' id='word_1_204' title='bbox 507 2126 593 2158; x_wconf 81' lang='lat' dir='ltr'><strong>Quae</strong></span> <span class='ocrx_word' id='word_1_205' title='bbox 617 2127 719 2156; x_wconf 85' lang='lat' dir='ltr'>semel</span> <span class='ocrx_word' id='word_1_206' title='bbox 745 2131 796 2156; x_wconf 86' lang='lat' dir='ltr'><strong>est</strong></span> <span class='ocrx_word' id='word_1_207' title='bbox 821 2126 880 2156; x_wconf 89' lang='lat' dir='ltr'><strong>tri-</strong></span> 
     </span>
     <span class='ocr_line' id='line_1_36' title="bbox 181 2174 878 2215; baseline 0.003 -12"><span class='ocrx_word' id='word_1_208' title='bbox 181 2174 262 2213; x_wconf 86' lang='lat' dir='ltr'><strong>plici</strong></span> <span class='ocrx_word' id='word_1_209' title='bbox 279 2184 340 2214; x_wconf 82' lang='lat' dir='ltr'><strong>pro</strong></span> <span class='ocrx_word' id='word_1_210' title='bbox 358 2175 487 2215; x_wconf 85' lang='lat' dir='ltr'>virgine</span> <span class='ocrx_word' id='word_1_211' title='bbox 509 2185 597 2206; x_wconf 77' lang='lat' dir='ltr'><strong>caesa</strong></span> <span class='ocrx_word' id='word_1_212' title='bbox 616 2176 752 2213; x_wconf 75' lang='lat' dir='ltr'><strong>Dianae,</strong></span> <span class='ocrx_word' id='word_1_213' title='bbox 777 2175 878 2205; x_wconf 85' lang='lat' dir='ltr'><strong>Nunc</strong></span> 
     </span>
     <span class='ocr_line' id='line_1_37' title="bbox 182 2224 879 2265; baseline 0.003 -12"><span class='ocrx_word' id='word_1_214' title='bbox 182 2234 314 2264; x_wconf 84' lang='lat' dir='ltr'><strong>quoque</strong></span> <span class='ocrx_word' id='word_1_215' title='bbox 329 2234 390 2265; x_wconf 87' lang='lat' dir='ltr'><strong>pro</strong></span> <span class='ocrx_word' id='word_1_216' title='bbox 404 2225 493 2255; x_wconf 88' lang='lat' dir='ltr'><strong>nulla</strong></span> <span class='ocrx_word' id='word_1_217' title='bbox 507 2224 637 2265; x_wconf 83' lang='lat' dir='ltr'>virgine</span> <span class='ocrx_word' id='word_1_218' title='bbox 650 2234 750 2256; x_wconf 80' lang='lat' dir='ltr'><strong>cerva</strong></span> <span class='ocrx_word' id='word_1_219' title='bbox 767 2224 879 2256; x_wconf 89' lang='lat' dir='ltr'><strong>cadit.’</strong></span> 
     </span>
     <span class='ocr_line' id='line_1_38' title="bbox 182 2272 878 2314; baseline 0.001 -12"><span class='ocrx_word' id='word_1_220' title='bbox 182 2272 266 2302; x_wconf 88' lang='lat' dir='ltr'><strong>Cum</strong></span> <span class='ocrx_word' id='word_1_221' title='bbox 292 2283 331 2304; x_wconf 90' lang='lat' dir='ltr'><strong>ea</strong></span> <span class='ocrx_word' id='word_1_222' title='bbox 357 2283 421 2308; x_wconf 84' lang='lat' dir='ltr'><strong>non</strong></span> <span class='ocrx_word' id='word_1_223' title='bbox 440 2279 528 2313; x_wconf 86' lang='lat' dir='ltr'><strong>erat,</strong></span> <span class='ocrx_word' id='word_1_224' title='bbox 543 2274 786 2305; x_wconf 87' lang='lat' dir='ltr'><strong>succedaneam</strong></span> <span class='ocrx_word' id='word_1_225' title='bbox 804 2274 878 2314; x_wconf 84' lang='lat' dir='ltr'>ejus</span> 
     </span>
     <span class='ocr_line' id='line_1_39' title="bbox 182 2322 879 2365; baseline 0.004 -14"><span class='ocrx_word' id='word_1_226' title='bbox 182 2322 377 2353; x_wconf 83' lang='lat' dir='ltr'><strong>mactabant</strong></span> <span class='ocrx_word' id='word_1_227' title='bbox 392 2333 500 2359; x_wconf 89' lang='lat' dir='ltr'>ovem,</span> <span class='ocrx_word' id='word_1_228' title='bbox 516 2334 591 2365; x_wconf 80' lang='lat' dir='ltr'><strong>quae</strong></span> <span class='ocrx_word' id='word_1_229' title='bbox 608 2324 651 2354; x_wconf 94' lang='lat' dir='ltr'><strong>ob</strong></span> <span class='ocrx_word' id='word_1_230' title='bbox 668 2324 702 2355; x_wconf 91' lang='lat' dir='ltr'><strong>id</strong></span> <span class='ocrx_word' id='word_1_231' title='bbox 715 2323 879 2355; x_wconf 88' lang='lat' dir='ltr'><strong>Cervaria</strong></span> 
     </span>
     <span class='ocr_line' id='line_1_40' title="bbox 183 2372 660 2404; baseline 0.006 -3"><span class='ocrx_word' id='word_1_232' title='bbox 183 2372 254 2401; x_wconf 89' lang='lat' dir='ltr'><strong>ovis</strong></span> <span class='ocrx_word' id='word_1_233' title='bbox 272 2372 466 2404; x_wconf 73' lang='lat' dir='ltr'><strong>dicebatur.</strong></span> <span class='ocrx_word' id='word_1_234' title='bbox 489 2375 557 2404; x_wconf 83' lang='lat' dir='ltr'><strong>Jos.</strong></span> <span class='ocrx_word' id='word_1_235' title='bbox 575 2373 660 2404; x_wconf 70' lang='lat' dir='ltr'>Seni.</span> 
     </span>
    </p>

    <p class='ocr_par' dir='ltr' id='par_1_18' title="bbox 182 2423 878 2716">
     <span class='ocr_line' id='line_1_41' title="bbox 229 2423 878 2463; baseline 0.002 -10"><span class='ocrx_word' id='word_1_236' title='bbox 229 2423 394 2463; x_wconf 77' lang='lat' dir='ltr'><strong>Cervaria]</strong></span> <span class='ocrx_word' id='word_1_237' title='bbox 418 2424 494 2456; x_wconf 86' lang='lat' dir='ltr'><strong>Jam</strong></span> <span class='ocrx_word' id='word_1_238' title='bbox 512 2425 591 2456; x_wconf 85' lang='lat' dir='ltr'><strong>alibi</strong></span> <span class='ocrx_word' id='word_1_239' title='bbox 607 2424 794 2455; x_wconf 84' lang='lat' dir='ltr'><strong>monuimus</strong></span> <span class='ocrx_word' id='word_1_240' title='bbox 809 2425 878 2455; x_wconf 89' lang='lat' dir='ltr'><strong>Ve-</strong></span> 
     </span>
     <span class='ocr_line' id='line_1_42' title="bbox 184 2474 876 2507; baseline 0.004 -5"><span class='ocrx_word' id='word_1_241' title='bbox 184 2477 286 2507; x_wconf 80' lang='lat' dir='ltr'>teres,</span> <span class='ocrx_word' id='word_1_242' title='bbox 315 2483 390 2503; x_wconf 88' lang='lat' dir='ltr'><strong>cum</strong></span> <span class='ocrx_word' id='word_1_243' title='bbox 419 2483 498 2504; x_wconf 86' lang='lat' dir='ltr'><strong>vera</strong></span> <span class='ocrx_word' id='word_1_244' title='bbox 526 2475 699 2506; x_wconf 87' lang='lat' dir='ltr'><strong>sacrificiis</strong></span> <span class='ocrx_word' id='word_1_245' title='bbox 716 2474 876 2506; x_wconf 82' lang='lat' dir='ltr'><strong>adhibere</strong></span> 
     </span>
     <span class='ocr_line' id='line_1_43' title="bbox 183 2524 878 2565; baseline 0.003 -12"><span class='ocrx_word' id='word_1_246' title='bbox 183 2532 249 2553; x_wconf 89' lang='lat' dir='ltr'><strong>non</strong></span> <span class='ocrx_word' id='word_1_247' title='bbox 267 2527 436 2562; x_wconf 85' lang='lat' dir='ltr'>poterant,</span> <span class='ocrx_word' id='word_1_248' title='bbox 461 2524 527 2554; x_wconf 89' lang='lat' dir='ltr'><strong>alia</strong></span> <span class='ocrx_word' id='word_1_249' title='bbox 552 2525 707 2565; x_wconf 79' lang='lat' dir='ltr'><strong>quaedam</strong></span> <span class='ocrx_word' id='word_1_250' title='bbox 725 2534 804 2555; x_wconf 89' lang='lat' dir='ltr'>vero</span> <span class='ocrx_word' id='word_1_251' title='bbox 821 2525 878 2555; x_wconf 88' lang='lat' dir='ltr'><strong>ab·</strong></span> 
     </span>
     <span class='ocr_line' id='line_1_44' title="bbox 183 2573 877 2614; baseline 0.004 -12"><span class='ocrx_word' id='word_1_252' title='bbox 183 2573 327 2604; x_wconf 81' lang='lat' dir='ltr'><strong>sentium</strong></span> <span class='ocrx_word' id='word_1_253' title='bbox 344 2575 476 2604; x_wconf 87' lang='lat' dir='ltr'>nomine</span> <span class='ocrx_word' id='word_1_254' title='bbox 493 2574 652 2614; x_wconf 85' lang='lat' dir='ltr'><strong>insignita</strong></span> <span class='ocrx_word' id='word_1_255' title='bbox 669 2575 877 2606; x_wconf 76' lang='lat' dir='ltr'><strong>substituere</strong></span> 
     </span>
     <span class='ocr_line' id='line_1_45' title="bbox 182 2621 878 2655; baseline 0.001 -2"><span class='ocrx_word' id='word_1_256' title='bbox 182 2622 298 2653; x_wconf 85' lang='lat' dir='ltr'>solitos</span> <span class='ocrx_word' id='word_1_257' title='bbox 314 2621 429 2654; x_wconf 89' lang='lat' dir='ltr'>fuisse.</span> <span class='ocrx_word' id='word_1_258' title='bbox 471 2623 529 2654; x_wconf 91' lang='lat' dir='ltr'><strong>Sic</strong></span> <span class='ocrx_word' id='word_1_259' title='bbox 545 2633 619 2653; x_wconf 87' lang='lat' dir='ltr'><strong>cum</strong></span> <span class='ocrx_word' id='word_1_260' title='bbox 643 2634 743 2655; x_wconf 89' lang='lat' dir='ltr'><strong>cerva</strong></span> <span class='ocrx_word' id='word_1_261' title='bbox 759 2624 878 2655; x_wconf 86' lang='lat' dir='ltr'><strong>deerat</strong></span> 
     </span>
     <span class='ocr_line' id='line_1_46' title="bbox 185 2671 878 2716; baseline 0.003 -14"><span class='ocrx_word' id='word_1_262' title='bbox 185 2680 260 2711; x_wconf 85' lang='lat' dir='ltr'><strong>quae</strong></span> <span class='ocrx_word' id='word_1_263' title='bbox 274 2671 391 2703; x_wconf 87' lang='lat' dir='ltr'><strong>Dianae</strong></span> <span class='ocrx_word' id='word_1_264' title='bbox 404 2677 622 2716; x_wconf 78' lang='lat' dir='ltr'><strong>mactaretur,</strong></span> <span class='ocrx_word' id='word_1_265' title='bbox 634 2673 878 2704; x_wconf 84' lang='lat' dir='ltr'><strong>succedaneam</strong></span> 
     </span>
    </p>
   </div>
   <div class='ocr_carea' id='block_1_12' title="bbox 930 1117 1630 2654">
    <p class='ocr_par' dir='ltr' id='par_1_19' title="bbox 931 1117 1626 1205">
     <span class='ocr_line' id='line_1_47' title="bbox 932 1117 1626 1163; baseline -0.009 -9"><span class='ocrx_word' id='word_1_266' title='bbox 932 1124 1002 1163; x_wconf 80' lang='lat' dir='ltr'>ejus</span> <span class='ocrx_word' id='word_1_267' title='bbox 1030 1133 1127 1154; x_wconf 85' lang='lat' dir='ltr'>ovem</span> <span class='ocrx_word' id='word_1_268' title='bbox 1156 1121 1363 1161; x_wconf 80' lang='lat' dir='ltr'><strong>mactabant,</strong></span> <span class='ocrx_word' id='word_1_269' title='bbox 1395 1129 1469 1160; x_wconf 87' lang='lat' dir='ltr'><strong>quae</strong></span> <span class='ocrx_word' id='word_1_270' title='bbox 1498 1117 1626 1149; x_wconf 80' lang='lat' dir='ltr'><strong>idcirco</strong></span> 
     </span>
     <span class='ocr_line' id='line_1_48' title="bbox 931 1171 1458 1205; baseline -0.011 0"><span class='ocrx_word' id='word_1_271' title='bbox 931 1175 1070 1205; x_wconf 74' lang='lat' dir='ltr'><strong>cervaria</strong></span> <span class='ocrx_word' id='word_1_272' title='bbox 1086 1173 1151 1204; x_wconf 76' lang='lat' dir='ltr'>ovis</span> <span class='ocrx_word' id='word_1_273' title='bbox 1167 1172 1355 1204; x_wconf 89' lang='lat' dir='ltr'><strong>dicebatur.</strong></span> <span class='ocrx_word' id='word_1_274' title='bbox 1379 1171 1458 1201; x_wconf 77' lang='lat' dir='ltr'><strong>Duc.</strong></span> 
     </span>
    </p>

    <p class='ocr_par' dir='ltr' id='par_1_20' title="bbox 932 1220 1630 1463">
     <span class='ocr_line' id='line_1_49' title="bbox 974 1220 1625 1263; baseline -0.009 -8"><span class='ocrx_word' id='word_1_275' title='bbox 974 1229 986 1244; x_wconf 86' lang='lat' dir='ltr'>z</span> <span class='ocrx_word' id='word_1_276' title='bbox 1020 1223 1152 1263; x_wconf 80' lang='lat' dir='ltr'><strong>Cervus]</strong></span> <span class='ocrx_word' id='word_1_277' title='bbox 1197 1222 1295 1253; x_wconf 90' lang='lat' dir='ltr'><strong>Idem</strong></span> <span class='ocrx_word' id='word_1_278' title='bbox 1337 1221 1447 1251; x_wconf 88' lang='lat' dir='ltr'><strong>Varro</strong></span> <span class='ocrx_word' id='word_1_279' title='bbox 1486 1220 1546 1250; x_wconf 85' lang='lat' dir='ltr'><strong>lib.</strong></span> <span class='ocrx_word' id='word_1_280' title='bbox 1576 1228 1625 1250; x_wconf 77' lang='lat' dir='ltr'><strong>lv.</strong></span> 
     </span>
     <span class='ocr_line' id='line_1_50' title="bbox 933 1272 1627 1314; baseline -0.009 -9"><span class='ocrx_word' id='word_1_281' title='bbox 933 1275 941 1291; x_wconf 90' lang='lat'>‘</span> <span class='ocrx_word' id='word_1_282' title='bbox 957 1273 1057 1305; x_wconf 88' lang='lat' dir='ltr'><strong>Cervi</strong></span> <span class='ocrx_word' id='word_1_283' title='bbox 1081 1272 1171 1314; x_wconf 87' lang='lat' dir='ltr'><strong>quod</strong></span> <span class='ocrx_word' id='word_1_284' title='bbox 1200 1280 1322 1311; x_wconf 82' lang='lat' dir='ltr'><strong>magna</strong></span> <span class='ocrx_word' id='word_1_285' title='bbox 1344 1279 1470 1301; x_wconf 91' lang='lat' dir='ltr'><strong>cornua</strong></span> <span class='ocrx_word' id='word_1_286' title='bbox 1493 1273 1627 1309; x_wconf 86' lang='lat' dir='ltr'><strong>gerunt,</strong></span> 
     </span>
     <span class='ocr_line' id='line_1_51' title="bbox 932 1320 1628 1360; baseline -0.007 -6"><span class='ocrx_word' id='word_1_287' title='bbox 932 1327 1061 1354; x_wconf 82' lang='lat' dir='ltr'><strong>mutato</strong></span> <span class='ocrx_word' id='word_1_288' title='bbox 1085 1323 1116 1353; x_wconf 95' lang='lat' dir='ltr'><strong><em>G</em></strong></span> <span class='ocrx_word' id='word_1_289' title='bbox 1142 1323 1175 1353; x_wconf 91' lang='lat' dir='ltr'><strong>in</strong></span> <span class='ocrx_word' id='word_1_290' title='bbox 1195 1322 1233 1358; x_wconf 91' lang='lat' dir='ltr'><strong>C,</strong></span> <span class='ocrx_word' id='word_1_291' title='bbox 1259 1326 1297 1352; x_wconf 91' lang='lat' dir='ltr'><strong>ut</strong></span> <span class='ocrx_word' id='word_1_292' title='bbox 1322 1322 1354 1351; x_wconf 89' lang='lat' dir='ltr'><strong>in</strong></span> <span class='ocrx_word' id='word_1_293' title='bbox 1380 1320 1508 1359; x_wconf 86' lang='lat' dir='ltr'><strong>multis,</strong></span> <span class='ocrx_word' id='word_1_294' title='bbox 1532 1321 1628 1360; x_wconf 83' lang='lat' dir='ltr'><strong>quasi</strong></span> 
     </span>
     <span class='ocr_line' id='line_1_52' title="bbox 933 1369 1630 1414; baseline -0.007 -10"><span class='ocrx_word' id='word_1_295' title='bbox 933 1373 1052 1414; x_wconf 53' lang='lat' dir='ltr'>gerni?</span> <span class='ocrx_word' id='word_1_296' title='bbox 1095 1373 1161 1404; x_wconf 89' lang='lat' dir='ltr'><strong>Sed</strong></span> <span class='ocrx_word' id='word_1_297' title='bbox 1188 1371 1300 1413; x_wconf 85' lang='lat' dir='ltr'><strong>potius</strong></span> <span class='ocrx_word' id='word_1_298' title='bbox 1329 1380 1348 1401; x_wconf 86' lang='lat' dir='ltr'><strong>a</strong></span> <span class='ocrx_word' id='word_1_299' title='bbox 1374 1370 1497 1402; x_wconf 87' lang='lat' dir='ltr'><strong>Graeco</strong></span> <span class='ocrx_word' id='word_1_300' title='bbox 1522 1369 1630 1408; x_wconf 80' lang='grc' dir='ltr'>κεραὸς</span> 
     </span>
     <span class='ocr_line' id='line_1_53' title="bbox 933 1419 1629 1463; baseline -0.004 -9"><span class='ocrx_word' id='word_1_301' title='bbox 933 1424 1042 1454; x_wconf 81' lang='lat' dir='ltr'><strong>dictos</strong></span> <span class='ocrx_word' id='word_1_302' title='bbox 1065 1428 1182 1463; x_wconf 89' lang='lat' dir='ltr'>putem</span> <span class='ocrx_word' id='word_1_303' title='bbox 1205 1421 1265 1452; x_wconf 80' lang='grc' dir='ltr'><strong>ἀπὸ</strong></span> <span class='ocrx_word' id='word_1_304' title='bbox 1283 1423 1346 1452; x_wconf 76' lang='grc' dir='ltr'><strong>τῶν</strong></span> <span class='ocrx_word' id='word_1_305' title='bbox 1361 1419 1505 1461; x_wconf 78' lang='grc' dir='ltr'>κεράτων.</span> <span class='ocrx_word' id='word_1_306' title='bbox 1530 1420 1629 1451; x_wconf 82' lang='lat' dir='ltr'>Idem.</span> 
     </span>
    </p>

    <p class='ocr_par' dir='ltr' id='par_1_21' title="bbox 932 1470 1630 1665">
     <span class='ocr_line' id='line_1_54' title="bbox 976 1470 1629 1513; baseline -0.006 -9"><span class='ocrx_word' id='word_1_307' title='bbox 976 1479 989 1494; x_wconf 57' lang='grc' dir='ltr'><strong>ὃ</strong></span> <span class='ocrx_word' id='word_1_308' title='bbox 1006 1473 1133 1513; x_wconf 81' lang='lat' dir='ltr'>Cespes]</span> <span class='ocrx_word' id='word_1_309' title='bbox 1150 1473 1189 1504; x_wconf 84' lang='lat' dir='ltr'><strong>In</strong></span> <span class='ocrx_word' id='word_1_310' title='bbox 1205 1471 1338 1503; x_wconf 89' lang='lat' dir='ltr'><strong>modum</strong></span> <span class='ocrx_word' id='word_1_311' title='bbox 1357 1471 1483 1502; x_wconf 83' lang='lat' dir='ltr'><strong>lateris.</strong></span> <span class='ocrx_word' id='word_1_312' title='bbox 1520 1470 1629 1509; x_wconf 82' lang='lat' dir='ltr'>Prop-</span> 
     </span>
     <span class='ocr_line' id='line_1_55' title="bbox 933 1523 1629 1565; baseline -0.003 -10"><span class='ocrx_word' id='word_1_313' title='bbox 933 1529 1029 1556; x_wconf 88' lang='lat' dir='ltr'><strong>terea</strong></span> <span class='ocrx_word' id='word_1_314' title='bbox 1053 1524 1300 1565; x_wconf 82' lang='lat' dir='ltr'>elegantissime</span> <span class='ocrx_word' id='word_1_315' title='bbox 1328 1533 1346 1554; x_wconf 88' lang='lat' dir='ltr'><strong>a</strong></span> <span class='ocrx_word' id='word_1_316' title='bbox 1371 1523 1501 1554; x_wconf 77' lang='lat' dir='ltr'><strong>Graecis</strong></span> <span class='ocrx_word' id='word_1_317' title='bbox 1527 1523 1629 1553; x_wconf 89' lang='lat' dir='ltr'><strong>verti-</strong></span> 
     </span>
     <span class='ocr_line' id='line_1_56' title="bbox 933 1571 1630 1615; baseline -0.004 -10"><span class='ocrx_word' id='word_1_318' title='bbox 933 1580 988 1605; x_wconf 84' lang='lat' dir='ltr'><strong>tut·</strong></span> <span class='ocrx_word' id='word_1_319' title='bbox 1009 1574 1246 1615; x_wconf 82' lang='grc' dir='ltr'>χορτόπλινθος,</span> <span class='ocrx_word' id='word_1_320' title='bbox 1262 1571 1476 1613; x_wconf 79' lang='grc' dir='ltr'>χορτόβωλος,</span> <span class='ocrx_word' id='word_1_321' title='bbox 1491 1572 1630 1603; x_wconf 77' lang='grc' dir='ltr'>πλίνθος.</span> 
     </span>
     <span class='ocr_line' id='line_1_57' title="bbox 932 1623 1593 1665; baseline -0.002 -11"><span class='ocrx_word' id='word_1_322' title='bbox 932 1624 1037 1663; x_wconf 85' lang='lat' dir='ltr'><strong>Male,</strong></span> <span class='ocrx_word' id='word_1_323' title='bbox 1055 1624 1257 1665; x_wconf 82' lang='grc' dir='ltr'>χορτόβολος,</span> <span class='ocrx_word' id='word_1_324' title='bbox 1271 1624 1400 1660; x_wconf 82' lang='grc' dir='ltr'>πλῆθος.</span> <span class='ocrx_word' id='word_1_325' title='bbox 1425 1624 1493 1654; x_wconf 88' lang='lat' dir='ltr'>Jos.</span> <span class='ocrx_word' id='word_1_326' title='bbox 1510 1623 1593 1654; x_wconf 77' lang='lat' dir='ltr'><strong>Scul.</strong></span> 
     </span>
    </p>

    <p class='ocr_par' dir='ltr' id='par_1_22' title="bbox 930 1674 1630 2203">
     <span class='ocr_line' id='line_1_58' title="bbox 979 1674 1628 1716; baseline -0.002 -10"><span class='ocrx_word' id='word_1_327' title='bbox 979 1675 1105 1715; x_wconf 79' lang='lat' dir='ltr'>Cespes]</span> <span class='ocrx_word' id='word_1_328' title='bbox 1129 1675 1224 1716; x_wconf 81' lang='lat' dir='ltr'><strong>Virg.</strong></span> <span class='ocrx_word' id='word_1_329' title='bbox 1245 1684 1269 1705; x_wconf 85' lang='lat'><strong>1.</strong></span> <span class='ocrx_word' id='word_1_330' title='bbox 1294 1676 1410 1715; x_wconf 80' lang='lat' dir='ltr'><strong>Eclng.</strong></span> <span class='ocrx_word' id='word_1_331' title='bbox 1433 1675 1443 1692; x_wconf 83' lang='lat'>‘</span> <span class='ocrx_word' id='word_1_332' title='bbox 1462 1674 1628 1715; x_wconf 83' lang='lat' dir='ltr'><strong>Pauperis</strong></span> 
     </span>
     <span class='ocr_line' id='line_1_59' title="bbox 933 1724 1628 1765; baseline 0.001 -10"><span class='ocrx_word' id='word_1_333' title='bbox 933 1730 968 1755; x_wconf 90' lang='lat' dir='ltr'><strong>et</strong></span> <span class='ocrx_word' id='word_1_334' title='bbox 986 1725 1097 1764; x_wconf 85' lang='lat' dir='ltr'><strong>tuguri</strong></span> <span class='ocrx_word' id='word_1_335' title='bbox 1115 1728 1312 1765; x_wconf 86' lang='lat' dir='ltr'><strong>congestum</strong></span> <span class='ocrx_word' id='word_1_336' title='bbox 1328 1725 1458 1765; x_wconf 84' lang='lat' dir='ltr'>cespite</span> <span class='ocrx_word' id='word_1_337' title='bbox 1474 1724 1628 1756; x_wconf 77' lang='lat' dir='ltr'><strong>culmen-³</strong></span> 
     </span>
     <span class='ocr_line' id='line_1_60' title="bbox 935 1774 1628 1815; baseline -0.001 -10"><span class='ocrx_word' id='word_1_338' title='bbox 935 1775 1001 1806; x_wconf 87' lang='lat' dir='ltr'><strong>Ubi</strong></span> <span class='ocrx_word' id='word_1_339' title='bbox 1031 1776 1127 1807; x_wconf 88' lang='lat' dir='ltr'>Serv.</span> <span class='ocrx_word' id='word_1_340' title='bbox 1161 1776 1169 1792; x_wconf 91' lang='lat'>‘</span> <span class='ocrx_word' id='word_1_341' title='bbox 1188 1775 1341 1815; x_wconf 83' lang='lat' dir='ltr'>Cespite,</span> <span class='ocrx_word' id='word_1_342' title='bbox 1372 1774 1404 1804; x_wconf 88' lang='lat' dir='ltr'><strong>id</strong></span> <span class='ocrx_word' id='word_1_343' title='bbox 1435 1779 1497 1813; x_wconf 87' lang='lat' dir='ltr'>est,</span> <span class='ocrx_word' id='word_1_344' title='bbox 1526 1774 1628 1805; x_wconf 86' lang='lat' dir='ltr'><strong>herba</strong></span> 
     </span>
     <span class='ocr_line' id='line_1_61' title="bbox 934 1823 1629 1866; baseline -0.003 -10"><span class='ocrx_word' id='word_1_345' title='bbox 934 1836 1009 1856; x_wconf 84' lang='lat' dir='ltr'><strong>cum</strong></span> <span class='ocrx_word' id='word_1_346' title='bbox 1036 1826 1176 1866; x_wconf 88' lang='lat' dir='ltr'><strong>propria</strong></span> <span class='ocrx_word' id='word_1_347' title='bbox 1201 1830 1291 1856; x_wconf 82' lang='lat' dir='ltr'><strong>terra</strong></span> <span class='ocrx_word' id='word_1_348' title='bbox 1311 1824 1450 1855; x_wconf 85' lang='lat' dir='ltr'><strong>evulsa.&#39;</strong></span> <span class='ocrx_word' id='word_1_349' title='bbox 1495 1823 1524 1854; x_wconf 85' lang='lat' dir='ltr'>A</span> <span class='ocrx_word' id='word_1_350' title='bbox 1548 1825 1629 1854; x_wconf 78' lang='lat' dir='ltr'><strong>caedo</strong></span> 
     </span>
     <span class='ocr_line' id='line_1_62' title="bbox 933 1874 1628 1916; baseline 0 -11"><span class='ocrx_word' id='word_1_351' title='bbox 933 1876 1045 1906; x_wconf 85' lang='lat' dir='ltr'><strong>(lictus</strong></span> <span class='ocrx_word' id='word_1_352' title='bbox 1074 1885 1192 1916; x_wconf 63' lang='lat' dir='ltr'>cespes</span> <span class='ocrx_word' id='word_1_353' title='bbox 1218 1875 1306 1916; x_wconf 81' lang='lat' dir='ltr'><strong>quod</strong></span> <span class='ocrx_word' id='word_1_354' title='bbox 1334 1874 1457 1906; x_wconf 83' lang='lat' dir='ltr'><strong>frutice</strong></span> <span class='ocrx_word' id='word_1_355' title='bbox 1479 1874 1628 1914; x_wconf 84' lang='lat' dir='ltr'><strong>undique</strong></span> 
     </span>
     <span class='ocr_line' id='line_1_63' title="bbox 932 1923 1628 1964; baseline -0.001 -10"><span class='ocrx_word' id='word_1_356' title='bbox 932 1925 1041 1955; x_wconf 81' lang='lat' dir='ltr'><strong>reciso</strong></span> <span class='ocrx_word' id='word_1_357' title='bbox 1061 1925 1257 1964; x_wconf 83' lang='lat' dir='ltr'><strong>quadratam</strong></span> <span class='ocrx_word' id='word_1_358' title='bbox 1276 1924 1393 1955; x_wconf 84' lang='lat' dir='ltr'><strong>lateris</strong></span> <span class='ocrx_word' id='word_1_359' title='bbox 1418 1923 1560 1964; x_wconf 79' lang='lat' dir='ltr'><strong>figuram</strong></span> <span class='ocrx_word' id='word_1_360' title='bbox 1578 1932 1628 1953; x_wconf 89' lang='lat' dir='ltr'><strong>re·</strong></span> 
     </span>
     <span class='ocr_line' id='line_1_64' title="bbox 932 1972 1630 2012; baseline -0.003 -8"><span class='ocrx_word' id='word_1_361' title='bbox 932 1973 1035 2005; x_wconf 85' lang='lat' dir='ltr'><strong>ferat.</strong></span> <span class='ocrx_word' id='word_1_362' title='bbox 1082 1974 1166 2005; x_wconf 85' lang='lat' dir='ltr'>Inde</span> <span class='ocrx_word' id='word_1_363' title='bbox 1191 1974 1224 2004; x_wconf 85' lang='lat' dir='ltr'><strong>in</strong></span> <span class='ocrx_word' id='word_1_364' title='bbox 1248 1973 1444 2004; x_wconf 88' lang='lat' dir='ltr'><strong>Glossario:</strong></span> <span class='ocrx_word' id='word_1_365' title='bbox 1471 1972 1480 1989; x_wconf 91' lang='lat'>‘</span> <span class='ocrx_word' id='word_1_366' title='bbox 1498 1982 1630 2012; x_wconf 45' lang='lat' dir='ltr'>cespes</span> 
     </span>
     <span class='ocr_line' id='line_1_65' title="bbox 930 2023 1627 2063; baseline 0 -10"><span class='ocrx_word' id='word_1_367' title='bbox 930 2023 1169 2063; x_wconf 80' lang='grc' dir='ltr'>χορτόπλινθος,</span> <span class='ocrx_word' id='word_1_368' title='bbox 1231 2023 1440 2063; x_wconf 83' lang='grc' dir='ltr'>χορτόβολος,</span> <span class='ocrx_word' id='word_1_369' title='bbox 1489 2023 1627 2058; x_wconf 70' lang='grc' dir='ltr'>πλῆθοςῖ</span> 
     </span>
     <span class='ocr_line' id='line_1_66' title="bbox 935 2072 1628 2113; baseline -0.004 -9"><span class='ocrx_word' id='word_1_370' title='bbox 935 2075 1016 2113; x_wconf 86' lang='lat' dir='ltr'>Leg.</span> <span class='ocrx_word' id='word_1_371' title='bbox 1032 2073 1245 2113; x_wconf 82' lang='grc' dir='ltr'>χορτόβωλος,</span> <span class='ocrx_word' id='word_1_372' title='bbox 1262 2072 1397 2103; x_wconf 83' lang='grc' dir='ltr'>πλίνθος.</span> <span class='ocrx_word' id='word_1_373' title='bbox 1434 2072 1538 2102; x_wconf 83' lang='lat' dir='ltr'><strong>Later</strong></span> <span class='ocrx_word' id='word_1_374' title='bbox 1553 2072 1628 2102; x_wconf 80' lang='lat' dir='ltr'>ller-</span> 
     </span>
     <span class='ocr_line' id='line_1_67' title="bbox 933 2121 1628 2162; baseline -0.001 -10"><span class='ocrx_word' id='word_1_375' title='bbox 933 2122 999 2160; x_wconf 87' lang='lat' dir='ltr'><strong>bae,</strong></span> <span class='ocrx_word' id='word_1_376' title='bbox 1024 2123 1122 2162; x_wconf 86' lang='lat' dir='ltr'><strong>gleba</strong></span> <span class='ocrx_word' id='word_1_377' title='bbox 1149 2132 1225 2154; x_wconf 86' lang='lat' dir='ltr'><strong>cum</strong></span> <span class='ocrx_word' id='word_1_378' title='bbox 1250 2122 1354 2153; x_wconf 87' lang='lat' dir='ltr'><strong>herba</strong></span> <span class='ocrx_word' id='word_1_379' title='bbox 1377 2122 1506 2159; x_wconf 91' lang='lat' dir='ltr'><strong>avulsa,</strong></span> <span class='ocrx_word' id='word_1_380' title='bbox 1529 2121 1628 2159; x_wconf 86' lang='lat' dir='ltr'><strong>later,</strong></span> 
     </span>
     <span class='ocr_line' id='line_1_68' title="bbox 932 2172 1102 2203; baseline 0.006 -1"><span class='ocrx_word' id='word_1_381' title='bbox 932 2174 995 2203; x_wconf 57' lang='grc' dir='ltr'><strong>ἃς.</strong></span> <span class='ocrx_word' id='word_1_382' title='bbox 1020 2172 1102 2203; x_wconf 77' lang='lat' dir='ltr'><strong>Dae.</strong></span> 
     </span>
    </p>

    <p class='ocr_par' dir='ltr' id='par_1_23' title="bbox 933 2220 1629 2311">
     <span class='ocr_line' id='line_1_69' title="bbox 975 2220 1629 2261; baseline -0.006 -8"><span class='ocrx_word' id='word_1_383' title='bbox 975 2222 989 2243; x_wconf 75' lang='lat' dir='ltr'><strong>b</strong></span> <span class='ocrx_word' id='word_1_384' title='bbox 1008 2221 1199 2261; x_wconf 77' lang='lat' dir='ltr'><strong>Cesticillus]</strong></span> <span class='ocrx_word' id='word_1_385' title='bbox 1216 2221 1303 2253; x_wconf 83' lang='lat' dir='ltr'>Vide</span> <span class='ocrx_word' id='word_1_386' title='bbox 1320 2220 1329 2237; x_wconf 91' lang='lat'>‘</span> <span class='ocrx_word' id='word_1_387' title='bbox 1343 2220 1528 2252; x_wconf 62' lang='lat' dir='ltr'><strong>Avernum-⁹</strong></span> <span class='ocrx_word' id='word_1_388' title='bbox 1550 2220 1629 2252; x_wconf 78' lang='lat' dir='ltr'><strong>Ant.</strong></span> 
     </span>
     <span class='ocr_line' id='line_1_70' title="bbox 933 2272 1206 2311; baseline 0 -9"><span class='ocrx_word' id='word_1_389' title='bbox 933 2272 1018 2311; x_wconf 80' lang='lat' dir='ltr'><strong>Aug.</strong></span> <span class='ocrx_word' id='word_1_390' title='bbox 1202 2281 1206 2283; x_wconf 65' lang='grc'><strong><em>’</em></strong></span> 
     </span>
    </p>

    <p class='ocr_par' dir='ltr' id='par_1_24' title="bbox 930 2319 1628 2654">
     <span class='ocr_line' id='line_1_71' title="bbox 978 2319 1628 2361; baseline -0.005 -8"><span class='ocrx_word' id='word_1_391' title='bbox 978 2321 1172 2361; x_wconf 77' lang='lat' dir='ltr'><strong>Cesticiuus]</strong></span> <span class='ocrx_word' id='word_1_392' title='bbox 1198 2321 1227 2352; x_wconf 90' lang='lat' dir='ltr'><strong>A</strong></span> <span class='ocrx_word' id='word_1_393' title='bbox 1243 2324 1352 2358; x_wconf 78' lang='lat' dir='ltr'><strong>cestus,</strong></span> <span class='ocrx_word' id='word_1_394' title='bbox 1372 2321 1404 2350; x_wconf 90' lang='lat' dir='ltr'><strong>id</strong></span> <span class='ocrx_word' id='word_1_395' title='bbox 1422 2325 1488 2359; x_wconf 88' lang='lat' dir='ltr'>est,</span> <span class='ocrx_word' id='word_1_396' title='bbox 1513 2319 1628 2360; x_wconf 77' lang='lat' dir='ltr'><strong>cingu-</strong></span> 
     </span>
     <span class='ocr_line' id='line_1_72' title="bbox 932 2362 1627 2413; baseline -0.003 -10"><span class='ocrx_word' id='word_1_397' title='bbox 932 2373 1013 2413; x_wconf 88' lang='lat' dir='ltr'><strong>lum,</strong></span> <span class='ocrx_word' id='word_1_398' title='bbox 1029 2362 1203 2411; x_wconf 53' lang='lat' dir='ltr'><strong>cestz&#39;c&#39;ulus,</strong></span> <span class='ocrx_word' id='word_1_399' title='bbox 1220 2371 1306 2401; x_wconf 84' lang='lat' dir='ltr'>unde</span> <span class='ocrx_word' id='word_1_400' title='bbox 1323 2370 1498 2401; x_wconf 79' lang='lat' dir='ltr'><strong>cescicillus.</strong></span> <span class='ocrx_word' id='word_1_401' title='bbox 1538 2369 1627 2401; x_wconf 87' lang='lat' dir='ltr'>Vide</span> 
     </span>
     <span class='ocr_line' id='line_1_73' title="bbox 931 2420 1627 2452; baseline -0.004 0"><span class='ocrx_word' id='word_1_402' title='bbox 931 2423 941 2440; x_wconf 87' lang='lat'>‘</span> <span class='ocrx_word' id='word_1_403' title='bbox 971 2421 1119 2452; x_wconf 57' lang='lat' dir='ltr'><strong>caestus)</strong></span> <span class='ocrx_word' id='word_1_404' title='bbox 1197 2420 1410 2451; x_wconf 85' lang='lat' dir='ltr'><strong>Emendabat</strong></span> <span class='ocrx_word' id='word_1_405' title='bbox 1445 2420 1627 2450; x_wconf 86' lang='lat' dir='ltr'><strong>Salmasius</strong></span> 
     </span>
     <span class='ocr_line' id='line_1_74' title="bbox 934 2469 1624 2510; baseline -0.004 -7"><span class='ocrx_word' id='word_1_406' title='bbox 934 2473 1120 2510; x_wconf 71' lang='lat' dir='ltr'><strong>Cer-citinas,</strong></span> <span class='ocrx_word' id='word_1_407' title='bbox 1156 2480 1174 2501; x_wconf 92' lang='lat' dir='ltr'><strong>a</strong></span> <span class='ocrx_word' id='word_1_408' title='bbox 1202 2479 1285 2501; x_wconf 92' lang='lat' dir='ltr'>voce</span> <span class='ocrx_word' id='word_1_409' title='bbox 1318 2470 1459 2507; x_wconf 75' lang='lat' dir='ltr'><strong>cercites,</strong></span> <span class='ocrx_word' id='word_1_410' title='bbox 1495 2469 1624 2500; x_wconf 86' lang='lat' dir='ltr'><strong>circuli.</strong></span> 
     </span>
     <span class='ocr_line' id='line_1_75' title="bbox 931 2519 1627 2560; baseline -0.006 -8"><span class='ocrx_word' id='word_1_411' title='bbox 931 2524 1029 2554; x_wconf 84' lang='lat' dir='ltr'><strong>Varr.</strong></span> <span class='ocrx_word' id='word_1_412' title='bbox 1046 2523 1106 2554; x_wconf 93' lang='lat' dir='ltr'><strong>lib.</strong></span> <span class='ocrx_word' id='word_1_413' title='bbox 1123 2531 1157 2553; x_wconf 88' lang='lat' dir='ltr'><strong>v.</strong></span> <span class='ocrx_word' id='word_1_414' title='bbox 1185 2522 1194 2537; x_wconf 77' lang='lat'>⁴</span> <span class='ocrx_word' id='word_1_415' title='bbox 1211 2522 1259 2552; x_wconf 89' lang='lat' dir='ltr'><strong>Ut</strong></span> <span class='ocrx_word' id='word_1_416' title='bbox 1277 2520 1370 2560; x_wconf 86' lang='lat' dir='ltr'><strong>parvi</strong></span> <span class='ocrx_word' id='word_1_417' title='bbox 1390 2519 1505 2550; x_wconf 88' lang='lat' dir='ltr'><strong>circuli</strong></span> <span class='ocrx_word' id='word_1_418' title='bbox 1523 2528 1627 2548; x_wconf 85' lang='lat' dir='ltr'><strong>annu-</strong></span> 
     </span>
     <span class='ocr_line' id='line_1_76' title="bbox 930 2568 1627 2613; baseline -0.007 -9"><span class='ocrx_word' id='word_1_419' title='bbox 930 2574 966 2612; x_wconf 88' lang='lat' dir='ltr'><strong>li,</strong></span> <span class='ocrx_word' id='word_1_420' title='bbox 980 2574 1027 2604; x_wconf 85' lang='lat' dir='ltr'><strong>sic</strong></span> <span class='ocrx_word' id='word_1_421' title='bbox 1041 2572 1153 2613; x_wconf 85' lang='lat' dir='ltr'><strong>magni</strong></span> <span class='ocrx_word' id='word_1_422' title='bbox 1166 2570 1368 2602; x_wconf 85' lang='lat' dir='ltr'><strong>dicebantur</strong></span> <span class='ocrx_word' id='word_1_423' title='bbox 1380 2569 1516 2600; x_wconf 80' lang='lat' dir='ltr'><strong>circites</strong></span> <span class='ocrx_word' id='word_1_424' title='bbox 1527 2568 1627 2600; x_wconf 88' lang='lat' dir='ltr'><strong>anni.&#39;</strong></span> 
     </span>
     <span class='ocr_line' id='line_1_77' title="bbox 932 2624 1013 2654; baseline -0.012 0"><span class='ocrx_word' id='word_1_425' title='bbox 932 2624 1013 2654; x_wconf 76' lang='lat' dir='ltr'><strong>Duc.</strong></span> 
     </span>
    </p>
   </div>
  </div>
 </body>
</html>
