1835 2906
434 174 497 204 DE
529 171 800 202 VERBORUM
835 168 1243 200 SIGNIFICATIONE
1280 169 1370 199 LlB.
1407 169 1456 198 X.

226 269 436 324 Lepista,²
453 281 589 321 genus
607 268 728 310 vasis
752 265 933 321 aquarii.

1588 157 1672 198 :355

224 338 352 379 Leria
365 336 382 361 ⁶
398 343 413 359 a
433 342 688 377 ornamenta
703 335 946 376 tunicarum
964 343 1107 372 aurea.

224 403 464 455 Lesbium,b
484 417 619 458 genus
641 403 759 445 vasis
779 401 942 451 caelati,
965 413 992 441 a
1008 398 1166 440 Lesbis
1187 398 1427 440 inventum.

829 531 966 544 eeeeeee

267 614 287 641 6
312 611 458 644 Quidam
482 611 558 642 libri
576 610 684 642 Loeua.

971 529 1068 543 ‘een

874 696 1017 728 NOTAE

224 784 430 823 λιπαίνεσθαι,
469 784 559 826 quod
599 788 651 815 est
680 783 712 814 in
743 782 923 815 stricturas

224 835 311 875 cogi.
342 835 454 867 Gloss.
471 836 480 852 ‘
495 835 663 866 Strictum
676 833 925 873 λελιπαμμένον.’

224 885 335 916 Porro
351 885 468 926 Lipara
494 885 560 916 alio
586 885 721 916 nomine
747 884 927 915 dicebatur

228 936 412 976 Meligunis,
437 936 506 966 sive
543 935 730 975 Melogonis.
787 935 926 973 Strabo,

227 987 433 1027 Stephanus,
450 987 600 1028 Hesycb.
621 986 777 1019 Eustath.
793 990 829 1017 et
850 986 925 1016 alii:

226 1039 363 1079 egregie
397 1038 596 1070 Callimach.
630 1038 744 1079 hymn.
778 1038 811 1069 in
846 1038 926 1068 Dia-

227 1099 323 1119 nam:
351 1088 424 1121 τοὺς
451 1088 509 1128 μὲν
539 1088 648 1128 ἔτετμε
678 1088 773 1128 Νήσῳ
804 1088 849 1120 ἐνὶ
872 1094 926 1119 Δι-

226 1139 317 1182 ποίρῃ·
353 1139 470 1181 Λιπάρη
506 1139 589 1180 νέον,
623 1139 708 1171 ἀλλὰ
741 1138 808 1170 τότ’
838 1138 928 1170 ἔσκεν

226 1190 351 1229 Οὕνομοί
382 1192 410 1222 οἱ
448 1189 645 1230 Μελιγουνίς.
697 1190 805 1221 ‘Illos
831 1199 926 1231 repe-

227 1242 271 1272 rit
296 1242 336 1272 In
362 1242 470 1272 insula
496 1242 643 1282 Lipara:
675 1240 800 1280 Lipara
826 1249 928 1278 nunc,

227 1290 285 1321 sed
303 1296 374 1322 tum
392 1295 466 1322 erat
481 1291 615 1321 Nomen
632 1290 680 1320 illi
698 1288 925 1329 Meligounis.'

228 1342 406 1380 Meligtmz'n
433 1342 483 1372 vel
502 1342 685 1380 Melogom‘n
710 1340 799 1371 haud
824 1339 925 1371 dubie

228 1402 289 1432 per
305 1402 325 1422 n
350 1392 382 1422 111
399 1391 545 1422 secunda
558 1391 687 1432 syllaba
703 1391 801 1421 Poeni
819 1391 926 1430 scrip-

227 1452 303 1473 sere
320 1442 545 1481 Menaggenin.
568 1441 685 1472 Insula
702 1441 927 1481 Menaggenin,

228 1497 279 1523 est
297 1493 405 1523 insula
420 1501 547 1531 eorum,
568 1492 625 1532 qui
649 1491 785 1531 pulsant
802 1491 926 1521 iustru-

227 1548 344 1574 menta
371 1544 514 1584 musica,
545 1542 723 1577 citharam,
759 1541 929 1577 barbiton,

229 1595 393 1635 nablium,
409 1594 614 1635 cymbalum,
636 1598 849 1633 tympanum,
865 1594 930 1623 &c.

228 1646 307 1678 Jam
331 1647 404 1677 haec
430 1645 538 1676 insula
564 1653 624 1675 cur
649 1643 696 1673 sic
721 1647 874 1680 vocetur,
897 1647 931 1672 te

230 1695 376 1726 doceant
392 1695 465 1725 haec
483 1693 679 1724 Aristotelis
697 1692 729 1722 in
753 1691 812 1723 lib.
830 1692 931 1722 mira-

230 1745 286 1776 bil.
312 1746 344 1775 ἐν
358 1744 412 1785 μίᾳ
437 1745 498 1776 τῶν
514 1744 592 1774 ἑπτὰ
615 1742 715 1780 νήσων
736 1744 797 1773 τῶν
819 1741 933 1773 Αἰόλου

231 1796 442 1835 καλουμένων,
469 1795 488 1832 ἢ
514 1796 654 1826 καλεῖται
668 1793 798 1834 Λιπάρα,
826 1793 929 1834 τάφον

230 1845 305 1877 εἶναι
331 1846 536 1885 μυθολογοῦσι
561 1845 629 1885 περὶ
649 1842 684 1875 οὗ
709 1844 759 1875 καὶ
775 1843 858 1875 ἀλλὰ
871 1843 928 1882 μὲν

230 1899 338 1929 πολλὰ
360 1898 410 1929 καὶ
432 1896 588 1938 τερατώδη
611 1895 754 1935 λέγουσι,
769 1899 833 1927 &c.
863 1896 928 1935 ἐξα-

231 1949 374 1981 κούεσθαι
402 1948 463 1989 γὰρ
491 1947 656 1986 τυμπάνων
681 1946 731 1978 καὶ
760 1945 929 1985 κυμβάλων

230 1999 325 2040 ἦχον,
361 1997 488 2038 ’γέλωτά
523 2010 559 2029 τε
594 1997 672 2037 μετὰ
714 1996 842 2037 θορύβου
878 1996 928 2028 καὶ

231 2049 389 2092 κροτάλων
425 2050 568 2090 ἐναργῶς.
621 2049 630 2065 ‘
662 2048 702 2078 In
741 2057 808 2078 una
852 2056 927 2088 sep-

231 2107 300 2134 tem
332 2101 419 2133 AEoli
458 2101 652 2134 insularum,
687 2107 785 2140 quam
824 2097 927 2138 Lipa-

232 2163 302 2184 ram
326 2156 462 2190 vocant,
484 2151 674 2190 sepulcrum
698 2148 836 2179 tradunt
852 2157 927 2179 esse

233 2205 325 2235 circa
354 2203 443 2244 quod
472 2202 579 2233 multa
607 2200 691 2232 fiunt
722 2199 927 2241 prodigiosa,

233 2257 297 2286 &c.
342 2255 497 2285 Sonitum
523 2253 653 2294 quippe
679 2257 929 2293 tympanorum,

235 2304 542 2344 cymbalorumque,
568 2307 602 2334 et
628 2303 730 2333 risum
754 2311 829 2333 cum
846 2307 928 2333 stre-

234 2356 309 2396 pitu
346 2353 630 2394 crepitaculisque
659 2352 840 2384 manifesto
871 2363 928 2384 au-

236 2404 324 2436 diri!
371 2403 506 2435 Fabnlae
531 2403 626 2433 dedit
651 2403 863 2434 occasionem
880 2403 930 2434 in-

237 2456 349 2487 clusus
368 2453 464 2495 ignis,
486 2463 528 2484 ex
554 2453 627 2483 imis
651 2458 750 2483 terrae
775 2453 930 2484 cavernis

237 2515 417 2546 erumpens
434 2509 536 2545 atque
552 2508 753 2542 exaestuans,
777 2513 842 2534 non
859 2504 930 2534 sine

237 2557 368 2597 mugitu
398 2560 433 2587 et
462 2564 652 2593 murmure3
675 2564 778 2595 quare
805 2555 931 2586 Paulus

237 2608 450 2639 silentiarius
476 2616 576 2646 supra
602 2606 660 2646 ait,
686 2605 815 2646 lapides
838 2607 930 2637 exci-

240 2659 305 2688 tari
335 2656 543 2697 πολυψόφους,
572 2656 765 2697 βροντώδεις,
797 2658 806 2673 ⁴
825 2656 930 2686 instat·

241 2709 383 2741 tonitrus
398 2707 604 2741 frementes:
628 2707 733 2739 Plura
748 2707 823 2740 vide
841 2706 931 2748 apud

979 781 1124 814 eundem
1140 781 1359 812 Bochartum.
1384 780 1482 811 Idem.

1022 839 1033 853 Ζ
1055 831 1199 874 Lepista]
1226 830 1366 862 Naevius
1393 829 1482 871 apud
1512 829 1676 860 Fortuna-

983 885 1109 915 tiauum
1128 883 1168 915 de
1192 881 1348 914 Saturnio
1372 889 1494 911 versu:
1522 879 1531 895 ‘
1550 879 1679 909 Ferunt

984 935 1142 976 pulchros
1173 939 1319 974 pateras,
1358 940 1464 962 aereas
1495 928 1676 969 lepistas:'

984 985 1041 1016 sed
1071 988 1208 1016 crateras
1236 993 1296 1024 pro
1311 986 1435 1024 pateras
1451 980 1678 1012 scribendum.

984 1037 1056 1067 Fut.
1077 1036 1186 1067 Ursin.

1025 1086 1169 1127 Lepista]
1208 1085 1249 1116 In
1277 1084 1460 1119 Glossario,
1483 1084 1492 1100 ‘
1509 1082 1679 1122 Lepistra‚

983 1136 1060 1169 εἶδος
1075 1136 1215 1177 χύτρας.’
1260 1136 1316 1166 De
1340 1135 1404 1165 hoc
1429 1133 1510 1164 satis
1537 1132 1616 1163 olim
1646 1132 1679 1163 iu

984 1187 1235 1229 conjectaneis.
1279 1186 1390 1215 Varro
1406 1183 1448 1213 de
1469 1183 1537 1213 vita
1563 1183 1680 1222 popuii

984 1239 1047 1270 Ro.
1067 1239 1126 1269 lib.
1145 1247 1168 1269 1.
1192 1239 1201 1253 ⁶
1215 1236 1282 1268 Ubi
1298 1240 1371 1266 erat
1388 1235 1500 1265 vinum
1515 1233 1548 1264 in
1566 1242 1682 1264 mensa

982 1289 1144 1330 positum,
1162 1293 1221 1319 aut
1237 1288 1417 1326 lepestam‚
1433 1289 1490 1315 aut
1506 1284 1684 1324 galeolain,

983 1346 1040 1372 aut
1058 1340 1165 1371 sinum
1184 1338 1353 1370 dicebant.
1399 1336 1480 1367 Tria
1495 1336 1596 1371 enim,
1619 1345 1680 1375 pro

981 1391 1102 1432 quibus
1128 1399 1218 1421 nunc
1244 1388 1506 1428 Acratopltoron
1531 1386 1681 1417 dicitur.¹

982 1441 1049 1474 Qui
1077 1441 1170 1471 locus
1200 1443 1460 1479 coagmentatus
1486 1437 1608 1477 partim
1638 1447 1680 1467 ex

982 1491 1106 1530 Nonio,
1132 1490 1255 1530 partim
1273 1499 1315 1519 ex
1331 1487 1475 1518 scliediis
1498 1487 1681 1525 Servianis‚

982 1551 1057 1582 quae
1086 1545 1163 1570 sunt
1189 1549 1293 1580 penes
1325 1537 1465 1568 doctiss.
1499 1538 1679 1568 Danielem

981 1597 1146 1624 nostrum.
1169 1590 1339 1622 ,Ios-Sem.
1386 1589 1471 1620 Inde
1500 1595 1595 1630 patet
1623 1599 1680 1619 vas

983 1642 1148 1673 vinarium
1163 1640 1268 1672 fuisse
1285 1639 1417 1672 Graecis
1430 1639 1584 1676 λεπαστή.
1617 1640 1682 1670 Do·

982 1694 1097 1734 lopun}
1128 1701 1243 1723 vocem
1281 1700 1352 1721 esse
1389 1690 1493 1721 docet
1523 1690 1681 1721 Eustatli.

984 1744 1076 1775 Puto
1107 1751 1179 1773 esse
1209 1752 1227 1772 a
1254 1741 1378 1772 Graeco
1404 1739 1513 1776 λέπας,
1538 1740 1680 1779 concha,

986 1793 1074 1834 quod
1104 1791 1241 1823 conchis
1281 1801 1341 1832 pro
1373 1791 1459 1821 vasis
1491 1795 1680 1821 uterentur.

982 1845 1091 1875 Varro
1109 1844 1165 1874 lib.
1182 1852 1207 1873 1.
1225 1842 1268 1873 de
1285 1842 1357 1872 vita
1374 1851 1453 1881 pop.
1471 1841 1569 1871 Rom.
1594 1842 1602 1857 ‘
1618 1841 1680 1871 Lea

982 1895 1080 1936 pistae
1095 1894 1277 1924 etiamnum
1288 1890 1487 1922 Sabinorum
1502 1889 1589 1921 fanis
1602 1900 1682 1931 pau-

982 1944 1171 1987 perioribus
1189 1942 1359 1984 plerisque
1377 1946 1434 1973 aut
1451 1940 1573 1973 fictiles
1589 1947 1680 1976 sunt,

982 2000 1039 2028 aut
1055 1994 1183 2027 aeneae.'
1209 1995 1290 2026 Dae.

1026 2052 1041 2068 ²
1063 2045 1174 2085 Leria]
1206 2044 1245 2075 In
1277 2042 1483 2074 ornamentis
1510 2043 1681 2074 muliebri-

984 2097 1059 2137 bus,
1087 2095 1144 2137 qui
1170 2094 1239 2125 sint
1264 2094 1353 2133 λῆροι
1382 2093 1415 2123 111
1444 2092 1681 2132 Conjectaueis

984 2147 1142 2178 diximus.
1164 2146 1233 2176 Jos.
1250 2144 1331 2175 Scal.

1027 2196 1137 2236 Leria]
1148 2198 1239 2236 Λῆροι
1251 2195 1395 2226 Graecis.
1414 2192 1566 2233 Hesych.
1578 2193 1679 2232 λῆροι,

982 2250 1023 2281 τὰ
1038 2248 1105 2289 περὶ
1121 2249 1186 2279 τοῖς
1200 2245 1382 2285 ’γυναικείοις
1398 2245 1508 2283 χιτῶσι
1523 2254 1679 2282 κεχρυσω-

982 2301 1069 2341 μένα.
1094 2303 1102 2317 ‘
1119 2299 1231 2335 Leria,
1253 2306 1327 2338 quae
1346 2297 1378 2326 in
1396 2293 1612 2325 muliebribus
1629 2299 1679 2325 tu-

984 2352 1068 2383 nicis
1085 2359 1186 2381 aurea
1201 2347 1300 2380 sunt.'
1338 2346 1409 2378 Etsi
1428 2355 1491 2376 vox
1508 2345 1607 2376 latius
1624 2354 1680 2385 pa-

985 2408 1048 2437 tet,
1072 2411 1148 2432 nam
1172 2399 1320 2439 χλιδῶνες
1346 2406 1462 2427 omnes
1486 2396 1679 2434 muliebres,

984 2455 1182 2485 ornamenta
1209 2448 1331 2486 omnia,
1353 2456 1427 2487 quae
1445 2446 1546 2486 vulgo
1561 2447 1679 2486 jocalia

984 2512 1156 2540 vocamus,
1170 2498 1354 2530 Veteribus
1365 2496 1564 2528 dicebantur
1580 2499 1679 2537 λῆροι,

985 2554 1005 2585 1.
1023 2563 1133 2593 nugae,
1157 2556 1192 2582 et
1208 2547 1400 2590 nugivenffi,
1425 2548 1480 2588 qui
1498 2557 1539 2579 ea
1556 2549 1678 2579 vende-

984 2604 1076 2633 bant.
1116 2601 1229 2631 Plaut.
1259 2598 1336 2629 Aul.
1359 2599 1367 2615 ‘
1386 2597 1453 2628 Ubi
1480 2598 1678 2637 nugivendis

985 2665 1038 2686 res
1055 2655 1164 2684 soluta
1178 2657 1229 2683 est
1245 2647 1423 2681 omnibus.’
1446 2649 1526 2680 Dae.

1028 2705 1041 2725 ὓ
1069 2702 1226 2742 Lesbium]
1265 2700 1450 2733 Meminere
1482 2700 1677 2738 Athenaeus,
