1835 2906
191 173 274 214 148

634 181 780 212 SEXTI
813 180 1014 211 POMPEII
1052 179 1184 210 FESTI

193 277 458 320 Centaurion
474 281 487 298 ⁰
503 275 867 317 medicamentum
889 288 915 315 a
932 274 1119 316 Chirone
1141 278 1344 315 centauro
1364 274 1600 317 inventurn.

193 341 496 386 Centenariaed
522 355 664 384 coenae
700 343 971 391 dicebantur,
1001 342 1046 382 in
1073 354 1185 395 quas
1214 341 1312 394 lege
1341 342 1514 383 Licinia
1542 355 1630 383 non

249 412 348 465 plus
387 411 683 459 centussibus,
705 414 870 462 praeter
897 414 1010 450 terra
1039 414 1157 458 nata,
1189 409 1525 462 impendebatur
1547 423 1556 450 ε
1583 408 1630 449 id

248 483 326 529 est,
342 481 513 519 centum
533 478 708 518 assibus
723 476 956 530 (quierant
977 478 1131 517 breves
1145 476 1311 516 nummi
1326 489 1382 516 ex
1403 475 1543 530 aere).²
1561 482 1574 498 θ

194 545 410 587 Centenas
429 545 578 599 pondo
593 542 606 566 f
624 545 827 585 dicebant
846 544 1033 598 antiqui,
1057 542 1294 584 referentes
1317 543 1372 583 ad
1393 543 1545 584 libras.

194 612 566 654 Centumviraliag
589 612 760 665 judicia
781 624 808 652 a
839 617 1011 652 centum
1041 611 1146 652 viris
1184 614 1284 652 sunt
1304 610 1438 651 dicta.

1497 609 1632 657 Nam,

793 728 1032 741 octonosve-eoo

235 809 255 837 2
277 806 286 823 ‘
305 805 577 845 Circumscripta
593 805 697 836 verba
712 806 929 837 semicirculis
945 805 1100 837 videntur
1117 815 1137 836 a
1154 805 1262 836 Paulo
1286 804 1438 845 adjecta,
1461 808 1520 835 aut
1542 812 1634 834 men-

194 848 278 881 dosa
292 848 387 880 esse.'
412 848 490 880 Ant.
505 848 592 887 Aug.

636 847 715 878 vid.
733 849 812 880 Not.
826 849 991 888 Scaliger-i
1008 847 1104 879 infra.

848 955 988 986 NOTAE

193 1028 272 1051 cero
284 1020 317 1050 in
332 1030 371 1050 ea
386 1029 446 1060 pro
458 1021 637 1052 Caecinna:
655 1021 663 1037 ‘
677 1020 797 1060 Neque
810 1029 886 1060 pos-

194 1071 371 1109 sessiones,
388 1070 419 1100 id
434 1075 497 1104 est,
511 1070 596 1109 agri,
611 1070 667 1110 qui
685 1079 748 1100 non
764 1070 886 1100 manci-

195 1119 334 1160 patione
361 1119 419 1150 sed
444 1129 504 1150 usu
530 1119 747 1159 tenebantur,
772 1120 886 1151 censui

193 1169 365 1200 censendo
394 1169 462 1200 dici
490 1174 661 1210 poterant,
685 1178 796 1210 neque
822 1169 887 1200 hoc

193 1220 327 1250 nomine
342 1219 375 1249 in
392 1229 527 1250 censum
545 1219 670 1250 dicari!
693 1220 764 1250 dos.
781 1219 865 1250 Scal.

239 1269 354 1300 censui
375 1271 525 1301 censendo
545 1269 632 1309 agri]
666 1269 732 1301 Qui
751 1269 887 1309 proprie

188 1320 266 1360 jure
283 1320 385 1355 civili,
401 1320 464 1351 hoc
481 1324 546 1359 est,
565 1320 727 1354 Romano,
750 1328 814 1349 non
831 1328 886 1348 au-

193 1376 263 1402 tem
280 1371 359 1409 alio,
375 1371 441 1401 emi
465 1371 631 1411 vendique
649 1374 801 1409 possunt.
832 1369 888 1400 Ci-

193 1431 273 1453 cero
303 1431 364 1462 pro
395 1422 539 1452 Flacco:
577 1422 586 1438 ‘
612 1421 738 1453 Quaero
774 1419 888 1450 sintne

192 1471 250 1502 illa
266 1470 396 1512 praedia
410 1470 524 1502 censui
540 1468 730 1502 censendo:
769 1469 809 1499 Id
826 1475 889 1508 est,

193 1531 311 1560 quaero
339 1531 380 1552 an
407 1522 465 1552 illa
487 1521 616 1561 praedia
637 1520 717 1560 jure
736 1520 887 1550 Romano

192 1571 258 1601 emi
275 1571 443 1612 vendique
459 1571 599 1611 possint.
624 1570 706 1600 Dac-

228 1625 241 1641 ε
257 1620 459 1660 Centaurion]
475 1621 484 1637 ‘
495 1620 887 1651 Graveoleutiacentau·

193 1669 272 1700 rea'
298 1675 399 1701 vocat
423 1670 546 1710 virgil.
572 1669 729 1700 ‘tristia'
753 1671 889 1700 Lucret.

193 1719 283 1759 quia,
295 1725 332 1749 ut
346 1719 454 1757 addit,
468 1721 476 1736 ‘
488 1729 547 1749 suo
565 1728 675 1749 acrem
690 1728 732 1748 ex
745 1728 888 1758 corpore

195 1768 334 1799 odorem
355 1769 542 1808 Expirantl
570 1770 632 1799 Est
649 1769 762 1800 herbae
779 1778 886 1809 genus

192 1826 211 1847 a
228 1818 372 1848 Chirone
400 1824 563 1849 centauro
586 1825 772 1858 repertum,
799 1818 886 1849 uude

192 1868 350 1907 χειρώνιυν
360 1873 395 1900 et
411 1868 589 1908 κενταύριον
602 1870 810 1901 nominatur:
828 1871 887 1900 liu-

187 1920 244 1958 jus
262 1919 295 1949 iu
321 1919 478 1950 curandis
494 1919 689 1950 vulneribus
707 1919 756 1949 vis
780 1925 888 1956 tanta,

191 1972 230 1998 ut
245 1969 475 2000 cohaerescere
491 1970 589 2000 etiam
607 1978 724 1999 carnes
740 1969 888 2006 tradant,

193 2018 220 2048 si
248 2023 435 2060 coquantur
462 2020 572 2050 simul.
600 2019 690 2050 Plin.
714 2018 773 2049 lib.
799 2027 887 2049 xxv.

191 2077 268 2108 cap.
285 2072 316 2100 9.
341 2069 430 2099 'Vide
447 2069 625 2100 Galenum.
649 2069 746 2099 Idem.

232 2118 246 2139 ‘¹
296 2120 506 2159 Centenarioe]
562 2119 690 2150 Ultima
727 2119 888 2157 clausula,

192 2176 267 2207 quae
281 2177 342 2208 pro
359 2168 572 2199 Glossemate
588 2174 652 2206 est,
668 2166 782 2198 addita
799 2173 852 2198 est
869 2178 888 2198 a

193 2216 337 2248 barbaro
358 2223 576 2249 truncatore:
620 2218 654 2248 id
679 2220 737 2257 est,
767 2221 887 2248 centum

191 2267 321 2303 assibus,
352 2268 406 2306 qui
443 2272 531 2299 erunt
571 2268 676 2298 breves
705 2268 821 2297 nummi
849 2277 888 2298 ex

190 2325 267 2346 asse.
330 2318 416 2348 Haec
448 2324 525 2348 snut
563 2318 724 2358 stigmata
760 2318 888 2348 misello

169 2393 174 2396 .
193 2365 298 2395 Festo
328 2366 370 2396 ab
405 2367 461 2397 iilo
499 2368 632 2398 erudito
663 2367 886 2405 Longobardo

192 2413 315 2445 inusta.
338 2416 406 2447 Jos.
425 2417 505 2455 Scul.

238 2465 433 2496 centenaria>
455 2468 560 2507 coenoe]
596 2468 718 2508 Legem
737 2468 815 2498 tulit
831 2468 884 2498 Li-

193 2515 314 2555 cinius,
336 2527 403 2557 qua
417 2523 551 2549 cautum
569 2529 609 2550 ne
630 2520 703 2560 plus
719 2518 885 2550 centussi-

193 2564 255 2595 bus
279 2566 312 2596 in
334 2575 446 2597 coenas
472 2568 734 2607 impenderetur,
761 2573 886 2608 praeter

193 2623 233 2645 ea
249 2626 323 2656 quae
345 2625 362 2646 e
385 2621 476 2648 terra
497 2624 728 2649 nascerentur.
775 2618 886 2658 Hujus

193 2666 276 2705 legis
292 2667 442 2697 meminit
454 2667 562 2698 Lucil.
578 2669 586 2684 ‘
603 2667 725 2706 Legem
744 2668 886 2698 vitemus

196 2715 324 2747 Licini!
371 2716 437 2747 Sed
454 2726 534 2748 cave
551 2722 649 2757 putes
666 2722 797 2747 centum
811 2717 886 2747 aeris

941 1019 1045 1049 coenis
1073 1018 1212 1057 singulis
1239 1016 1414 1059 quibusvis
1435 1015 1553 1047 diebus
1577 1016 1635 1046 im-

940 1079 1082 1110 pensum
1099 1068 1218 1108 fuisse,
1234 1069 1292 1099 sed
1317 1067 1419 1098 certis
1434 1065 1635 1107 quibusdam

942 1125 1073 1150 tantum
1099 1119 1219 1150 diebus
1245 1117 1340 1148 festis
1367 1117 1499 1148 Gellius
1523 1115 1582 1147 lib.
1612 1124 1636 1146 ι.

941 1179 1014 1209 cap.
1045 1172 1097 1200 24.
1137 1170 1147 1186 ‘
1167 1169 1234 1199 Lex
1258 1167 1380 1199 deiude
1405 1166 1537 1198 Licinia
1567 1167 1636 1196 lata

942 1226 1007 1257 est,
1035 1230 1111 1261 quae
1142 1229 1218 1250 cum
1248 1219 1350 1249 certis
1381 1217 1512 1257 diebus,
1547 1216 1637 1247 sicut

942 1270 1080 1306 Fannia,
1104 1275 1266 1300 centenos
1289 1268 1365 1298 aeris
1389 1267 1538 1307 impendi
1560 1276 1636 1306 per-

942 1321 1101 1358 misisset,
1138 1318 1263 1358 nuptiis
1300 1317 1448 1349 ducenos
1486 1316 1638 1354 indulsit,

942 1370 1065 1401 ceteris
1082 1368 1201 1400 diebus
1226 1368 1346 1399 statuit
1369 1368 1444 1398 aeris
1468 1367 1635 1397 tricenos:

943 1429 1018 1450 cum
1050 1424 1085 1449 et
1107 1420 1219 1449 carnis
1247 1418 1352 1448 aridae
1380 1422 1414 1447 et
1441 1414 1634 1446 salsamenti

942 1474 1036 1500 certa
1060 1468 1211 1509 pondera
1235 1468 1266 1498 in
1295 1467 1442 1507 singulos
1467 1466 1541 1497 dies
1558 1475 1637 1496 con-

943 1518 1117 1550 stituerit.’
1150 1517 1227 1548 Vid.
1245 1517 1400 1547 Macrob.
1415 1516 1474 1546 lib.
1491 1524 1548 1546 111.
1564 1524 1637 1554 cap.

943 1572 993 1601 17.
1011 1578 1110 1610 porro
1128 1568 1174 1598 illi
1191 1577 1284 1598 asses
1300 1573 1436 1598 centnm
1453 1576 1461 1596 z
1495 1565 1637 1605 triginta

942 1626 977 1651 et
1004 1621 1152 1662 quinque
1183 1624 1312 1649 tantum
1339 1622 1463 1648 nostrae
1490 1621 1635 1647 monetae

941 1680 1031 1701 asses
1048 1671 1116 1701 sive
1130 1670 1255 1700 solidos
1272 1667 1477 1700 efficiebant.
1504 1667 1583 1697 Duc.

983 1725 996 1741 θ
1034 1721 1098 1756 Qui
1126 1723 1214 1750 erant
1245 1719 1349 1749 breves
1376 1717 1508 1757 nummi]
1550 1716 1635 1747 Haee

940 1771 1052 1809 Pauli,
1074 1780 1139 1800 non
1159 1770 1252 1800 Festi
1277 1774 1365 1799 sunt.
1411 1769 1532 1807 Neque
1549 1767 1636 1797 enim

940 1821 1061 1851 Festus
1078 1821 1219 1851 dixisset
1237 1823 1340 1858 erant,
1355 1828 1430 1849 cnm
1449 1827 1507 1848 suo
1529 1817 1637 1848 adhuc

942 1875 1094 1910 tempore
1112 1874 1145 1901 et
1162 1871 1268 1902 multo
1285 1875 1360 1910 post
1378 1870 1419 1899 iis
1439 1868 1549 1899 adhuc
1567 1872 1639 1897 nte·

942 1927 1072 1951 rentur.
1097 1921 1194 1951 Idem.

984 1970 997 1989 f
1010 1972 1162 2001 Centenas
1176 1971 1291 2011 pondo]
1310 1970 1399 2003 Quin
1413 1974 1449 2000 et
1463 1967 1637 1999 addebant

942 2029 1034 2060 saepe
1052 2020 1167 2059 libras,
1191 2020 1362 2051 Centenas
1387 2019 1498 2059 pondo
1523 2017 1637 2047 libras.

941 2070 1063 2108 Varro,
1079 2070 1205 2108 Livius,
1221 2070 1364 2101 Gellius.
1386 2069 1453 2100 Jos.
1469 2067 1552 2098 Scal.

987 2120 1142 2150 centenus
1153 2118 1270 2159 pondo]
1303 2118 1512 2149 Subauditur
1531 2116 1636 2147 libras.

943 2169 1052 2201 Quam
1084 2178 1199 2200 vocem
1237 2167 1409 2198 addebant
1446 2165 1637 2207 aliquando.

942 2220 951 2236 ‘
965 2220 1127 2250 Centenae
1139 2218 1258 2258 lib1·ae‚’
1272 2217 1358 2248 idem
1373 2217 1459 2258 quod
1475 2218 1484 2233 ⁴
1500 2216 1636 2247 centeni

943 2268 1044 2307 ae1·is‚’
1061 2278 1151 2299 asses
1169 2268 1311 2299 seilicet.
1334 2267 1416 2298 Dae.

983 2325 999 2346 g
1023 2317 1284 2356 Centumvz'ralia]
1307 2317 1372 2347 Illa
1386 2314 1503 2350 verba,
1527 2314 1636 2355 ι(μαῖ’,

943 2372 978 2398 et
994 2368 1096 2398 curiae
1120 2367 1222 2398 dictae
1246 2365 1346 2405 sunt‚'
1371 2375 1436 2396 non
1453 2373 1526 2395 esse
1541 2363 1634 2394 Festi

941 2418 1110 2449 existimo.
1154 2417 1242 2448 Vide
1257 2417 1266 2433 ‘
1283 2414 1407 2446 Curia.’
1430 2414 1508 2445 Ant.
1524 2413 1609 2451 Aug.

985 2467 1231 2499 Centumriralia
1252 2465 1391 2505 judicia]
1431 2465 1487 2494 De
1517 2462 1635 2502 quibus

941 2518 1050 2548 causis
1067 2522 1200 2547 centum
1217 2512 1520 2554 virijudicaverint
1534 2511 1636 2541 docet

941 2577 1000 2598 nos
1018 2568 1138 2599 Cicero
1155 2566 1214 2597 lib.
1229 2575 1251 2596 1.
1273 2565 1315 2596 de
1336 2564 1505 2595 Oratore:
1536 2561 1635 2593 ‘Jac-

941 2622 1014 2647 tare
1031 2626 1066 2646 se
1084 2617 1116 2646 in
1141 2615 1251 2646 causis
1275 2611 1583 2650 centumviralibus,
1601 2611 1633 2641 in

941 2666 1060 2707 quibus
1077 2664 1332 2705 usucapionum,
1346 2663 1542 2699 tutelarum,
1554 2670 1632 2701 gen—

942 2716 1117 2755 tilitatum,
1153 2713 1382 2754 agnationum,
1419 2712 1637 2746 alluvionum,
