<?xml version="1.0" encoding="UTF-8"?>
<!DOCTYPE html PUBLIC "-//W3C//DTD XHTML 1.0 Transitional//EN"
    "http://www.w3.org/TR/xhtml1/DTD/xhtml1-transitional.dtd">
<html xmlns="http://www.w3.org/1999/xhtml" xml:lang="en" lang="en">
 <head>
  <title>
</title>
<meta http-equiv="Content-Type" content="text/html;charset=utf-8" />
  <meta name='ocr-system' content='tesseract 3.04.00' />
  <meta name='ocr-capabilities' content='ocr_page ocr_carea ocr_par ocr_line ocrx_word'/>
</head>
<body>
  <div class='ocr_page' id='page_1' title='image "./mverriiflacciqua01verruoft/mverriiflacciqua01verruoft_0065.png"; bbox 0 0 1835 2906; ppageno 0'>
   <div class='ocr_carea' id='block_1_1' title="bbox 1528 157 1574 167">
    <p class='ocr_par' dir='ltr' id='par_1_1' title="bbox 1528 157 1574 167">
     <span class='ocr_line' id='line_1_1' title="bbox 1528 157 1574 167; baseline -0.022 0"><span class='ocrx_word' id='word_1_1' title='bbox 1528 157 1574 167; x_wconf 62' lang='grc' dir='ltr'>μιν</span> 
     </span>
    </p>
   </div>
   <div class='ocr_carea' id='block_1_2' title="bbox 365 167 1578 201">
    <p class='ocr_par' dir='ltr' id='par_1_2' title="bbox 365 167 1578 201">
     <span class='ocr_line' id='line_1_2' title="bbox 365 167 1578 201; baseline -0.004 0"><span class='ocrx_word' id='word_1_2' title='bbox 365 173 426 201; x_wconf 80' lang='lat' dir='ltr'>DE</span> <span class='ocrx_word' id='word_1_3' title='bbox 459 169 730 200; x_wconf 83' lang='lat' dir='ltr'>VERBORUM</span> <span class='ocrx_word' id='word_1_4' title='bbox 765 167 1171 198; x_wconf 77' lang='lat' dir='ltr'>SIGNlFlCATIONE</span> <span class='ocrx_word' id='word_1_5' title='bbox 1206 168 1297 196; x_wconf 85' lang='lat' dir='ltr'>LlB.</span> <span class='ocrx_word' id='word_1_6' title='bbox 1333 168 1360 196; x_wconf 85' lang='lat' dir='ltr'>l.</span> <span class='ocrx_word' id='word_1_7' title='bbox 1523 168 1578 196; x_wconf 64' lang='lat'>03</span> 
     </span>
    </p>
   </div>
   <div class='ocr_carea' id='block_1_3' title="bbox 146 261 1584 655">
    <p class='ocr_par' dir='ltr' id='par_1_3' title="bbox 146 261 1581 374">
     <span class='ocr_line' id='line_1_3' title="bbox 146 261 1581 320; baseline -0.006 -12"><span class='ocrx_word' id='word_1_8' title='bbox 146 266 293 320; x_wconf 60' lang='lat' dir='ltr'>Ageae</span> <span class='ocrx_word' id='word_1_9' title='bbox 314 267 385 307; x_wconf 82' lang='lat' dir='ltr'>via</span> <span class='ocrx_word' id='word_1_10' title='bbox 405 267 448 306; x_wconf 88' lang='lat' dir='ltr'>in</span> <span class='ocrx_word' id='word_1_11' title='bbox 469 266 567 306; x_wconf 87' lang='lat' dir='ltr'>navi</span> <span class='ocrx_word' id='word_1_12' title='bbox 589 264 718 313; x_wconf 86' lang='lat' dir='ltr'>dicta,</span> <span class='ocrx_word' id='word_1_13' title='bbox 740 261 857 316; x_wconf 91' lang='lat' dir='ltr'>quod</span> <span class='ocrx_word' id='word_1_14' title='bbox 879 263 920 302; x_wconf 92' lang='lat' dir='ltr'>in</span> <span class='ocrx_word' id='word_1_15' title='bbox 936 274 987 302; x_wconf 86' lang='lat' dir='ltr'>ea</span> <span class='ocrx_word' id='word_1_16' title='bbox 1006 261 1200 302; x_wconf 81' lang='lat' dir='ltr'>maxima</span> <span class='ocrx_word' id='word_1_17' title='bbox 1222 272 1407 313; x_wconf 79' lang='lat' dir='ltr'>quaeque</span> <span class='ocrx_word' id='word_1_18' title='bbox 1424 272 1490 299; x_wconf 85' lang='lat' dir='ltr'>res</span> <span class='ocrx_word' id='word_1_19' title='bbox 1512 262 1581 313; x_wconf 83' lang='lat' dir='ltr'>agi</span> 
     </span>
     <span class='ocr_line' id='line_1_4' title="bbox 205 334 330 374; baseline -0.016 0"><span class='ocrx_word' id='word_1_20' title='bbox 205 334 330 374; x_wconf 85' lang='lat' dir='ltr'>solet.</span> 
     </span>
    </p>

    <p class='ocr_par' dir='ltr' id='par_1_4' title="bbox 146 394 1551 454">
     <span class='ocr_line' id='line_1_5' title="bbox 146 394 1551 454; baseline -0.008 -12"><span class='ocrx_word' id='word_1_21' title='bbox 146 401 350 454; x_wconf 83' lang='lat' dir='ltr'><strong>Agedum</strong></span> <span class='ocrx_word' id='word_1_22' title='bbox 366 398 588 452; x_wconf 71' lang='lat' dir='ltr'>,significat</span> <span class='ocrx_word' id='word_1_23' title='bbox 610 411 688 451; x_wconf 83' lang='lat' dir='ltr'>age</span> <span class='ocrx_word' id='word_1_24' title='bbox 709 397 857 437; x_wconf 86' lang='lat' dir='ltr'>modo:</span> <span class='ocrx_word' id='word_1_25' title='bbox 879 399 947 436; x_wconf 87' lang='lat' dir='ltr'>est</span> <span class='ocrx_word' id='word_1_26' title='bbox 968 396 1081 435; x_wconf 90' lang='lat' dir='ltr'>enim</span> <span class='ocrx_word' id='word_1_27' title='bbox 1103 394 1374 435; x_wconf 78' lang='lat' dir='ltr'>adhortantis</span> <span class='ocrx_word' id='word_1_28' title='bbox 1397 405 1551 433; x_wconf 89' lang='lat' dir='ltr'>sermo.</span> 
     </span>
    </p>

    <p class='ocr_par' dir='ltr' id='par_1_5' title="bbox 147 459 1584 655">
     <span class='ocr_line' id='line_1_6' title="bbox 147 459 1580 522; baseline -0.007 -13"><span class='ocrx_word' id='word_1_29' title='bbox 147 468 301 522; x_wconf 83' lang='lat' dir='ltr'><strong>Agere,</strong></span> <span class='ocrx_word' id='word_1_30' title='bbox 322 467 455 507; x_wconf 92' lang='lat' dir='ltr'>modo</span> <span class='ocrx_word' id='word_1_31' title='bbox 476 465 696 518; x_wconf 86' lang='lat' dir='ltr'>significat</span> <span class='ocrx_word' id='word_1_32' title='bbox 716 468 816 504; x_wconf 80' lang='lat' dir='ltr'>ante</span> <span class='ocrx_word' id='word_1_33' title='bbox 839 476 885 503; x_wconf 87' lang='lat' dir='ltr'>se</span> <span class='ocrx_word' id='word_1_34' title='bbox 906 463 1081 516; x_wconf 88' lang='lat' dir='ltr'>pellere,</span> <span class='ocrx_word' id='word_1_35' title='bbox 1101 462 1145 502; x_wconf 92' lang='lat' dir='ltr'>id</span> <span class='ocrx_word' id='word_1_36' title='bbox 1167 465 1248 510; x_wconf 84' lang='lat' dir='ltr'>est,</span> <span class='ocrx_word' id='word_1_37' title='bbox 1267 461 1448 501; x_wconf 87' lang='lat' dir='ltr'>minare.</span> <span class='ocrx_word' id='word_1_38' title='bbox 1480 459 1580 500; x_wconf 80' lang='lat' dir='ltr'>Vir-</span> 
     </span>
     <span class='ocr_line' id='line_1_7' title="bbox 204 527 1584 587; baseline -0.006 -11"><span class='ocrx_word' id='word_1_39' title='bbox 204 536 363 587; x_wconf 85' lang='lat' dir='ltr'>gilius:</span> <span class='ocrx_word' id='word_1_40' title='bbox 395 539 439 574; x_wconf 90' lang='lat' dir='ltr'>et</span> <span class='ocrx_word' id='word_1_41' title='bbox 469 540 623 586; x_wconf 86' lang='lat' dir='ltr'>potum</span> <span class='ocrx_word' id='word_1_42' title='bbox 654 536 809 584; x_wconf 84' lang='lat' dir='ltr'>pastas</span> <span class='ocrx_word' id='word_1_43' title='bbox 847 543 938 583; x_wconf 88' lang='lat' dir='ltr'>age,</span> <span class='ocrx_word' id='word_1_44' title='bbox 973 530 1139 583; x_wconf 81' lang='lat' dir='ltr'>Tityre.</span> <span class='ocrx_word' id='word_1_45' title='bbox 1201 528 1339 569; x_wconf 88' lang='lat' dir='ltr'>Modo</span> <span class='ocrx_word' id='word_1_46' title='bbox 1371 527 1584 579; x_wconf 80' lang='lat' dir='ltr'>significat</span> 
     </span>
     <span class='ocr_line' id='line_1_8' title="bbox 196 590 1583 655; baseline -0.006 -12"><span class='ocrx_word' id='word_1_47' title='bbox 196 598 420 655; x_wconf 80' lang='lat' dir='ltr'>jurgari:f</span> <span class='ocrx_word' id='word_1_48' title='bbox 446 605 494 641; x_wconf 85' lang='lat' dir='ltr'>ut</span> <span class='ocrx_word' id='word_1_49' title='bbox 527 613 625 641; x_wconf 89' lang='lat' dir='ltr'>cum</span> <span class='ocrx_word' id='word_1_50' title='bbox 653 590 856 647; x_wconf 71' lang='lat' dir='ltr'>dicinius,</span> <span class='ocrx_word' id='word_1_51' title='bbox 879 599 969 651; x_wconf 83' lang='lat' dir='ltr'>agit</span> <span class='ocrx_word' id='word_1_52' title='bbox 999 610 1098 638; x_wconf 86' lang='lat' dir='ltr'>curn</span> <span class='ocrx_word' id='word_1_53' title='bbox 1131 610 1183 637; x_wconf 93' lang='lat' dir='ltr'>eo</span> <span class='ocrx_word' id='word_1_54' title='bbox 1213 597 1334 636; x_wconf 84' lang='lat' dir='ltr'>furti:</span> <span class='ocrx_word' id='word_1_55' title='bbox 1366 595 1497 636; x_wconf 89' lang='lat' dir='ltr'>modo</span> <span class='ocrx_word' id='word_1_56' title='bbox 1520 608 1583 635; x_wconf 88' lang='lat' dir='ltr'>re-</span> 
     </span>
    </p>
   </div>
   <div class='ocr_carea' id='block_1_4' title="bbox 203 663 1586 724">
    <p class='ocr_par' dir='ltr' id='par_1_6' title="bbox 203 663 1586 724">
     <span class='ocr_line' id='line_1_9' title="bbox 203 663 1586 724; baseline -0.007 -14"><span class='ocrx_word' id='word_1_57' title='bbox 203 669 412 724; x_wconf 81' lang='lat' dir='ltr'>pendere:</span> <span class='ocrx_word' id='word_1_58' title='bbox 444 673 494 708; x_wconf 89' lang='lat' dir='ltr'>ut</span> <span class='ocrx_word' id='word_1_59' title='bbox 524 680 623 708; x_wconf 88' lang='lat' dir='ltr'>cum</span> <span class='ocrx_word' id='word_1_60' title='bbox 655 667 856 714; x_wconf 83' lang='lat' dir='ltr'>dicimus,</span> <span class='ocrx_word' id='word_1_61' title='bbox 881 666 1043 718; x_wconf 79' lang='lat' dir='ltr'>gratias</span> <span class='ocrx_word' id='word_1_62' title='bbox 1065 677 1173 717; x_wconf 82' lang='lat' dir='ltr'>ago:</span> <span class='ocrx_word' id='word_1_63' title='bbox 1204 663 1333 704; x_wconf 89' lang='lat' dir='ltr'>modo</span> <span class='ocrx_word' id='word_1_64' title='bbox 1356 663 1500 703; x_wconf 88' lang='lat' dir='ltr'>verbis</span> <span class='ocrx_word' id='word_1_65' title='bbox 1521 663 1586 702; x_wconf 84' lang='lat' dir='ltr'>in·</span> 
     </span>
    </p>
   </div>
   <div class='ocr_carea' id='block_1_5' title="bbox 205 734 1169 784">
    <p class='ocr_par' dir='ltr' id='par_1_7' title="bbox 205 734 1169 784">
     <span class='ocr_line' id='line_1_10' title="bbox 205 734 1169 784; baseline -0.004 -8"><span class='ocrx_word' id='word_1_66' title='bbox 205 737 349 778; x_wconf 87' lang='lat' dir='ltr'>dicare</span> <span class='ocrx_word' id='word_1_67' title='bbox 367 735 423 776; x_wconf 86' lang='lat'>:¹⁶</span> <span class='ocrx_word' id='word_1_68' title='bbox 454 739 500 776; x_wconf 88' lang='lat' dir='ltr'>ut</span> <span class='ocrx_word' id='word_1_69' title='bbox 522 748 621 776; x_wconf 90' lang='lat' dir='ltr'>cum</span> <span class='ocrx_word' id='word_1_70' title='bbox 643 734 844 782; x_wconf 86' lang='lat' dir='ltr'>dicimus,</span> <span class='ocrx_word' id='word_1_71' title='bbox 868 745 1048 773; x_wconf 87' lang='lat' dir='ltr'>causam</span> <span class='ocrx_word' id='word_1_72' title='bbox 1071 745 1169 784; x_wconf 83' lang='lat' dir='ltr'>ago.</span> 
     </span>
    </p>
   </div>
   <div class='ocr_carea' id='block_1_6' title="bbox 1230 730 1583 780">
    <p class='ocr_par' dir='ltr' id='par_1_8' title="bbox 1230 730 1583 780">
     <span class='ocr_line' id='line_1_11' title="bbox 1230 730 1583 780; baseline -0.006 -9"><span class='ocrx_word' id='word_1_73' title='bbox 1230 731 1347 780; x_wconf 86' lang='lat' dir='ltr'>Quin</span> <span class='ocrx_word' id='word_1_74' title='bbox 1377 730 1511 770; x_wconf 84' lang='lat' dir='ltr'>etiam</span> <span class='ocrx_word' id='word_1_75' title='bbox 1545 731 1583 769; x_wconf 88' lang='lat' dir='ltr'>si</span> 
     </span>
    </p>
   </div>
   <div class='ocr_carea' id='block_1_7' title="bbox 205 789 1595 855">
    <p class='ocr_par' dir='ltr' id='par_1_9' title="bbox 205 789 1595 855">
     <span class='ocr_line' id='line_1_12' title="bbox 205 789 1595 855; baseline -0.005 -12"><span class='ocrx_word' id='word_1_76' title='bbox 205 803 390 843; x_wconf 84' lang='lat' dir='ltr'>accessit</span> <span class='ocrx_word' id='word_1_77' title='bbox 411 807 594 855; x_wconf 83' lang='lat' dir='ltr'>gestus,g</span> <span class='ocrx_word' id='word_1_78' title='bbox 622 807 663 842; x_wconf 89' lang='lat' dir='ltr'>et</span> <span class='ocrx_word' id='word_1_79' title='bbox 686 802 833 842; x_wconf 87' lang='lat' dir='ltr'>vultus</span> <span class='ocrx_word' id='word_1_80' title='bbox 855 800 1033 854; x_wconf 83' lang='lat' dir='ltr'>quidam</span> <span class='ocrx_word' id='word_1_81' title='bbox 1054 800 1206 841; x_wconf 88' lang='lat' dir='ltr'>decor:</span> <span class='ocrx_word' id='word_1_82' title='bbox 1229 805 1277 839; x_wconf 90' lang='lat' dir='ltr'>ut</span> <span class='ocrx_word' id='word_1_83' title='bbox 1298 811 1398 839; x_wconf 91' lang='lat' dir='ltr'>cum</span> <span class='ocrx_word' id='word_1_84' title='bbox 1421 789 1595 837; x_wconf 68' lang='lat' dir='ltr'>scenici*</span> 
     </span>
    </p>
   </div>
   <div class='ocr_carea' id='block_1_8' title="bbox 205 869 560 923">
    <p class='ocr_par' dir='ltr' id='par_1_10' title="bbox 205 869 560 923">
     <span class='ocr_line' id='line_1_13' title="bbox 205 869 560 923; baseline -0.008 -12"><span class='ocrx_word' id='word_1_85' title='bbox 205 883 331 923; x_wconf 80' lang='lat' dir='ltr'>agere</span> <span class='ocrx_word' id='word_1_86' title='bbox 347 869 560 911; x_wconf 87' lang='lat' dir='ltr'>dicuntur.</span> 
     </span>
    </p>
   </div>
   <div class='ocr_carea' id='block_1_9' title="bbox 150 933 1583 1054">
    <p class='ocr_par' dir='ltr' id='par_1_11' title="bbox 150 933 1583 1054">
     <span class='ocr_line' id='line_1_14' title="bbox 150 933 1582 990; baseline -0.005 -12"><span class='ocrx_word' id='word_1_87' title='bbox 150 936 322 990; x_wconf 69' lang='lat' dir='ltr'>Aginah</span> <span class='ocrx_word' id='word_1_88' title='bbox 358 942 439 986; x_wconf 89' lang='lat' dir='ltr'>est,</span> <span class='ocrx_word' id='word_1_89' title='bbox 474 949 563 990; x_wconf 91' lang='lat' dir='ltr'>quo</span> <span class='ocrx_word' id='word_1_90' title='bbox 589 936 791 977; x_wconf 87' lang='lat' dir='ltr'>inseritur</span> <span class='ocrx_word' id='word_1_91' title='bbox 815 947 978 988; x_wconf 80' lang='lat' dir='ltr'>scapus</span> <span class='ocrx_word' id='word_1_92' title='bbox 1000 935 1197 975; x_wconf 75' lang='lat' dir='ltr'>trutinae:</span> <span class='ocrx_word' id='word_1_93' title='bbox 1230 933 1273 973; x_wconf 92' lang='lat' dir='ltr'>id</span> <span class='ocrx_word' id='word_1_94' title='bbox 1303 935 1383 981; x_wconf 82' lang='lat' dir='ltr'>est,</span> <span class='ocrx_word' id='word_1_95' title='bbox 1415 934 1458 972; x_wconf 88' lang='lat' dir='ltr'>in</span> <span class='ocrx_word' id='word_1_96' title='bbox 1495 944 1582 983; x_wconf 86' lang='lat' dir='ltr'>quo</span> 
     </span>
     <span class='ocr_line' id='line_1_15' title="bbox 204 999 1583 1054; baseline -0.005 -10"><span class='ocrx_word' id='word_1_97' title='bbox 204 1004 411 1045; x_wconf 82' lang='lat' dir='ltr'>foramine</span> <span class='ocrx_word' id='word_1_98' title='bbox 432 1004 592 1044; x_wconf 84' lang='lat' dir='ltr'>trutina</span> <span class='ocrx_word' id='word_1_99' title='bbox 610 1016 655 1043; x_wconf 89' lang='lat' dir='ltr'>se</span> <span class='ocrx_word' id='word_1_100' title='bbox 675 1003 827 1043; x_wconf 84' lang='lat' dir='ltr'>vertit:</span> <span class='ocrx_word' id='word_1_101' title='bbox 863 1001 975 1042; x_wconf 89' lang='lat' dir='ltr'>unde</span> <span class='ocrx_word' id='word_1_102' title='bbox 998 1002 1242 1054; x_wconf 82' lang='lat' dir='ltr'>aginatores</span> <span class='ocrx_word' id='word_1_103' title='bbox 1263 1001 1481 1047; x_wconf 85' lang='lat' dir='ltr'>dicuntur,</span> <span class='ocrx_word' id='word_1_104' title='bbox 1511 999 1583 1051; x_wconf 85' lang='lat' dir='ltr'>qui</span> 
     </span>
    </p>
   </div>
   <div class='ocr_carea' id='block_1_10' title="bbox 204 1071 751 1124">
    <p class='ocr_par' dir='ltr' id='par_1_12' title="bbox 204 1071 751 1124">
     <span class='ocr_line' id='line_1_16' title="bbox 204 1071 751 1124; baseline -0.005 -13"><span class='ocrx_word' id='word_1_105' title='bbox 204 1084 342 1124; x_wconf 87' lang='lat' dir='ltr'>parvo</span> <span class='ocrx_word' id='word_1_106' title='bbox 364 1071 486 1111; x_wconf 88' lang='lat' dir='ltr'>lucro</span> <span class='ocrx_word' id='word_1_107' title='bbox 508 1074 751 1110; x_wconf 84' lang='lat' dir='ltr'>moventur.</span> 
     </span>
    </p>
   </div>
   <div class='ocr_carea' id='block_1_11' title="bbox 749 1185 871 1198">
    <p class='ocr_par' dir='ltr' id='par_1_13' title="bbox 749 1185 871 1198">
     <span class='ocr_line' id='line_1_17' title="bbox 749 1185 871 1198; baseline 0.008 -1"><span class='ocrx_word' id='word_1_108' title='bbox 749 1185 871 1198; x_wconf 58' lang='lat' dir='ltr'>eeeee</span> 
     </span>
    </p>
   </div>
   <div class='ocr_carea' id='block_1_12' title="bbox 193 1253 496 1292">
    <p class='ocr_par' dir='ltr' id='par_1_14' title="bbox 193 1253 496 1292">
     <span class='ocr_line' id='line_1_18' title="bbox 193 1253 496 1292; baseline -0.003 -6"><span class='ocrx_word' id='word_1_109' title='bbox 193 1259 206 1286; x_wconf 89' lang='lat'>1</span> <span class='ocrx_word' id='word_1_110' title='bbox 214 1258 232 1285; x_wconf 83' lang='lat'><strong>6</strong></span> <span class='ocrx_word' id='word_1_111' title='bbox 257 1254 324 1285; x_wconf 85' lang='lat' dir='ltr'>Alii</span> <span class='ocrx_word' id='word_1_112' title='bbox 340 1253 496 1292; x_wconf 78' lang='lat' dir='ltr'>judicare.</span> 
     </span>
    </p>
   </div>
   <div class='ocr_carea' id='block_1_13' title="bbox 872 1186 994 1198">
    <p class='ocr_par' dir='ltr' id='par_1_15' title="bbox 872 1186 994 1198">
     <span class='ocr_line' id='line_1_19' title="bbox 872 1186 994 1198; baseline 0.008 -1"><span class='ocrx_word' id='word_1_113' title='bbox 872 1186 994 1198; x_wconf 56' lang='lat'>““““</span> 
     </span>
    </p>
   </div>
   <div class='ocr_carea' id='block_1_14' title="bbox 800 1341 940 1372">
    <p class='ocr_par' dir='ltr' id='par_1_16' title="bbox 800 1341 940 1372">
     <span class='ocr_line' id='line_1_20' title="bbox 800 1341 940 1372; baseline 0 0"><span class='ocrx_word' id='word_1_114' title='bbox 800 1341 940 1372; x_wconf 82' lang='lat' dir='ltr'><strong>NOTAE</strong></span> 
     </span>
    </p>
   </div>
   <div class='ocr_carea' id='block_1_15' title="bbox 142 1416 846 2754">
    <p class='ocr_par' dir='ltr' id='par_1_17' title="bbox 149 1416 425 1457">
     <span class='ocr_line' id='line_1_21' title="bbox 149 1416 425 1457; baseline -0.007 -9"><span class='ocrx_word' id='word_1_115' title='bbox 149 1417 317 1457; x_wconf 83' lang='lat' dir='ltr'>scalpunt.</span> <span class='ocrx_word' id='word_1_116' title='bbox 342 1416 425 1447; x_wconf 76' lang='lat' dir='ltr'>Duc.</span> 
     </span>
    </p>

    <p class='ocr_par' dir='ltr' id='par_1_18' title="bbox 149 1464 843 1707">
     <span class='ocr_line' id='line_1_22' title="bbox 191 1464 841 1507; baseline -0.003 -10"><span class='ocrx_word' id='word_1_117' title='bbox 191 1466 204 1487; x_wconf 72' lang='lat'>‘1</span> <span class='ocrx_word' id='word_1_118' title='bbox 219 1467 397 1507; x_wconf 75' lang='lat' dir='ltr'>Minantes]</span> <span class='ocrx_word' id='word_1_119' title='bbox 416 1466 489 1496; x_wconf 86' lang='lat' dir='ltr'>Vox</span> <span class='ocrx_word' id='word_1_120' title='bbox 504 1466 622 1497; x_wconf 79' lang='lat' dir='ltr'>minare</span> <span class='ocrx_word' id='word_1_121' title='bbox 647 1464 841 1506; x_wconf 85' lang='lat' dir='ltr'>posteriori-</span> 
     </span>
     <span class='ocr_line' id='line_1_23' title="bbox 150 1517 843 1558; baseline -0.003 -10"><span class='ocrx_word' id='word_1_122' title='bbox 150 1517 212 1548; x_wconf 89' lang='lat' dir='ltr'>bus</span> <span class='ocrx_word' id='word_1_123' title='bbox 237 1518 371 1548; x_wconf 86' lang='lat' dir='ltr'>saeculis</span> <span class='ocrx_word' id='word_1_124' title='bbox 396 1521 560 1558; x_wconf 88' lang='lat' dir='ltr'>usurpata</span> <span class='ocrx_word' id='word_1_125' title='bbox 576 1522 627 1547; x_wconf 89' lang='lat' dir='ltr'>est</span> <span class='ocrx_word' id='word_1_126' title='bbox 645 1526 706 1556; x_wconf 89' lang='lat' dir='ltr'>pro</span> <span class='ocrx_word' id='word_1_127' title='bbox 722 1517 843 1556; x_wconf 80' lang='lat' dir='ltr'>ducere,</span> 
     </span>
     <span class='ocr_line' id='line_1_24' title="bbox 149 1567 842 1603; baseline 0 -5"><span class='ocrx_word' id='word_1_128' title='bbox 149 1567 238 1598; x_wconf 89' lang='lat' dir='ltr'>unde</span> <span class='ocrx_word' id='word_1_129' title='bbox 263 1567 343 1598; x_wconf 85' lang='lat' dir='ltr'>Itali</span> <span class='ocrx_word' id='word_1_130' title='bbox 370 1577 507 1603; x_wconf 70' lang='lat' dir='ltr'>menore,</span> <span class='ocrx_word' id='word_1_131' title='bbox 538 1568 713 1598; x_wconf 83' lang='lat' dir='ltr'>Vascones</span> <span class='ocrx_word' id='word_1_132' title='bbox 743 1577 842 1598; x_wconf 84' lang='lat' dir='ltr'>mena.</span> 
     </span>
     <span class='ocr_line' id='line_1_25' title="bbox 150 1616 842 1657; baseline -0.004 -8"><span class='ocrx_word' id='word_1_133' title='bbox 150 1617 263 1649; x_wconf 86' lang='lat' dir='ltr'>Antea</span> <span class='ocrx_word' id='word_1_134' title='bbox 279 1628 341 1657; x_wconf 90' lang='lat' dir='ltr'>pro</span> <span class='ocrx_word' id='word_1_135' title='bbox 356 1618 483 1649; x_wconf 80' lang='lat' dir='ltr'>minari.</span> <span class='ocrx_word' id='word_1_136' title='bbox 521 1618 635 1650; x_wconf 86' lang='lat' dir='ltr'>Quare</span> <span class='ocrx_word' id='word_1_137' title='bbox 652 1618 725 1648; x_wconf 81' lang='lat' dir='ltr'>liaec</span> <span class='ocrx_word' id='word_1_138' title='bbox 743 1616 842 1647; x_wconf 90' lang='lat' dir='ltr'>Pauli</span> 
     </span>
     <span class='ocr_line' id='line_1_26' title="bbox 150 1669 560 1707; baseline 0.002 -9"><span class='ocrx_word' id='word_1_139' title='bbox 150 1672 239 1707; x_wconf 89' lang='lat' dir='ltr'>sunt,</span> <span class='ocrx_word' id='word_1_140' title='bbox 254 1678 319 1698; x_wconf 91' lang='lat' dir='ltr'>non</span> <span class='ocrx_word' id='word_1_141' title='bbox 339 1669 442 1700; x_wconf 82' lang='lat' dir='ltr'>Festi.</span> <span class='ocrx_word' id='word_1_142' title='bbox 466 1669 560 1699; x_wconf 81' lang='lat' dir='ltr'>Iclem.</span> 
     </span>
    </p>

    <p class='ocr_par' dir='ltr' id='par_1_19' title="bbox 146 1718 846 2301">
     <span class='ocr_line' id='line_1_27' title="bbox 190 1718 843 1758; baseline -0.005 -8"><span class='ocrx_word' id='word_1_143' title='bbox 190 1724 203 1739; x_wconf 82' lang='lat' dir='ltr'>e</span> <span class='ocrx_word' id='word_1_144' title='bbox 221 1718 327 1758; x_wconf 84' lang='lat' dir='ltr'>Agea]</span> <span class='ocrx_word' id='word_1_145' title='bbox 354 1719 587 1750; x_wconf 82' lang='lat' dir='ltr'>Glossarium:</span> <span class='ocrx_word' id='word_1_146' title='bbox 614 1719 760 1758; x_wconf 84' lang='lat' dir='ltr'>‘Agear‚</span> <span class='ocrx_word' id='word_1_147' title='bbox 785 1730 843 1747; x_wconf 73' lang='grc' dir='ltr'>πα·</span> 
     </span>
     <span class='ocr_line' id='line_1_28' title="bbox 149 1768 844 1809; baseline -0.003 -9"><span class='ocrx_word' id='word_1_148' title='bbox 149 1768 284 1809; x_wconf 84' lang='grc' dir='ltr'>ραμένων</span> <span class='ocrx_word' id='word_1_149' title='bbox 300 1769 350 1799; x_wconf 80' lang='grc' dir='ltr'>καὶ</span> <span class='ocrx_word' id='word_1_150' title='bbox 372 1768 504 1806; x_wconf 78' lang='grc' dir='ltr'>πάροδος</span> <span class='ocrx_word' id='word_1_151' title='bbox 523 1768 666 1800; x_wconf 83' lang='grc' dir='ltr'><strong>πλοίου;’</strong></span> <span class='ocrx_word' id='word_1_152' title='bbox 691 1768 746 1799; x_wconf 86' lang='lat' dir='ltr'>ubi</span> <span class='ocrx_word' id='word_1_153' title='bbox 767 1778 844 1798; x_wconf 89' lang='lat' dir='ltr'>con-</span> 
     </span>
     <span class='ocr_line' id='line_1_29' title="bbox 147 1818 845 1859; baseline -0.003 -10"><span class='ocrx_word' id='word_1_154' title='bbox 147 1820 280 1859; x_wconf 88' lang='lat' dir='ltr'>junctio</span> <span class='ocrx_word' id='word_1_155' title='bbox 298 1818 348 1849; x_wconf 77' lang='grc' dir='ltr'>καὶ</span> <span class='ocrx_word' id='word_1_156' title='bbox 362 1818 529 1858; x_wconf 82' lang='lat' dir='ltr'>superflua</span> <span class='ocrx_word' id='word_1_157' title='bbox 545 1824 608 1849; x_wconf 85' lang='lat' dir='ltr'>est.</span> <span class='ocrx_word' id='word_1_158' title='bbox 633 1819 757 1849; x_wconf 82' lang='lat' dir='ltr'>Cetera</span> <span class='ocrx_word' id='word_1_159' title='bbox 772 1827 845 1849; x_wconf 90' lang='lat' dir='ltr'>cor-</span> 
     </span>
     <span class='ocr_line' id='line_1_30' title="bbox 151 1868 846 1909; baseline -0.001 -10"><span class='ocrx_word' id='word_1_160' title='bbox 151 1869 345 1909; x_wconf 84' lang='lat' dir='ltr'>ruptissima</span> <span class='ocrx_word' id='word_1_161' title='bbox 371 1869 420 1899; x_wconf 92' lang='lat' dir='ltr'>ita</span> <span class='ocrx_word' id='word_1_162' title='bbox 450 1869 610 1907; x_wconf 83' lang='lat' dir='ltr'>legenda:</span> <span class='ocrx_word' id='word_1_163' title='bbox 635 1869 738 1907; x_wconf 80' lang='lat' dir='ltr'>Agea,</span> <span class='ocrx_word' id='word_1_164' title='bbox 764 1868 846 1909; x_wconf 82' lang='grc' dir='ltr'>παρὰ</span> 
     </span>
     <span class='ocr_line' id='line_1_31' title="bbox 150 1917 845 1958; baseline -0.001 -9"><span class='ocrx_word' id='word_1_165' title='bbox 150 1918 265 1957; x_wconf 51' lang='lat' dir='ltr'>&#39;Ernst-J,</span> <span class='ocrx_word' id='word_1_166' title='bbox 280 1918 299 1956; x_wconf 83' lang='grc' dir='ltr'>ἡ</span> <span class='ocrx_word' id='word_1_167' title='bbox 314 1917 445 1958; x_wconf 81' lang='grc' dir='ltr'>πάροδος</span> <span class='ocrx_word' id='word_1_168' title='bbox 468 1918 590 1949; x_wconf 80' lang='grc' dir='ltr'>πλοίου.</span> <span class='ocrx_word' id='word_1_169' title='bbox 638 1918 786 1949; x_wconf 86' lang='lat' dir='ltr'>Isidorus</span> <span class='ocrx_word' id='word_1_170' title='bbox 812 1918 845 1948; x_wconf 93' lang='lat' dir='ltr'>in</span> 
     </span>
     <span class='ocr_line' id='line_1_32' title="bbox 149 1967 846 2010; baseline 0 -11"><span class='ocrx_word' id='word_1_171' title='bbox 149 1969 380 2009; x_wconf 68' lang='lat' dir='ltr'>etymologicis</span> <span class='ocrx_word' id='word_1_172' title='bbox 397 1969 455 1999; x_wconf 80' lang='lat' dir='ltr'>lib.</span> <span class='ocrx_word' id='word_1_173' title='bbox 472 1977 550 1999; x_wconf 80' lang='lat' dir='ltr'>xix.</span> <span class='ocrx_word' id='word_1_174' title='bbox 563 1970 572 1986; x_wconf 80' lang='lat'><strong><em>⁴</em></strong></span> <span class='ocrx_word' id='word_1_175' title='bbox 586 1967 706 2009; x_wconf 82' lang='lat' dir='ltr'>Agea‚&#39;</span> <span class='ocrx_word' id='word_1_176' title='bbox 723 1969 846 2010; x_wconf 87' lang='lat' dir='ltr'>inquit,</span> 
     </span>
     <span class='ocr_line' id='line_1_33' title="bbox 148 2019 844 2059; baseline 0.001 -10"><span class='ocrx_word' id='word_1_177' title='bbox 148 2020 158 2035; x_wconf 85' lang='lat'>‘</span> <span class='ocrx_word' id='word_1_178' title='bbox 173 2019 234 2050; x_wconf 82' lang='lat' dir='ltr'>viae</span> <span class='ocrx_word' id='word_1_179' title='bbox 251 2023 340 2059; x_wconf 86' lang='lat' dir='ltr'>sunt,</span> <span class='ocrx_word' id='word_1_180' title='bbox 356 2019 407 2049; x_wconf 86' lang='lat' dir='ltr'>vel</span> <span class='ocrx_word' id='word_1_181' title='bbox 431 2019 504 2050; x_wconf 89' lang='lat' dir='ltr'>loca</span> <span class='ocrx_word' id='word_1_182' title='bbox 523 2020 556 2049; x_wconf 93' lang='lat' dir='ltr'>in</span> <span class='ocrx_word' id='word_1_183' title='bbox 575 2020 666 2057; x_wconf 81' lang='lat' dir='ltr'>navi,</span> <span class='ocrx_word' id='word_1_184' title='bbox 692 2029 754 2059; x_wconf 88' lang='lat' dir='ltr'>per</span> <span class='ocrx_word' id='word_1_185' title='bbox 770 2029 844 2059; x_wconf 87' lang='lat' dir='ltr'>quae</span> 
     </span>
     <span class='ocr_line' id='line_1_34' title="bbox 148 2068 845 2109; baseline 0.001 -11"><span class='ocrx_word' id='word_1_186' title='bbox 148 2068 190 2099; x_wconf 88' lang='lat' dir='ltr'>ad</span> <span class='ocrx_word' id='word_1_187' title='bbox 206 2069 349 2109; x_wconf 79' lang='lat' dir='ltr'>remiges</span> <span class='ocrx_word' id='word_1_188' title='bbox 370 2069 525 2099; x_wconf 85' lang='lat' dir='ltr'>hortator</span> <span class='ocrx_word' id='word_1_189' title='bbox 544 2069 696 2100; x_wconf 81' lang='lat' dir='ltr'>accedit:</span> <span class='ocrx_word' id='word_1_190' title='bbox 720 2068 761 2099; x_wconf 91' lang='lat' dir='ltr'>de</span> <span class='ocrx_word' id='word_1_191' title='bbox 779 2078 845 2109; x_wconf 87' lang='lat' dir='ltr'>qua</span> 
     </span>
     <span class='ocr_line' id='line_1_35' title="bbox 148 2117 839 2158; baseline 0 -10"><span class='ocrx_word' id='word_1_192' title='bbox 148 2118 294 2149; x_wconf 86' lang='lat' dir='ltr'>Ennius:</span> <span class='ocrx_word' id='word_1_193' title='bbox 331 2120 339 2135; x_wconf 87' lang='lat'>‘</span> <span class='ocrx_word' id='word_1_194' title='bbox 352 2119 464 2149; x_wconf 88' lang='lat' dir='ltr'>Multa</span> <span class='ocrx_word' id='word_1_195' title='bbox 489 2117 610 2157; x_wconf 85' lang='lat' dir='ltr'>forom,</span> <span class='ocrx_word' id='word_1_196' title='bbox 641 2122 760 2158; x_wconf 87' lang='lat' dir='ltr'>pontes</span> <span class='ocrx_word' id='word_1_197' title='bbox 790 2122 839 2158; x_wconf 81' lang='lat' dir='ltr'>et,</span> 
     </span>
     <span class='ocr_line' id='line_1_36' title="bbox 146 2168 840 2209; baseline 0 -10"><span class='ocrx_word' id='word_1_198' title='bbox 146 2178 295 2209; x_wconf 83' lang='lat' dir='ltr'>ageaque</span> <span class='ocrx_word' id='word_1_199' title='bbox 311 2169 413 2208; x_wconf 83' lang='lat' dir='ltr'>longa</span> <span class='ocrx_word' id='word_1_200' title='bbox 430 2168 603 2209; x_wconf 81' lang='lat' dir='ltr'>repletur.’</span> <span class='ocrx_word' id='word_1_201' title='bbox 616 2168 624 2182; x_wconf 89' lang='lat'>’</span> <span class='ocrx_word' id='word_1_202' title='bbox 670 2168 755 2200; x_wconf 84' lang='lat' dir='ltr'>Haec</span> <span class='ocrx_word' id='word_1_203' title='bbox 771 2169 840 2203; x_wconf 84' lang='lat' dir='ltr'>ille,</span> 
     </span>
     <span class='ocr_line' id='line_1_37' title="bbox 146 2218 842 2258; baseline 0.001 -10"><span class='ocrx_word' id='word_1_204' title='bbox 146 2228 222 2258; x_wconf 85' lang='lat' dir='ltr'>quae</span> <span class='ocrx_word' id='word_1_205' title='bbox 246 2218 518 2250; x_wconf 84' lang='lat' dir='ltr'>emendationem</span> <span class='ocrx_word' id='word_1_206' title='bbox 543 2222 693 2250; x_wconf 84' lang='lat' dir='ltr'>nostram</span> <span class='ocrx_word' id='word_1_207' title='bbox 719 2218 842 2250; x_wconf 82' lang='lat' dir='ltr'>confir·</span> 
     </span>
     <span class='ocr_line' id='line_1_38' title="bbox 147 2269 437 2301; baseline 0.003 -2"><span class='ocrx_word' id='word_1_208' title='bbox 147 2274 251 2300; x_wconf 86' lang='lat' dir='ltr'>mant.</span> <span class='ocrx_word' id='word_1_209' title='bbox 272 2269 342 2301; x_wconf 85' lang='lat' dir='ltr'>Jos.</span> <span class='ocrx_word' id='word_1_210' title='bbox 354 2269 437 2301; x_wconf 83' lang='lat' dir='ltr'>Scal.</span> 
     </span>
    </p>

    <p class='ocr_par' dir='ltr' id='par_1_20' title="bbox 151 2319 843 2417">
     <span class='ocr_line' id='line_1_39' title="bbox 191 2319 843 2360; baseline 0.002 -10"><span class='ocrx_word' id='word_1_211' title='bbox 191 2320 294 2359; x_wconf 80' lang='lat' dir='ltr'>Agea]</span> <span class='ocrx_word' id='word_1_212' title='bbox 334 2319 455 2360; x_wconf 84' lang='lat' dir='ltr'>Inepte</span> <span class='ocrx_word' id='word_1_213' title='bbox 480 2320 606 2350; x_wconf 88' lang='lat' dir='ltr'>Paulus</span> <span class='ocrx_word' id='word_1_214' title='bbox 634 2319 676 2350; x_wconf 88' lang='lat' dir='ltr'>ab</span> <span class='ocrx_word' id='word_1_215' title='bbox 701 2319 843 2360; x_wconf 82' lang='lat' dir='ltr'>agendo.</span> 
     </span>
     <span class='ocr_line' id='line_1_40' title="bbox 151 2370 789 2417; baseline 0.002 -18"><span class='ocrx_word' id='word_1_216' title='bbox 151 2370 239 2400; x_wconf 86' lang='lat' dir='ltr'>Nam</span> <span class='ocrx_word' id='word_1_217' title='bbox 257 2374 308 2400; x_wconf 86' lang='lat' dir='ltr'>est</span> <span class='ocrx_word' id='word_1_218' title='bbox 327 2379 345 2399; x_wconf 89' lang='lat' dir='ltr'>a</span> <span class='ocrx_word' id='word_1_219' title='bbox 360 2370 482 2401; x_wconf 75' lang='lat' dir='ltr'>Graeco</span> <span class='ocrx_word' id='word_1_220' title='bbox 498 2370 600 2417; x_wconf 65' lang='lat' dir='ltr'>&amp;7¹ch</span> <span class='ocrx_word' id='word_1_221' title='bbox 618 2371 683 2402; x_wconf 91' lang='lat' dir='ltr'>via.</span> <span class='ocrx_word' id='word_1_222' title='bbox 708 2371 789 2401; x_wconf 74' lang='lat' dir='ltr'>Dac-</span> 
     </span>
    </p>

    <p class='ocr_par' dir='ltr' id='par_1_21' title="bbox 142 2418 843 2654">
     <span class='ocr_line' id='line_1_41' title="bbox 192 2418 841 2460; baseline 0.005 -12"><span class='ocrx_word' id='word_1_223' title='bbox 192 2418 204 2438; x_wconf 79' lang='lat' dir='ltr'>f</span> <span class='ocrx_word' id='word_1_224' title='bbox 216 2419 309 2449; x_wconf 81' lang='lat' dir='ltr'>Modo</span> <span class='ocrx_word' id='word_1_225' title='bbox 325 2419 483 2460; x_wconf 56' lang='lat' dir='ltr'>significat</span> <span class='ocrx_word' id='word_1_226' title='bbox 501 2419 646 2460; x_wconf 74' lang='lat' dir='ltr'>jurgari]</span> <span class='ocrx_word' id='word_1_227' title='bbox 675 2421 733 2456; x_wconf 84' lang='lat' dir='ltr'>Ut,</span> <span class='ocrx_word' id='word_1_228' title='bbox 749 2421 758 2438; x_wconf 91' lang='lat'>‘</span> <span class='ocrx_word' id='word_1_229' title='bbox 771 2419 841 2459; x_wconf 86' lang='lat' dir='ltr'>agit</span> 
     </span>
     <span class='ocr_line' id='line_1_42' title="bbox 149 2467 841 2509; baseline 0 -9"><span class='ocrx_word' id='word_1_230' title='bbox 149 2478 224 2500; x_wconf 84' lang='lat' dir='ltr'>cum</span> <span class='ocrx_word' id='word_1_231' title='bbox 241 2478 281 2499; x_wconf 92' lang='lat' dir='ltr'>eo</span> <span class='ocrx_word' id='word_1_232' title='bbox 298 2467 403 2499; x_wconf 88' lang='lat' dir='ltr'>furti.&#39;</span> <span class='ocrx_word' id='word_1_233' title='bbox 449 2469 522 2499; x_wconf 88' lang='lat' dir='ltr'>Etsi</span> <span class='ocrx_word' id='word_1_234' title='bbox 538 2470 584 2500; x_wconf 85' lang='lat' dir='ltr'>ibi</span> <span class='ocrx_word' id='word_1_235' title='bbox 608 2471 676 2509; x_wconf 79' lang='lat' dir='ltr'>agit</span> <span class='ocrx_word' id='word_1_236' title='bbox 692 2479 757 2500; x_wconf 91' lang='lat' dir='ltr'>non</span> <span class='ocrx_word' id='word_1_237' title='bbox 775 2475 841 2500; x_wconf 91' lang='lat' dir='ltr'>tam</span> 
     </span>
     <span class='ocr_line' id='line_1_43' title="bbox 142 2517 843 2560; baseline 0.001 -11"><span class='ocrx_word' id='word_1_238' title='bbox 142 2520 315 2560; x_wconf 85' lang='lat' dir='ltr'>jurgatur,</span> <span class='ocrx_word' id='word_1_239' title='bbox 333 2528 432 2559; x_wconf 86' lang='lat' dir='ltr'>quam</span> <span class='ocrx_word' id='word_1_240' title='bbox 449 2517 531 2550; x_wconf 86' lang='lat' dir='ltr'>furti</span> <span class='ocrx_word' id='word_1_241' title='bbox 551 2520 715 2550; x_wconf 76' lang='lat' dir='ltr'>actionem</span> <span class='ocrx_word' id='word_1_242' title='bbox 732 2520 843 2550; x_wconf 87' lang='lat' dir='ltr'>inten-</span> 
     </span>
     <span class='ocr_line' id='line_1_44' title="bbox 148 2568 842 2609; baseline 0 -9"><span class='ocrx_word' id='word_1_243' title='bbox 148 2570 211 2608; x_wconf 88' lang='lat' dir='ltr'>dit,</span> <span class='ocrx_word' id='word_1_244' title='bbox 235 2569 455 2609; x_wconf 79' lang='lat' dir='ltr'>nanijnrgari</span> <span class='ocrx_word' id='word_1_245' title='bbox 478 2569 519 2599; x_wconf 80' lang='lat' dir='ltr'>de</span> <span class='ocrx_word' id='word_1_246' title='bbox 540 2568 638 2599; x_wconf 85' lang='lat' dir='ltr'>rebus</span> <span class='ocrx_word' id='word_1_247' title='bbox 661 2569 842 2600; x_wconf 86' lang='lat' dir='ltr'>levioribus</span> 
     </span>
     <span class='ocr_line' id='line_1_45' title="bbox 150 2621 408 2654; baseline 0.004 -2"><span class='ocrx_word' id='word_1_248' title='bbox 150 2621 286 2653; x_wconf 80' lang='lat' dir='ltr'>dicitur.</span> <span class='ocrx_word' id='word_1_249' title='bbox 310 2622 408 2654; x_wconf 82' lang='lat' dir='ltr'>Idem.</span> 
     </span>
    </p>

    <p class='ocr_par' dir='ltr' id='par_1_22' title="bbox 152 2671 845 2754">
     <span class='ocr_line' id='line_1_46' title="bbox 190 2671 845 2714; baseline 0.002 -13"><span class='ocrx_word' id='word_1_250' title='bbox 190 2677 205 2698; x_wconf 68' lang='lat' dir='ltr'>g</span> <span class='ocrx_word' id='word_1_251' title='bbox 225 2673 310 2707; x_wconf 79' lang='lat' dir='ltr'>Quin</span> <span class='ocrx_word' id='word_1_252' title='bbox 326 2672 419 2702; x_wconf 80' lang='lat' dir='ltr'>etiam</span> <span class='ocrx_word' id='word_1_253' title='bbox 434 2672 462 2703; x_wconf 81' lang='lat' dir='ltr'>si</span> <span class='ocrx_word' id='word_1_254' title='bbox 478 2671 606 2704; x_wconf 79' lang='lat' dir='ltr'>accessit</span> <span class='ocrx_word' id='word_1_255' title='bbox 617 2671 740 2714; x_wconf 79' lang='lat' dir='ltr'>gestus]</span> <span class='ocrx_word' id='word_1_256' title='bbox 757 2671 845 2703; x_wconf 86' lang='lat' dir='ltr'>Vide</span> 
     </span>
     <span class='ocr_line' id='line_1_47' title="bbox 152 2721 411 2754; baseline 0.004 -1"><span class='ocrx_word' id='word_1_257' title='bbox 152 2721 291 2753; x_wconf 56' lang='lat' dir='ltr'>‘acum&#39;</span> <span class='ocrx_word' id='word_1_258' title='bbox 315 2723 411 2754; x_wconf 70' lang='lat' dir='ltr'>Idem„</span> 
     </span>
    </p>
   </div>
   <div class='ocr_carea' id='block_1_16' title="bbox 894 1414 1597 2759">
    <p class='ocr_par' dir='ltr' id='par_1_23' title="bbox 895 1414 1591 1557">
     <span class='ocr_line' id='line_1_48' title="bbox 938 1414 1590 1455; baseline -0.002 -9"><span class='ocrx_word' id='word_1_259' title='bbox 938 1414 951 1435; x_wconf 76' lang='lat'>¹¹</span> <span class='ocrx_word' id='word_1_260' title='bbox 965 1414 1086 1454; x_wconf 78' lang='lat' dir='ltr'>Agina]</span> <span class='ocrx_word' id='word_1_261' title='bbox 1101 1414 1259 1445; x_wconf 85' lang='lat' dir='ltr'>Placidus</span> <span class='ocrx_word' id='word_1_262' title='bbox 1273 1414 1303 1444; x_wconf 92' lang='lat' dir='ltr'>in</span> <span class='ocrx_word' id='word_1_263' title='bbox 1318 1415 1411 1445; x_wconf 90' lang='lat' dir='ltr'>Glos.</span> <span class='ocrx_word' id='word_1_264' title='bbox 1426 1416 1435 1431; x_wconf 92' lang='lat'>‘</span> <span class='ocrx_word' id='word_1_265' title='bbox 1447 1414 1590 1455; x_wconf 80' lang='lat' dir='ltr'>Aginam</span> 
     </span>
     <span class='ocr_line' id='line_1_49' title="bbox 895 1464 1591 1505; baseline 0 -10"><span class='ocrx_word' id='word_1_266' title='bbox 895 1475 1030 1505; x_wconf 86' lang='lat' dir='ltr'>scapum</span> <span class='ocrx_word' id='word_1_267' title='bbox 1063 1465 1213 1504; x_wconf 85' lang='lat' dir='ltr'>trutinae,</span> <span class='ocrx_word' id='word_1_268' title='bbox 1242 1464 1331 1505; x_wconf 84' lang='lat' dir='ltr'>quod</span> <span class='ocrx_word' id='word_1_269' title='bbox 1364 1474 1404 1495; x_wconf 91' lang='lat' dir='ltr'>eo</span> <span class='ocrx_word' id='word_1_270' title='bbox 1433 1474 1591 1495; x_wconf 83' lang='lat' dir='ltr'>mensura</span> 
     </span>
     <span class='ocr_line' id='line_1_50' title="bbox 895 1514 1442 1557; baseline -0.005 -10"><span class='ocrx_word' id='word_1_271' title='bbox 895 1515 1054 1557; x_wconf 82' lang='lat' dir='ltr'>ponderis</span> <span class='ocrx_word' id='word_1_272' title='bbox 1070 1514 1214 1555; x_wconf 67' lang='lat' dir='ltr'>agatur!</span> <span class='ocrx_word' id='word_1_273' title='bbox 1240 1515 1312 1545; x_wconf 80' lang='lat' dir='ltr'>Ful.</span> <span class='ocrx_word' id='word_1_274' title='bbox 1335 1515 1442 1545; x_wconf 80' lang='lat' dir='ltr'>Ursz&#39;n.</span> 
     </span>
    </p>

    <p class='ocr_par' dir='ltr' id='par_1_24' title="bbox 895 1564 1596 2104">
     <span class='ocr_line' id='line_1_51' title="bbox 937 1564 1586 1606; baseline -0.003 -9"><span class='ocrx_word' id='word_1_275' title='bbox 937 1566 1043 1605; x_wconf 79' lang='lat' dir='ltr'>Agina</span> <span class='ocrx_word' id='word_1_276' title='bbox 1055 1589 1063 1597; x_wconf 88' lang='lat'>.</span> <span class='ocrx_word' id='word_1_277' title='bbox 1077 1586 1085 1595; x_wconf 85' lang='grc'><strong>.</strong></span> <span class='ocrx_word' id='word_1_278' title='bbox 1096 1589 1103 1596; x_wconf 94' lang='grc'><strong>.</strong></span> <span class='ocrx_word' id='word_1_279' title='bbox 1117 1565 1322 1606; x_wconf 80' lang='lat' dir='ltr'>Aginatores]</span> <span class='ocrx_word' id='word_1_280' title='bbox 1352 1564 1561 1596; x_wconf 85' lang='lat' dir='ltr'>Glossarium</span> <span class='ocrx_word' id='word_1_281' title='bbox 1578 1576 1586 1595; x_wconf 89' lang='grc'>;</span> 
     </span>
     <span class='ocr_line' id='line_1_52' title="bbox 895 1614 1592 1655; baseline -0.004 -8"><span class='ocrx_word' id='word_1_282' title='bbox 895 1614 1285 1655; x_wconf 59' lang='lat' dir='ltr'>‘Aginatst-i’pa&#39;retieran’</span> <span class='ocrx_word' id='word_1_283' title='bbox 1308 1614 1592 1655; x_wconf 64' lang='grc' dir='ltr'>6Αὲἰῐιὶυ“σὲῑ,σί·ρι;ε,·</span> 
     </span>
     <span class='ocr_line' id='line_1_53' title="bbox 895 1663 1591 1705; baseline -0.004 -8"><span class='ocrx_word' id='word_1_284' title='bbox 895 1665 1016 1697; x_wconf 58' lang='lat' dir='ltr'>&#39;rehem&#39;</span> <span class='ocrx_word' id='word_1_285' title='bbox 1040 1667 1142 1705; x_wconf 84' lang='lat' dir='ltr'>Lege,</span> <span class='ocrx_word' id='word_1_286' title='bbox 1165 1663 1377 1704; x_wconf 81' lang='grc' dir='ltr'>τρακτεύεται,</span> <span class='ocrx_word' id='word_1_287' title='bbox 1393 1671 1428 1695; x_wconf 83' lang='lat' dir='ltr'>et</span> <span class='ocrx_word' id='word_1_288' title='bbox 1443 1663 1591 1703; x_wconf 78' lang='grc' dir='ltr'>τρακτεύ-</span> 
     </span>
     <span class='ocr_line' id='line_1_54' title="bbox 897 1714 1593 1754; baseline -0.003 -8"><span class='ocrx_word' id='word_1_289' title='bbox 897 1729 951 1748; x_wconf 85' lang='grc' dir='ltr'>ειν.</span> <span class='ocrx_word' id='word_1_290' title='bbox 991 1716 1030 1746; x_wconf 85' lang='lat' dir='ltr'>Id</span> <span class='ocrx_word' id='word_1_291' title='bbox 1044 1717 1131 1746; x_wconf 88' lang='lat' dir='ltr'>euim</span> <span class='ocrx_word' id='word_1_292' title='bbox 1148 1714 1312 1752; x_wconf 66' lang='lat' dir='ltr'>significat</span> <span class='ocrx_word' id='word_1_293' title='bbox 1329 1715 1509 1754; x_wconf 84' lang='lat' dir='ltr'>negotiari,</span> <span class='ocrx_word' id='word_1_294' title='bbox 1528 1719 1593 1745; x_wconf 84' lang='lat' dir='ltr'>est·</span> 
     </span>
     <span class='ocr_line' id='line_1_55' title="bbox 898 1764 1592 1807; baseline -0.003 -11"><span class='ocrx_word' id='word_1_295' title='bbox 898 1776 963 1807; x_wconf 89' lang='lat' dir='ltr'>que</span> <span class='ocrx_word' id='word_1_296' title='bbox 983 1765 1119 1796; x_wconf 84' lang='lat' dir='ltr'>verbum</span> <span class='ocrx_word' id='word_1_297' title='bbox 1137 1764 1258 1796; x_wconf 87' lang='lat' dir='ltr'>iufimae</span> <span class='ocrx_word' id='word_1_298' title='bbox 1282 1764 1473 1805; x_wconf 77' lang='lat' dir='ltr'>vetustatiS,</span> <span class='ocrx_word' id='word_1_299' title='bbox 1495 1775 1513 1795; x_wconf 88' lang='lat' dir='ltr'>a</span> <span class='ocrx_word' id='word_1_300' title='bbox 1530 1765 1592 1795; x_wconf 85' lang='lat' dir='ltr'>La-</span> 
     </span>
     <span class='ocr_line' id='line_1_56' title="bbox 899 1815 1594 1854; baseline -0.004 -8"><span class='ocrx_word' id='word_1_301' title='bbox 899 1816 968 1846; x_wconf 88' lang='lat' dir='ltr'>tino</span> <span class='ocrx_word' id='word_1_302' title='bbox 984 1815 1172 1845; x_wconf 78' lang='lat' dir='ltr'>detortum:</span> <span class='ocrx_word' id='word_1_303' title='bbox 1201 1823 1265 1854; x_wconf 90' lang='lat' dir='ltr'>quo</span> <span class='ocrx_word' id='word_1_304' title='bbox 1281 1824 1345 1844; x_wconf 92' lang='lat' dir='ltr'>non</span> <span class='ocrx_word' id='word_1_305' title='bbox 1363 1823 1437 1844; x_wconf 89' lang='lat' dir='ltr'>raro</span> <span class='ocrx_word' id='word_1_306' title='bbox 1453 1819 1594 1845; x_wconf 89' lang='lat' dir='ltr'>utuntur</span> 
     </span>
     <span class='ocr_line' id='line_1_57' title="bbox 899 1863 1595 1904; baseline -0.007 -7"><span class='ocrx_word' id='word_1_307' title='bbox 899 1865 1168 1897; x_wconf 80' lang='lat' dir='ltr'>Constitutiones</span> <span class='ocrx_word' id='word_1_308' title='bbox 1183 1863 1432 1904; x_wconf 84' lang='lat' dir='ltr'>Imperatorum</span> <span class='ocrx_word' id='word_1_309' title='bbox 1448 1863 1595 1894; x_wconf 81' lang='lat' dir='ltr'>Graecae.</span> 
     </span>
     <span class='ocr_line' id='line_1_58' title="bbox 900 1913 1596 1955; baseline -0.003 -9"><span class='ocrx_word' id='word_1_310' title='bbox 900 1916 945 1946; x_wconf 86' lang='lat' dir='ltr'>Et</span> <span class='ocrx_word' id='word_1_311' title='bbox 959 1913 1144 1955; x_wconf 81' lang='grc' dir='ltr'>τρακτευταὶ</span> <span class='ocrx_word' id='word_1_312' title='bbox 1156 1914 1187 1944; x_wconf 92' lang='lat' dir='ltr'>in</span> <span class='ocrx_word' id='word_1_313' title='bbox 1204 1913 1323 1944; x_wconf 86' lang='lat' dir='ltr'>iisdem</span> <span class='ocrx_word' id='word_1_314' title='bbox 1336 1913 1596 1944; x_wconf 89' lang='lat' dir='ltr'>Constitutioni-</span> 
     </span>
     <span class='ocr_line' id='line_1_59' title="bbox 900 1961 1596 2001; baseline -0.006 -5"><span class='ocrx_word' id='word_1_315' title='bbox 900 1965 974 1996; x_wconf 87' lang='lat' dir='ltr'>bus.</span> <span class='ocrx_word' id='word_1_316' title='bbox 1018 1964 1169 1995; x_wconf 86' lang='lat' dir='ltr'>Isidorus</span> <span class='ocrx_word' id='word_1_317' title='bbox 1192 1963 1225 1993; x_wconf 91' lang='lat' dir='ltr'>in</span> <span class='ocrx_word' id='word_1_318' title='bbox 1247 1962 1397 1993; x_wconf 80' lang='lat' dir='ltr'>Glossis:</span> <span class='ocrx_word' id='word_1_319' title='bbox 1423 1961 1596 2001; x_wconf 73' lang='grc' dir='ltr'>ιΑείιηπί,</span> 
     </span>
     <span class='ocr_line' id='line_1_60' title="bbox 902 2011 1595 2054; baseline -0.006 -8"><span class='ocrx_word' id='word_1_320' title='bbox 902 2014 1028 2051; x_wconf 87' lang='lat' dir='ltr'>tricari,</span> <span class='ocrx_word' id='word_1_321' title='bbox 1039 2015 1071 2044; x_wconf 92' lang='lat' dir='ltr'>in</span> <span class='ocrx_word' id='word_1_322' title='bbox 1085 2023 1189 2054; x_wconf 83' lang='lat' dir='ltr'>parvo</span> <span class='ocrx_word' id='word_1_323' title='bbox 1202 2011 1347 2043; x_wconf 86' lang='lat' dir='ltr'>morari.&#39;</span> <span class='ocrx_word' id='word_1_324' title='bbox 1371 2012 1484 2043; x_wconf 80' lang='lat' dir='ltr'>Idem:</span> <span class='ocrx_word' id='word_1_325' title='bbox 1498 2012 1595 2052; x_wconf 80' lang='lat' dir='ltr'>‘Agi-</span> 
     </span>
     <span class='ocr_line' id='line_1_61' title="bbox 899 2062 1466 2104; baseline -0.007 -7"><span class='ocrx_word' id='word_1_326' title='bbox 899 2070 1029 2101; x_wconf 82' lang='lat' dir='ltr'>nantes,</span> <span class='ocrx_word' id='word_1_327' title='bbox 1042 2062 1278 2104; x_wconf 88' lang='lat' dir='ltr'>explicantes.’</span> <span class='ocrx_word' id='word_1_328' title='bbox 1301 2063 1370 2093; x_wconf 84' lang='lat' dir='ltr'>Jos.</span> <span class='ocrx_word' id='word_1_329' title='bbox 1384 2062 1466 2093; x_wconf 81' lang='lat' dir='ltr'>Scal.</span> 
     </span>
    </p>

    <p class='ocr_par' dir='ltr' id='par_1_25' title="bbox 894 2112 1597 2759">
     <span class='ocr_line' id='line_1_62' title="bbox 935 2112 1593 2155; baseline -0.008 -8"><span class='ocrx_word' id='word_1_330' title='bbox 935 2115 1058 2155; x_wconf 76' lang='lat' dir='ltr'>Agiria]</span> <span class='ocrx_word' id='word_1_331' title='bbox 1075 2112 1237 2145; x_wconf 84' lang='lat' dir='ltr'>Placidus</span> <span class='ocrx_word' id='word_1_332' title='bbox 1250 2112 1281 2143; x_wconf 89' lang='lat' dir='ltr'>in</span> <span class='ocrx_word' id='word_1_333' title='bbox 1294 2112 1406 2144; x_wconf 82' lang='lat' dir='ltr'>Gloss.</span> <span class='ocrx_word' id='word_1_334' title='bbox 1428 2112 1593 2151; x_wconf 81' lang='lat' dir='ltr'>‘Aginam</span> 
     </span>
     <span class='ocr_line' id='line_1_63' title="bbox 894 2162 1595 2206; baseline -0.009 -9"><span class='ocrx_word' id='word_1_335' title='bbox 894 2176 1030 2206; x_wconf 81' lang='lat' dir='ltr'>scapum</span> <span class='ocrx_word' id='word_1_336' title='bbox 1063 2164 1212 2201; x_wconf 70' lang='lat' dir='ltr'>trutinae,</span> <span class='ocrx_word' id='word_1_337' title='bbox 1244 2162 1333 2203; x_wconf 87' lang='lat' dir='ltr'>quod</span> <span class='ocrx_word' id='word_1_338' title='bbox 1364 2172 1404 2192; x_wconf 91' lang='lat' dir='ltr'>eo</span> <span class='ocrx_word' id='word_1_339' title='bbox 1435 2171 1595 2192; x_wconf 81' lang='lat' dir='ltr'>mensura</span> 
     </span>
     <span class='ocr_line' id='line_1_64' title="bbox 897 2213 1595 2258; baseline -0.009 -11"><span class='ocrx_word' id='word_1_340' title='bbox 897 2215 1057 2258; x_wconf 88' lang='lat' dir='ltr'>ponderis</span> <span class='ocrx_word' id='word_1_341' title='bbox 1076 2213 1220 2255; x_wconf 84' lang='lat' dir='ltr'>agatur.&#39;</span> <span class='ocrx_word' id='word_1_342' title='bbox 1244 2213 1330 2244; x_wconf 90' lang='lat' dir='ltr'>Inde</span> <span class='ocrx_word' id='word_1_343' title='bbox 1342 2213 1521 2251; x_wconf 80' lang='lat' dir='ltr'>aginatores</span> <span class='ocrx_word' id='word_1_344' title='bbox 1537 2221 1595 2242; x_wconf 87' lang='lat' dir='ltr'>ne-</span> 
     </span>
     <span class='ocr_line' id='line_1_65' title="bbox 898 2261 1595 2308; baseline -0.01 -10"><span class='ocrx_word' id='word_1_345' title='bbox 898 2268 1083 2308; x_wconf 88' lang='lat' dir='ltr'>gotiatores</span> <span class='ocrx_word' id='word_1_346' title='bbox 1109 2264 1165 2306; x_wconf 90' lang='lat' dir='ltr'>qui</span> <span class='ocrx_word' id='word_1_347' title='bbox 1195 2264 1363 2294; x_wconf 85' lang='lat' dir='ltr'>tricantnr</span> <span class='ocrx_word' id='word_1_348' title='bbox 1379 2267 1414 2293; x_wconf 89' lang='lat' dir='ltr'>et</span> <span class='ocrx_word' id='word_1_349' title='bbox 1436 2261 1470 2292; x_wconf 92' lang='lat' dir='ltr'>in</span> <span class='ocrx_word' id='word_1_350' title='bbox 1489 2271 1595 2302; x_wconf 86' lang='lat' dir='ltr'>parvo</span> 
     </span>
     <span class='ocr_line' id='line_1_66' title="bbox 898 2312 1594 2350; baseline -0.011 -1"><span class='ocrx_word' id='word_1_351' title='bbox 898 2322 1085 2348; x_wconf 83' lang='lat' dir='ltr'>morantur.</span> <span class='ocrx_word' id='word_1_352' title='bbox 1130 2316 1243 2346; x_wconf 86' lang='lat' dir='ltr'>Gloss.</span> <span class='ocrx_word' id='word_1_353' title='bbox 1269 2312 1405 2350; x_wconf 81' lang='lat' dir='ltr'>Isidori,</span> <span class='ocrx_word' id='word_1_354' title='bbox 1430 2312 1594 2350; x_wconf 56' lang='lat' dir='ltr'>‘acinam</span> 
     </span>
     <span class='ocr_line' id='line_1_67' title="bbox 898 2362 1597 2405; baseline -0.01 -6"><span class='ocrx_word' id='word_1_355' title='bbox 898 2368 1030 2405; x_wconf 86' lang='lat' dir='ltr'>tricari,</span> <span class='ocrx_word' id='word_1_356' title='bbox 1043 2367 1074 2397; x_wconf 93' lang='lat' dir='ltr'>in</span> <span class='ocrx_word' id='word_1_357' title='bbox 1088 2374 1191 2405; x_wconf 88' lang='lat' dir='ltr'>parvo</span> <span class='ocrx_word' id='word_1_358' title='bbox 1203 2362 1349 2394; x_wconf 85' lang='lat' dir='ltr'>morari.&#39;</span> <span class='ocrx_word' id='word_1_359' title='bbox 1372 2362 1597 2401; x_wconf 83' lang='lat' dir='ltr'>Glossarium,</span> 
     </span>
     <span class='ocr_line' id='line_1_68' title="bbox 898 2412 1596 2458; baseline -0.01 -8"><span class='ocrx_word' id='word_1_360' title='bbox 898 2420 907 2436; x_wconf 91' lang='lat'>‘</span> <span class='ocrx_word' id='word_1_361' title='bbox 923 2419 1053 2458; x_wconf 83' lang='lat' dir='ltr'>aginat,</span> <span class='ocrx_word' id='word_1_362' title='bbox 1077 2414 1311 2455; x_wconf 80' lang='grc' dir='ltr'>διαπράσσεται,</span> <span class='ocrx_word' id='word_1_363' title='bbox 1336 2412 1474 2453; x_wconf 76' lang='grc' dir='ltr'>στρέφει,</span> <span class='ocrx_word' id='word_1_364' title='bbox 1493 2425 1596 2452; x_wconf 85' lang='grc' dir='ltr'>μηχα-</span> 
     </span>
     <span class='ocr_line' id='line_1_69' title="bbox 896 2465 1595 2506; baseline -0.006 -6"><span class='ocrx_word' id='word_1_365' title='bbox 896 2468 1005 2500; x_wconf 61' lang='grc' dir='ltr'>νᾶται]</span> <span class='ocrx_word' id='word_1_366' title='bbox 1037 2468 1059 2499; x_wconf 89' lang='lat' dir='ltr'>i.</span> <span class='ocrx_word' id='word_1_367' title='bbox 1085 2466 1302 2506; x_wconf 86' lang='lat' dir='ltr'>Negotiatur,</span> <span class='ocrx_word' id='word_1_368' title='bbox 1320 2466 1474 2503; x_wconf 81' lang='lat' dir='ltr'>tricatnr‚</span> <span class='ocrx_word' id='word_1_369' title='bbox 1500 2465 1595 2496; x_wconf 86' lang='lat' dir='ltr'>dolos</span> 
     </span>
     <span class='ocr_line' id='line_1_70' title="bbox 898 2514 1594 2556; baseline -0.007 -6"><span class='ocrx_word' id='word_1_370' title='bbox 898 2520 1006 2551; x_wconf 80' lang='lat' dir='ltr'>struit.</span> <span class='ocrx_word' id='word_1_371' title='bbox 1042 2518 1142 2555; x_wconf 84' lang='lat' dir='ltr'>Item,</span> <span class='ocrx_word' id='word_1_372' title='bbox 1165 2520 1173 2534; x_wconf 92' lang='lat'><em>‘</em></span> <span class='ocrx_word' id='word_1_373' title='bbox 1189 2515 1338 2556; x_wconf 18' lang='lat' dir='ltr'>aginareq,</span> <span class='ocrx_word' id='word_1_374' title='bbox 1362 2514 1594 2555; x_wconf 82' lang='grc' dir='ltr'>τρακτεύεο-θαι.</span> 
     </span>
     <span class='ocr_line' id='line_1_71' title="bbox 901 2565 1596 2609; baseline -0.006 -10"><span class='ocrx_word' id='word_1_375' title='bbox 901 2569 1040 2609; x_wconf 82' lang='lat' dir='ltr'>Aginat,</span> <span class='ocrx_word' id='word_1_376' title='bbox 1054 2565 1223 2607; x_wconf 76' lang='grc' dir='ltr'>τρακτεύει.</span> <span class='ocrx_word' id='word_1_377' title='bbox 1247 2565 1295 2596; x_wconf 87' lang='lat' dir='ltr'>Ut</span> <span class='ocrx_word' id='word_1_378' title='bbox 1308 2565 1434 2606; x_wconf 85' lang='lat' dir='ltr'>optime</span> <span class='ocrx_word' id='word_1_379' title='bbox 1446 2565 1596 2596; x_wconf 84' lang='lat' dir='ltr'>correxit</span> 
     </span>
     <span class='ocr_line' id='line_1_72' title="bbox 897 2614 1595 2658; baseline -0.006 -9"><span class='ocrx_word' id='word_1_380' title='bbox 897 2619 1068 2658; x_wconf 77' lang='lat' dir='ltr'>Scaliger:</span> <span class='ocrx_word' id='word_1_381' title='bbox 1096 2614 1313 2657; x_wconf 77' lang='grc' dir='ltr'>τρακτεύεσθαι</span> <span class='ocrx_word' id='word_1_382' title='bbox 1335 2616 1421 2646; x_wconf 80' lang='lat' dir='ltr'>enim</span> <span class='ocrx_word' id='word_1_383' title='bbox 1445 2621 1480 2646; x_wconf 85' lang='lat' dir='ltr'>et</span> <span class='ocrx_word' id='word_1_384' title='bbox 1501 2627 1595 2655; x_wconf 79' lang='grc' dir='ltr'>τρακ-</span> 
     </span>
     <span class='ocr_line' id='line_1_73' title="bbox 898 2667 1594 2707; baseline -0.004 -8"><span class='ocrx_word' id='word_1_385' title='bbox 898 2668 998 2700; x_wconf 82' lang='grc' dir='ltr'>τεύειν</span> <span class='ocrx_word' id='word_1_386' title='bbox 1021 2672 1074 2699; x_wconf 84' lang='lat' dir='ltr'>est</span> <span class='ocrx_word' id='word_1_387' title='bbox 1094 2667 1251 2707; x_wconf 77' lang='lat' dir='ltr'>negotiari</span> <span class='ocrx_word' id='word_1_388' title='bbox 1275 2677 1293 2697; x_wconf 85' lang='lat' dir='ltr'>a</span> <span class='ocrx_word' id='word_1_389' title='bbox 1316 2667 1437 2697; x_wconf 90' lang='lat' dir='ltr'>Latino</span> <span class='ocrx_word' id='word_1_390' title='bbox 1461 2670 1594 2697; x_wconf 73' lang='lat' dir='ltr'>tractare</span> 
     </span>
     <span class='ocr_line' id='line_1_74' title="bbox 901 2717 1595 2759; baseline -0.004 -9"><span class='ocrx_word' id='word_1_391' title='bbox 901 2720 1074 2750; x_wconf 82' lang='lat' dir='ltr'>detorsum</span> <span class='ocrx_word' id='word_1_392' title='bbox 1096 2723 1131 2749; x_wconf 89' lang='lat' dir='ltr'>et</span> <span class='ocrx_word' id='word_1_393' title='bbox 1154 2717 1350 2759; x_wconf 82' lang='lat' dir='ltr'>frequenter</span> <span class='ocrx_word' id='word_1_394' title='bbox 1373 2718 1407 2749; x_wconf 88' lang='lat' dir='ltr'>in</span> <span class='ocrx_word' id='word_1_395' title='bbox 1431 2718 1595 2749; x_wconf 81' lang='lat' dir='ltr'>constitu—</span> 
     </span>
    </p>
   </div>
  </div>
 </body>
</html>
