1835 2906
204 89 289 131 362

644 97 792 128 SEXTI
827 96 1029 128 POMPEH
1064 96 1201 126 FESTI

206 195 466 237 Lucetium⁰
485 192 514 235 J
518 206 644 235 ovem
663 193 965 248 appellabant,
987 192 1108 246 quod
1140 205 1241 233 eum
1275 191 1389 233 lueis
1422 204 1521 233 esse
1549 204 1652 234 eau-

263 275 360 304 sam
383 261 637 303 credebant.

208 332 410 380 Lucius,p
431 341 680 383 praenomen
701 333 770 369 est
797 328 905 382 ejus,
927 328 999 381 qui
1020 327 1206 381 primum
1230 326 1327 377 fuit,
1355 326 1460 380 quia
1485 325 1652 367 oriente

262 399 363 439 luce
384 402 515 438 natus
535 400 618 438 est.

206 464 478 507 Lucomediq
513 477 539 506 a
559 465 673 506 duee
701 475 783 503 suo
818 461 1041 503 Lucomo³
1074 460 1198 510 dieti,
1221 460 1298 514 qui
1319 464 1477 514 postea
1508 459 1652 501 Luce-

263 546 412 575 renses
434 532 646 586 appellati
668 533 782 572 sunt.

208 603 487 644 Lucomones
505 606 517 623 ¹
539 599 718 654 quidam
731 598 929 640 homines
950 598 1006 639 ob
1028 595 1245 637 insaniam
1263 595 1384 646 dieti,
1399 595 1518 650 quod
1539 595 1652 645 loca,

264 669 321 710 ad
342 681 442 721 quae
465 667 701 715 venissent,
726 665 911 707 infesta4
941 665 1149 706 facerent.

206 736 463 778 LueretilisS
492 746 618 775 mons
648 733 695 774 in
727 732 918 773 Sabinis.

816 842 929 853 ιιιιιι

935 842 1050 855 ““““

249 914 267 941 3
285 909 450 950 Scaliger,
465 907 630 949 probante
643 907 731 938 Dae.
750 906 845 946 legit,
861 916 879 936 α
895 906 969 936 duce
981 915 1034 936 suo
1046 905 1294 937 Lucumone—4
1313 903 1458 937 Quidam
1475 903 1658 941 librisesta.

859 1014 1000 1046 NOTAE

206 1092 347 1124 nominis
386 1096 422 1123 et
450 1089 591 1131 originis
639 1098 742 1120 causa
774 1088 905 1119 ineerta

206 1143 282 1176 est!
305 1144 388 1174 Dae.

248 1201 261 1215 ⁰
274 1192 439 1233 Lucetius]
455 1192 607 1224 Glossar.
621 1188 798 1231 ιΛουκέριος
812 1188 905 1221 Ζεύς.’

207 1245 280 1276 Ful.
301 1244 410 1275 Ursin.

248 1294 411 1335 Lucetius]
431 1293 562 1325 Glossae
578 1301 587 1323 ε
605 1291 615 1309 ‘
630 1290 791 1322 Lueerius
811 1290 905 1323 Ζεύς.’

206 1346 333 1378 Utrubi
362 1354 467 1380 error,
496 1342 618 1375 neseio.
642 1341 775 1374 Gellius
804 1341 907 1372 habet

205 1397 363 1429 Luc-etius.
393 1394 567 1428 Jos.Scai.

247 1447 412 1487 Lucetius]
439 1445 571 1477 Gellius
596 1444 656 1475 lib.
685 1452 720 1474 v.
747 1452 824 1483 cap.
855 1445 906 1473 12.

205 1500 215 1518 ‘
228 1499 317 1531 Item
335 1498 432 1532 Jovis
451 1496 627 1537 Diespiter
649 1494 856 1535 appellatus,
872 1493 905 1524 id

206 1553 273 1588 est,
288 1549 352 1579 diei
364 1553 400 1579 et
415 1548 499 1578 lueis
515 1551 624 1587 pater.
654 1545 790 1576 Idcirco
808 1543 906 1574 simili

206 1599 340 1630 nomine
359 1597 490 1638 Dijovis
515 1596 626 1628 dictus
648 1599 712 1635 est,
740 1598 775 1625 et
799 1594 906 1625 Luce-

207 1650 282 1685 tius,
304 1648 392 1689 quod
410 1657 468 1678 nos
485 1647 540 1678 die
557 1651 592 1677 et
618 1646 694 1677 luce
719 1644 813 1686 quasi
838 1644 908 1675 vita

206 1701 281 1741 ipsa
296 1698 448 1731 afficeret
463 1703 495 1729 et
509 1696 687 1739 juvai·et.’·
711 1695 848 1727 Servius
865 1695 906 1725 ad

205 1750 290 1782 illud
319 1750 414 1790 Virg.
445 1758 496 1780 1x.
535 1748 665 1780 AEneid.
708 1746 906 1778 ‘Lucetium

207 1807 316 1842 portae
333 1801 532 1832 subeuntem
552 1799 571 1827 ι’
601 1799 735 1830 ‘Solum
758 1798 820 1828 hoe
845 1807 905 1828 no-

207 1862 284 1886 men
301 1852 376 1892 est,’
393 1851 513 1892 inquit,
529 1851 537 1867 ‘
553 1850 642 1891 quod
660 1849 787 1881 dietum
801 1858 819 1879 a
832 1849 904 1879 Vir-

209 1903 302 1944 gilio,
325 1913 343 1934 a
365 1903 455 1933 nullo
479 1902 543 1932 alio
570 1901 740 1940 reperitur
757 1904 908 1930 auctore.

208 1954 298 1985 Sane
313 1953 428 1993 lingua
450 1952 542 1983 Osca
560 1950 720 1982 Lucetius
737 1954 788 1981 est
810 1949 908 1989 Jupi-

209 2010 276 2044 ter,
292 2003 404 2035 dictus
422 2013 441 2034 a
457 2004 532 2033 luce
549 2011 648 2043 quam
674 2006 838 2041 praestare
863 2001 910 2031 di-

209 2055 299 2087 citur
315 2053 524 2085 hominibus:
551 2052 624 2092 ipse
638 2055 689 2082 est
706 2056 824 2082 nostra
847 2051 907 2082 iin-

210 2116 276 2146 gua
306 2104 494 2146 Diespiter,
527 2103 560 2134 id
592 2107 657 2142 est,
694 2101 761 2133 diei
800 2106 907 2142 pater.

211 2157 393 2188 Horatius:
465 2154 643 2194 ‘Namque
688 2152 909 2192 Diespiter.”

212 2208 342 2240 Glossae
355 2218 365 2247 ς
379 2209 388 2224 ‘
401 2205 579 2244 Lucerinis,
595 2203 694 2235 Ζεύς.’
724 2204 733 2220 ‘
750 2203 909 2244 Jupiter:

212 2259 295 2298 Leg.
321 2257 480 2289 Lucetius.
504 2256 590 2286 Dae.

254 2313 269 2333 ¹³
293 2308 423 2348 Lucius]
447 2307 475 2337 A
503 2307 578 2341 luce,
602 2305 659 2346 qui
684 2304 814 2335 oriente
835 2303 910 2334 luce

213 2363 323 2389 natus.
350 2360 445 2390 Idem.

257 2414 271 2433 Ἰ
297 2408 476 2448 Lucomedi]
520 2405 714 2447 Legendum
751 2414 770 2434 α
810 2404 911 2435 Lucu-

213 2468 310 2489 mone.
355 2458 554 2499 Propertius
574 2461 673 2487 voeat
694 2456 911 2486 Lucmonem.

214 2514 222 2525 ‘
239 2509 353 2540 Prima
370 2509 528 2548 galeritus
546 2508 657 2549 posuit
672 2506 819 2538 tentoria
830 2506 912 2537 Luc·

216 2558 293 2590 mo.'
317 2560 386 2589 Jos.
404 2558 488 2589 Scal.

262 2608 442 2648 Lucomedz']
467 2608 494 2638 A
513 2609 599 2639 Duce
615 2618 667 2638 suo
682 2608 826 2638 Lucomo.
843 2607 915 2647 Op-

219 2660 300 2692 time
325 2658 486 2699 Scaliger,
512 2669 531 2688 a
557 2659 629 2689 duce
654 2669 706 2689 suo
732 2658 915 2689 Lucumone.

961 1087 1050 1119 Vide
1079 1093 1087 1105 ‘
1100 1089 1329 1119 Lucereuses.¹
1376 1087 1429 1118 De
1446 1086 1485 1117 iis
1501 1086 1588 1117 enim
1603 1086 1657 1117 hie

960 1139 1122 1180 loquitur.
1168 1140 1277 1170 Porro
1314 1139 1525 1169 Lucumones
1563 1146 1659 1177 reges

959 1199 1035 1221 suos
1051 1189 1212 1221 dicebant
1235 1189 1337 1219 Tusci
1362 1199 1380 1219 a
1408 1188 1567 1228 Lycaone
1596 1188 1659 1218 Ar-

959 1240 1064 1271 cadiae
1083 1249 1175 1280 rege.
1211 1240 1311 1271 Tusci
1328 1239 1417 1270 enim
1435 1247 1477 1268 ex
1495 1237 1657 1269 Arcadia.

961 1291 1150 1322 Serviusn.
1175 1290 1308 1322 AEueid.
1333 1288 1579 1327 ‘Lucumones,
1601 1289 1660 1329 qui

962 1350 1060 1382 reges
1075 1346 1154 1371 sunt
1169 1340 1285 1381 lingua
1297 1338 1507 1371 Tuscorum.'
1540 1340 1585 1370 Et
1601 1338 1659 1369 lib.

962 1401 1042 1423 vul.
1065 1391 1210 1423 ‘Tuscia
1240 1390 1417 1422 duodecim
1450 1391 1659 1421 Lucumones

961 1441 1094 1480 habuit,
1109 1440 1141 1471 id
1159 1445 1224 1480 est,
1240 1439 1363 1481 reges)
1386 1440 1469 1471 Dac-

1004 1496 1015 1511 r
1037 1489 1242 1530 Lucumones]
1277 1489 1447 1521 Ausonius
1477 1489 1520 1520 ad
1555 1489 1661 1520 Theo-

962 1552 1058 1573 nem:
1081 1542 1090 1557 ‘
1105 1541 1236 1573 Scillito
1253 1540 1365 1572 decies
1382 1541 1409 1572 si
1425 1550 1484 1572 cor
1502 1540 1659 1580 purgeris

963 1596 1076 1630 aceto,
1094 1591 1341 1631 Anticipesque
1356 1594 1450 1621 tuum
1466 1590 1570 1621 Samii
1594 1589 1661 1620 Lu-

963 1642 1114 1674 cumonis
1131 1640 1294 1673 acumen?
1339 1640 1395 1671 Ita
1420 1639 1584 1680 legendus
1609 1643 1663 1670 est

963 1693 1055 1724 loeus
1072 1691 1226 1731 Ausonii,
1242 1695 1280 1722 ut
1306 1689 1337 1721 in
1364 1689 1571 1721 Ausonianis
1595 1689 1662 1720 lec-

963 1741 1112 1774 tionibus
1129 1741 1287 1771 diximus.
1309 1740 1379 1770 Jos.
1397 1739 1483 1771 Scal.

1003 1791 1209 1832 Lucumones]
1231 1791 1300 1824 Qui
1316 1789 1405 1831 apud
1427 1789 1582 1821 Arcadas
1606 1794 1663 1820 Λυ-

958 1843 1078 1883 κάονες,
1094 1843 1115 1873 ii
1127 1841 1217 1882 apud
1231 1841 1376 1879 Tuscos,
1388 1840 1442 1880 qui
1456 1849 1497 1870 ex
1517 1839 1665 1870 Arcadia

962 1895 996 1926 iu
1027 1894 1161 1925 Italiam
1190 1901 1325 1926 venere,
1359 1890 1552 1922 Lucumones
1578 1889 1664 1921 dieti

961 1950 1050 1984 sunt,
1073 1950 1110 1976 ut
1134 1943 1262 1984 optime
1290 1942 1442 1983 Scaliger
1469 1941 1604 1972 innotis
1620 1941 1662 1971 ad

963 1997 1095 2037 Orphei
1113 1995 1222 2026 initia.
1268 1994 1353 2025 Sunt
1371 1999 1484 2024 autem
1502 1991 1663 2031 λυκάονες,

962 2049 1017 2090 qui
1034 2048 1099 2078 alio
1124 2046 1257 2077 nomine
1287 2043 1509 2083 λυκάνθρωποι,
1524 2042 1581 2082 qui
1599 2041 1663 2072 sei-

963 2100 1045 2130 licet
1079 2094 1313 2128 melancholiae
1341 2102 1466 2134 genere
1497 2092 1664 2127 laborant,

965 2160 1039 2192 quae
1066 2145 1282 2188 λυκανθρωπία
1306 2144 1445 2182 dieitur,
1465 2154 1484 2175 a
1508 2144 1664 2185 Lycaone

964 2199 1123 2230 Arcadiae
1155 2206 1234 2237 rege
1261 2204 1382 2226 nomeu
1406 2193 1532 2231 sortiti,
1559 2192 1615 2233 qui
1646 2202 1666 2223 a

964 2250 1051 2281 Jove
1092 2249 1124 2279 in
1171 2248 1284 2286 lupum
1324 2243 1433 2276 fertur
1471 2253 1666 2275 conversus.

966 2299 1065 2331 Unde
1098 2299 1244 2336 Lucumo,
1282 2296 1427 2326 insanus.
1463 2294 1589 2325 Auson.
1622 2293 1663 2324 ad

965 2352 1154 2382 Tlieonem:
1170 2348 1180 2365 ‘
1194 2347 1326 2379 Scillito
1341 2345 1455 2376 decies
1469 2345 1495 2375 si
1513 2354 1572 2376 eor
1589 2353 1664 2384 pur·

968 2401 1058 2441 geris
1075 2404 1185 2437 aceto,
1214 2396 1461 2435 Anticipesque
1490 2400 1547 2425 tuo
1562 2393 1663 2425 Samii

970 2451 1168 2485 Lucumonis
1185 2448 1348 2481 acumen.’
1370 2448 1451 2479 Dac-

1010 2510 1021 2523 S
1044 2501 1223 2541 Lucrelilis]
1247 2499 1367 2531 Horat.
1391 2497 1458 2530 Od.
1481 2498 1532 2527 17.
1557 2495 1663 2529 iib.,1.

968 2555 1101 2586 ‘Velox
1133 2560 1299 2582 amoeuum
1328 2557 1419 2588 saepe
1459 2546 1662 2577 Lucretilem

971 2606 1085 2637 Mutat
1102 2604 1224 2643 Lyeaeo
1240 2596 1397 2632 Faunus:
1420 2596 1515 2627 Idem.
