1835 2906
198 95 283 138 328
644 109 793 142 SExrt
829 112 1029 143 POMPEH
1066 115 1202 146 rsss'rr

199 202 422 254 Inermat,⁵
449 203 582 245 armis
604 205 782 259 spoliat.

198 270 355 322 Iners,t
373 271 577 324 ignavus,
600 274 668 314 vel
689 274 784 316 sine
806 279 913 316 arte.

197 338 477 390 Infectores,¹¹
495 341 571 395 qui
592 342 781 384 alienum
801 344 988 385 colorem
1011 345 1054 385 in
1076 345 1221 386 lanam
1238 349 1497 403 conjiciunt:
1515 349 1646 391 offec-

254 411 385 458 tores,
407 409 485 463 qui
507 412 684 465 proprio
709 412 844 453 colori
864 426 1027 454 novum
1049 414 1297 457 efficiunt.20

196 475 372 517 Inferiae
386 482 403 498 Χ
422 478 654 530 sacrificia,
671 492 770 533 quae
789 480 890 521 Diis
907 483 1109 523 manibus
1125 484 1378 526 inferebant.

194 542 427 585 Inferium¹
453 547 639 598 vinum,y
658 548 717 598 id,
742 548 859 601 quod
879 549 923 589 in
946 550 1240 592 sacrificando
1262 552 1376 593 infra
1395 554 1557 606 paterae
1581 552 1645 593 la—

249 611 375 654 brum
396 615 650 667 ponebatur.

193 677 443 721 Infibulati²
475 682 783 724 sacrificabant
803 683 1001 726 flamines
1016 690 1030 708 2
1062 691 1239 742 propter
1260 701 1386 728 usum
1410 687 1512 728 aeris
1534 687 1644 728 anti-

249 748 510 800 quissimum
533 750 658 791 aereis
680 751 842 793 fibulis.

192 813 762 872 111findere,³intercipere,³
795 819 1082 874 interponere.

796 951 913 962 eeeeee

916 951 1034 964 ‘‘‘‘‘

230 1035 272 1063 20
296 1033 365 1064 Pro
391 1036 526 1076 efficiunt
550 1037 633 1076 legit
657 1039 744 1069 Dae.
769 1040 918 1081 fficium,
943 1047 979 1072 et
1006 1042 1052 1073 ita
1069 1042 1131 1073 viri
1155 1042 1322 1075 doeth—1
1351 1043 1404 1074 ΑΙ.
1424 1042 1640 1080 Inferum—2

189 1075 334 1108 Quidam
353 1077 429 1109 libri
445 1081 692 1112 sacerdotes—3
718 1083 819 1123 Legit
833 1085 917 1116 Dae.
936 1085 1127 1126 intersipere.

845 1204 984 1236 NOTAE

229 1276 240 1291 ⁸
263 1272 419 1314 Inermat]
443 1273 530 1306 Inde
544 1276 674 1308 inermis
689 1282 724 1310 et
737 1279 885 1317 inermus,

185 1323 327 1362 quisine
340 1325 451 1357 armis.
475 1326 574 1358 Idem.

227 1375 235 1393 ¹
264 1375 371 1415 Iners]
409 1376 516 1409 Lucil.
567 1383 576 1396 ‘
601 1379 649 1410 Ut
688 1380 885 1420 perhibetur

183 1425 287 1461 iners,
304 1436 358 1457 ars
376 1427 408 1457 in
427 1437 492 1468 quo
510 1438 574 1460 non
592 1430 657 1461 erit
674 1431 762 1463 ulla.'
792 1432 884 1464 Cita-

156 1483 159 1485 ’
183 1480 239 1506 tur
256 1477 288 1507 in
306 1477 509 1518 fragmentis
525 1480 646 1512 Servii.
677 1482 731 1514 Ab
746 1493 785 1514 eo
800 1484 881 1516 iner-

181 1528 284 1558 titudo
328 1528 520 1561 formarunt
566 1532 734 1564 Veteres:
783 1545 882 1576 quam

181 1577 325 1617 ἀδρανίαν
339 1585 477 1611 vertunt
493 1581 620 1621 Graeci,
636 1584 699 1614 boc
715 1589 778 1621 est,
790 1585 882 1625 igna-

181 1628 281 1669 viam,
297 1633 333 1660 ut
347 1629 502 1670 inertem,
518 1631 641 1673 ἀδρανῆ.
666 1635 733 1666 Jos.
753 1635 838 1667 Scal.

222 1679 328 1721 Iners]
368 1682 436 1713 Qui
476 1684 581 1714 nullas
615 1690 706 1716 artes
745 1691 883 1718 tractat.

178 1731 317 1762 Servius
334 1742 383 1763 iv.
408 1734 540 1767 AEneid.
565 1736 574 1752 ‘
595 1738 681 1768 Nam
701 1739 816 1780 iners‚'
833 1741 881 1772 in-

178 1781 264 1821 quit,
278 1783 434 1823 ‘proprie
448 1786 528 1826 quid
547 1787 591 1818 sit
608 1789 756 1821 Lucilius
769 1791 880 1823 decia-

179 1835 252 1861 rat:
278 1833 286 1847 ⁴
304 1833 350 1862 Ut
368 1834 564 1872 perhibetur
586 1838 676 1869 iners
697 1841 797 1871 arsin
815 1852 880 1883 quo

179 1889 246 1911 non
264 1881 330 1911 erit
345 1882 434 1913 ulla.'
449 1884 456 1896 ’
483 1886 564 1918 Duc.

219 1936 232 1951 ¹²
256 1932 443 1975 Insectores]
468 1937 476 1953 ‘
496 1936 801 1980 Int'ect01·‚ssa‹p÷155.
820 1944 875 1974 In-

177 1981 273 2022 fecti,
285 1983 531 2024 ἀνεστυμμένοι.’
555 1990 624 2020 dos.
642 1991 725 2022 Scal.

219 2035 405 2077 Inseclores]
429 2039 544 2071 Plaut.
564 2041 677 2073 Aulul.
702 2044 711 2061 ‘
726 2044 811 2076 Cum
828 2045 875 2076 in-

175 2084 302 2117 cedunt
319 2087 506 2121 infectores
523 2093 728 2125 crocotarii.'
752 2095 850 2127 Idem.

216 2142 231 2157 λ’
256 2138 404 2180 Inserioe]
428 2140 522 2172 Idem
541 2143 700 2183 Jnserilia,
724 2145 786 2177 hoc
811 2152 876 2186 est,

174 2188 376 2231 καταχθόνιοι,
388 2190 627 2231 εἷσκομίσματα.
647 2195 793 2229 Glossae.
807 2198 876 2229 Jos.

174 2239 259 2271 Scal-

216 2293 361 2333 Inferioe]
384 2294 502 2336 Sacra,
517 2306 591 2336 quae
609 2297 685 2329 Diis
699 2299 872 2340 Manibus,

173 2343 230 2382 qui
267 2343 365 2375 inferi
398 2345 483 2376 dicti
520 2353 612 2386 suut,
644 2350 872 2382 solvebantur·

173 2392 290 2424 Graeci
309 2400 430 2426 vocant
446 2395 535 2434 χοάς.
561 2398 643 2429 Duc.

213 2448 225 2468 Υ
251 2443 403 2481 lusorium
418 2447 539 2486 vinum]
574 2448 667 2479 Idem
692 2450 781 2490 quod
801 2452 870 2482 Cal-

168 2503 238 2533 ραν.
261 2495 384 2525 Vinum
400 2497 488 2537 quod
504 2500 607 2529 totius
623 2500 798 2533 vindemiae
813 2512 871 2534 no-

170 2545 261 2575 mine
285 2545 363 2577 Jovi
385 2547 565 2588 libabatur,
595 2556 631 2581 ut
661 2552 686 2581 is
719 2562 758 2583 eo
780 2560 871 2585 esset

170 2599 363 2627 contentus.
388 2597 531 2629 Libandi
557 2600 721 2635 formula:
747 2605 869 2645 ‘Jupi-

170 2650 223 2676 ter
252 2652 363 2678 macte
401 2649 462 2679 boc
498 2650 574 2680 vino
613 2653 734 2684 inferio
772 2659 870 2687 0510ss

171 2696 268 2738 Quae,
290 2698 323 2728 ni
349 2698 502 2730 adhibita
517 2699 649 2741 stus-sci,
671 2705 781 2736 viuum
800 2716 867 2737 om-

941 1291 982 1312 ne
1004 1281 1120 1313 usibus
1136 1282 1285 1313 humanis
1303 1280 1525 1322 eripiebatur,
1542 1280 1638 1313 Jovi-

939 1342 1005 1372 que
1019 1342 1151 1363 sacrum
1169 1333 1284 1364 fiebat.
1319 1334 1428 1365 Quem
1454 1332 1555 1362 ritum
1573 1330 1638 1362 Ar-

939 1383 1059 1414 nobius
1097 1389 1216 1414 contra
1252 1388 1370 1424 gentes
1405 1383 1463 1413 lib.
1496 1391 1559 1414 vu.
1589 1382 1636 1412 sie

939 1439 1060 1473 aperte
1084 1434 1238 1465 declarat
1263 1444 1306 1464 ex
1331 1433 1533 1465 anctoritate
1558 1434 1638 1464 Tre-

939 1483 1041 1514 batii:
1066 1485 1075 1500 ‘
1093 1484 1220 1525 Operae
1238 1484 1408 1525 pretium‚’
1423 1484 1545 1524 inquit,
1561 1487 1570 1501 ‘
1584 1488 1638 1515 est

938 1536 1038 1565 etiam
1055 1535 1163 1566 verba
1178 1536 1252 1576 ipsa
1275 1535 1490 1575 depromere,
1516 1534 1636 1574 quibus

938 1596 1012 1617 cun»
1030 1587 1141 1617 viuum
1159 1587 1274 1626 datur,
1302 1587 1351 1617 uti
1378 1596 1417 1617 ac
1441 1586 1635 1626 supplicare

938 1637 1148 1667 cousuetudo
1165 1641 1229 1668 est.
1260 1637 1397 1668 Mactus
1414 1637 1474 1666 hoc
1492 1637 1570 1666 vino
1587 1636 1635 1665 in-

937 1686 1025 1718 ferio
1042 1693 1127 1718 esto.
1161 1687 1303 1727 Inferio,
1319 1687 1428 1727 inquit
1443 1687 1635 1721 Trebatius,

937 1738 1076 1768 verbum
1095 1748 1136 1769 ea
1153 1748 1253 1769 causa
1277 1743 1329 1768 est
1355 1737 1507 1768 additum
1528 1745 1635 1777 eaque

936 1788 1068 1818 ratione
1093 1788 1285 1829 praefertur,
1316 1798 1355 1818 ue
1379 1788 1491 1818 vinum
1524 1796 1635 1822 omne,

936 1839 1071 1870 omuino
1089 1838 1177 1879 quod
1204 1839 1235 1869 in
1254 1839 1350 1869 celiis
1375 1843 1476 1878 atque
1493 1837 1635 1877 apothe-

933 1889 981 1919 cis
1013 1895 1066 1921 est
1101 1890 1290 1923 conditum,
1321 1899 1362 1919 ex
1393 1889 1512 1929 quibus
1542 1888 1633 1928 quod

932 1938 1120 1971 effunditur
1137 1946 1306 1980 promtum
1324 1945 1389 1978 est,
1414 1949 1487 1970 esse
1501 1948 1633 1970 sacrum

932 1991 1088 2031 incipiat,
1103 1997 1137 2022 et
1153 2001 1193 2021 ex
1212 1991 1326 2021 usibus
1338 1991 1503 2030 eripiatur
1519 1990 1632 2020 huma·

931 2042 993 2072 nis.
1033 2042 1161 2074 Addito
1186 2051 1267 2081 ergo
1294 2042 1356 2072 hoc
1379 2040 1498 2079 verbo,
1522 2040 1630 2070 solum

931 2094 1009 2133 erit,
1025 2093 1114 2134 quod
1132 2092 1314 2137 inferetur,
1335 2101 1480 2126 sacrum,
1497 2099 1563 2128 uec,
1579 2100 1631 2121 re-

931 2145 1055 2183 iigione
1086 2144 1293 2184 obligabitur
1321 2141 1497 2174 ceterum.’
1546 2141 1630 2172 Vide

930 2198 938 2211 ‘
957 2194 1106 2234 Calpar.’
1133 2195 1230 2225 Idem.

971 2251 982 2266 2
1008 2245 1186 2287 Infibulati]
1211 2244 1338 2276 Fibnlis
1351 2248 1461 2274 vestes
1476 2242 1629 2273 subnexi.

929 2299 1028 2329 Idem.

972 2354 986 2369 ³
1005 2348 1176 2390 Infindere]
1211 2345 1440 2378 Glossarium:
1476 2348 1485 2362 ⁴
1512 2343 1628 2375 Infeu-

928 2400 1023 2438 dere,
1054 2399 1212 2436 ἐπιτεῖναι,
1238 2395 1483 2435 ἐνκληματῖσαι.’
1524 2397 1629 2435 Lege,

929 2451 1096 2492 Irfimlere.
1133 2449 1338 2489 Metapbora
1355 2459 1374 2479 a
1396 2448 1552 2485 surculis,
1569 2448 1626 2488 qui

928 2503 960 2533 in
985 2501 1071 2532 fissis
1097 2500 1226 2532 truncis
1243 2500 1399 2530 arborum
1420 2499 1624 2530 inseruntur.

927 2553 1025 2586 Quod
1052 2553 1228 2592 eleganter
1249 2551 1407 2585 vertitur,
1438 2548 1624 2586 ἐνκληματί-

925 2615 989 2635 σαι.
1007 2605 1132 2644 Κλῆμα,
1144 2603 1310 2641 surculus,
1325 2606 1541 2632 sarmentum.
1552 2601 1621 2633 Jos.

924 2656 995 2686 Sca!
999 2679 1005 2687 .
