1835 2906
234 110 318 152 430
667 119 814 151 snx'rx
848 119 1051 150 POMPEII
1086 119 1223 150 rnsri

237 214 351 255 Muli
374 213 587 256 Marianic
619 214 707 256 dici
739 214 939 256 solebant
972 227 999 265 a
1034 214 1084 256 C.
1106 214 1252 255 Mario
1282 214 1523 265 instituti‚¹⁵
1545 215 1673 269 cujus

292 282 452 323 milites
473 282 519 322 in
540 282 662 324 furca
682 282 940 336 interposita
959 282 1124 323 tabella
1151 282 1397 325 varicosius
1425 296 1561 325 onera
1595 297 1679 325 sua

292 353 467 402 portare
489 350 798 391 adsueverant.

238 415 374 457 Mulis
410 417 685 459 celebrantur
717 415 841 458 ludid
881 415 926 456 in
967 415 1097 457 Circo
1134 417 1327 458 maximo
1359 416 1678 458 Consualibus:

294 485 401 538 quia
434 486 481 526 id
515 499 652 539 genus
685 484 1016 539 quadrupedum
1055 484 1240 538 primum
1271 488 1454 538 putatur
1482 489 1679 538 coeptum

293 553 435 601 currui
456 553 750 605 vehiculoque
777 549 978 603 adjungi.

237 618 390 660 Mulus
411 620 613 661 vehiculo
635 619 771 660 Lunae
793 618 1036 670 adhibetur,
1064 619 1185 673 quod
1217 623 1306 661 tam
1333 619 1496 661 sterilis
1525 631 1578 659 ea
1607 619 1680 668 sit,

294 700 427 741 quam
463 688 623 737 mulus,
652 686 725 727 vel
754 686 872 741 quod
902 691 953 727 ut
983 687 1130 728 mulus
1162 701 1247 729 non
1281 701 1363 729 suo
1401 699 1575 741 genere,
1604 687 1680 727 sed

294 755 397 807 equi
418 754 637 805 creetur‚¹⁶
659 754 724 795 sic
744 767 796 795 ea
819 754 947 804 solis,
966 767 1056 795 non
1078 769 1158 796 suo
1179 755 1346 808 fulgore
1366 756 1527 797 luceat.

237 821 453 863 Mulleos⁸³
476 835 613 875 genus
644 822 888 863 calceorum
911 823 1031 864 aiunt
1048 836 1164 874 esse,
1185 825 1343 878 quibus
1364 836 1486 876 reges
1517 822 1679 875 [FEST-

280 1034 317 1061 15
344 1031 474 1072 Aliquis
491 1030 549 1062 lib.
573 1031 676 1062 Marii
695 1031 942 1064 instituta—16
965 1032 1046 1063 Vet.
1059 1031 1119 1064 lib.
1135 1033 1222 1073 equis
1236 1031 1368 1063 oriatur.

893 1129 1034 1161 NOTAE

279 1220 292 1236 0
318 1215 401 1246 Muli
417 1214 574 1255 Mariani]
598 1215 653 1246 Sic
669 1216 851 1256 perjocum
868 1216 934 1246 Ro-

236 1266 326 1297 mani
339 1266 463 1297 milites
480 1267 701 1304 vocabantur,
715 1277 789 1298 nam
808 1267 844 1298 C.
861 1267 935 1298 Ma-

237 1317 307 1347 rius
331 1315 589 1347 recidendorum
614 1317 934 1356 impedimentorum

239 1366 361 1405 gratia,
375 1366 496 1407 quibus
514 1367 657 1397 maxime
682 1377 801 1406 agmen
818 1376 936 1397 onera-

237 1422 305 1456 tur,
322 1426 401 1446 vasa
417 1420 452 1446 et
467 1416 593 1447 cibaria
621 1418 763 1448 militum
787 1417 818 1447 in
836 1416 934 1448 fasci·

238 1467 333 1497 culos
355 1471 474 1505 aptata
491 1465 606 1506 furcis,
621 1477 704 1508 quas
721 1467 938 1507 appellarunt

239 1517 454 1551 aerumnulas,
487 1517 658 1556 imposuit,
681 1516 801 1557 quibus
826 1515 937 1547 onusti

237 1566 363 1597 milites
380 1566 445 1597 iter
461 1565 700 1597 conficiebant.
725 1567 821 1597 Idem.

279 1614 294 1635 ‘¹
317 1615 418 1646 Malis
442 1616 637 1646 celebrantur
662 1615 742 1655 ludi]
768 1617 819 1646 De
849 1615 937 1646 Con-

239 1666 388 1697 sualibus
406 1675 465 1697 suo
483 1666 558 1697 loco
576 1666 705 1697 dictum
731 1670 794 1696 est.
833 1665 936 1696 Mults

239 1722 352 1747 autem
381 1721 462 1748 tunc
485 1716 581 1747 ludos
611 1717 803 1748 celebratos
832 1714 939 1746 fnisse

237 1772 367 1806 praetcr
384 1768 518 1798 Festum
536 1776 636 1797 nemo
652 1766 741 1808 quod
758 1766 862 1797 sciam
878 1764 937 1796 do-

239 1816 323 1847 cuit.
349 1816 447 1848 Idem.

282 1869 296 1884 ‘³
319 1865 468 1906 Malleos]
484 1866 636 1897 Verbum
646 1865 830 1896 allucinatos
845 1874 937 1895 men-

239 1914 358 1946 dosum
376 1919 445 1946 est:
470 1916 594 1946 lunatos
609 1917 735 1956 placet,
750 1915 821 1946 sive
837 1916 937 1945 alula—

239 1969 287 1995 tos
303 1964 345 1995 ab
360 1966 465 2002 alutam
489 1966 531 1996 de
559 1971 704 2007 utroque
725 1969 777 1996 est
800 1973 938 1996 carmen

238 2015 363 2048 Juven.
387 2016 460 2047 Sat.
484 2025 551 2047 vn.
581 2017 590 2033 ‘
609 2016 809 2057 Appositam
833 2015 938 2054 nigrae

239 2066 354 2096 lunam
381 2065 535 2097 subtexit
560 2065 702 2096 alutaez’
726 2063 816 2107 qnod
841 2065 940 2095 aliter

240 2116 327 2146 dixit
344 2116 468 2148 Horat.
494 2116 554 2147 lib.
569 2126 593 2147 1.
614 2117 687 2148 Sat.
702 2119 734 2147 ὃ.
768 2117 777 2133 ‘
796 2115 886 2146 Nam
902 2119 941 2146 ut

240 2165 382 2206 quisque
399 2165 534 2196 insanus
550 2165 654 2206 nigris
672 2163 818 2195 medium
836 2164 940 2204 impe-

242 2213 307 2244 diit
332 2224 409 2245 crus
432 2214 598 2254 Pellibus,
617 2219 651 2245 et
676 2215 782 2245 latum
804 2212 942 2244 demisit

242 2269 386 2304 pectore
399 2265 544 2303 clavum,
556 2264 660 2300 Audit
670 2263 942 2302 mutinum-Quis

242 2314 341 2345 homo
375 2315 429 2346 bic
443 2315 474 2345 ?’
515 2313 666 2346 vidend.
700 2313 878 2344 Plutarch.
908 2313 940 2343 in

243 2364 362 2397 Probl.
379 2365 498 2397 Titinii
515 2373 652 2397 carmen
667 2363 862 2396 mendosum
876 2368 941 2395 est.

243 2414 323 2446 Ant.
338 2416 425 2454 Aug.

287 2466 433 2506 Mulleos]
461 2466 601 2498 Catonis
624 2465 731 2497 verba
754 2465 803 2497 ita
826 2465 942 2505 legen-

244 2512 305 2545 da:
334 2516 396 2549 Qui
422 2518 644 2555 magistratum
670 2516 816 2546 Curulem
845 2513 942 2554 cepis-

244 2567 305 2602 set,
326 2565 440 2595 calceos
465 2567 603 2602 mulleos,
626 2567 685 2597 aliz·
707 2565 880 2599 uncinaeos,
896 2574 942 2595 ce-

248 2615 306 2645 teri
331 2625 468 2655 perone&
507 2617 593 2648 Haec
621 2623 694 2650 erat
729 2617 942 2658 aritiquornm

990 1214 1139 1247 εὐτέλεια.
1177 1214 1381 1255 magistratu
1403 1212 1510 1244 functi
1528 1213 1682 1250 mulleos,

989 1267 1112 1298 milites
1144 1265 1374 1302 flammatos,
1404 1264 1511 1295 ceteri
1544 1263 1685 1294 Romani

991 1327 1149 1358 perones,
1164 1316 1214 1347 καὶ
1235 1314 1470 1355 ὠμοβυρσίνυυς,
1494 1314 1684 1344 sumebant.

990 1369 1046 1400 De
1061 1367 1205 1405 uncinis,
1221 1372 1256 1396 et
1272 1366 1374 1396 clavis
1391 1363 1591 1395 militaribus
1606 1362 1687 1393 satis

991 1419 1023 1449 in
1053 1415 1301 1457 Conjectaneis.
1338 1415 1464 1444 Versus
1495 1413 1611 1443 Titinii
1640 1413 1689 1442 ita

990 1470 1080 1510 lego,
1101 1469 1170 1507 jum
1200 1477 1267 1498 cum
1293 1465 1412 1497 mulleis
1443 1465 1484 1495 Te
1514 1463 1691 1503 ostendisti,

990 1529 1064 1559 quos
1093 1518 1228 1550 tibiaeim
1258 1517 1383 1547 calceas.
1419 1515 1594 1553 Tibiatim,
1624 1515 1687 1545 lioc

992 1572 1059 1607 est,
1086 1568 1128 1599 ad
1159 1567 1303 1598 mediam
1332 1575 1436 1606 usque
1467 1565 1593 1596 tibiam.
1632 1564 1689 1595 Ita

991 1623 1090 1651 erant
1110 1620 1223 1650 onmia
1239 1628 1278 1649 ea
1295 1626 1420 1658 genera
1441 1616 1689 1647 calceamento-

992 1680 1078 1709 rum,
1100 1669 1213 1711 qualia
1235 1669 1423 1700 Turcarum
1448 1666 1560 1705 hodie,
1578 1666 1689 1698 medio

992 1730 1090 1752 crure
1116 1725 1227 1751 tenus.
1265 1718 1363 1752 Quod
1401 1723 1435 1749 et
1460 1718 1689 1748 Tertullianus

992 1770 1175 1802 manifesto
1199 1768 1363 1809 ostendit,
1387 1768 1473 1799 libro
1496 1768 1538 1799 de
1555 1767 1688 1799 Pallio:

991 1823 1000 1839 ‘
1019 1821 1158 1861 Impuro
1169 1820 1259 1851 cruri
1276 1828 1409 1860 purum,
1423 1822 1480 1849 aut
1494 1817 1689 1848 mulleolum

992 1871 1124 1902 inducit
1149 1868 1322 1901 calceum.’
1355 1870 1428 1899 Jos.
1455 1867 1539 1899 Scal.
1589 1867 1689 1899 Adde

991 1920 1073 1952 illud
1094 1920 1216 1951 Horat.
1232 1920 1241 1936 ‘
1254 1919 1356 1957 nigris
1372 1919 1519 1950 medinm
1535 1917 1691 1959 impediit

993 1981 1070 2003 crus
1086 1968 1262 2001 Pellibus-¹
1284 1969 1383 2000 Idem.

1038 2021 1188 2062 Mulleos]
1223 2019 1342 2051 Mullei
1369 2019 1422 2050 vel
1446 2018 1560 2049 mullei
1583 2018 1690 2049 calcei

994 2071 1167 2109 dicuntur,
1181 2079 1246 2101 non
1266 2070 1309 2100 ab
1334 2068 1472 2109 antiquo
1490 2067 1593 2099 verbo
1613 2067 1689 2097 mul-

995 2122 1070 2160 lare,
1088 2128 1199 2158 suere,
1216 2124 1253 2150 ut
1271 2119 1404 2158 putavit
1418 2117 1585 2157 Scaliger,
1601 2115 1660 2147 sed
1673 2126 1693 2146 a

995 2172 1109 2203 colore
1126 2169 1218 2201 mulli
1235 2169 1348 2209 piscis,
1363 2177 1439 2198 nam
1463 2167 1622 2208 puniceos
1642 2165 1693 2196 su-

995 2222 1060 2253 isse
1076 2221 1128 2252 vel
1144 2229 1187 2251 ex
1209 2220 1321 2251 Dione
1346 2222 1477 2249 certum
1495 2222 1559 2257 est,
1572 2216 1629 2258 qui
1646 2217 1692 2247 ait

996 2272 1166 2303 Caesarem
1184 2279 1278 2301 usum
1304 2268 1446 2300 ὑποδέσει
1470 2267 1570 2298 ἐνίοτε
1590 2266 1693 2306 ὑψηλῇ

995 2320 1047 2352 καὶ
1062 2319 1250 2362 ἐρυθροχρόῳ
1264 2318 1345 2350 κατὰ
1358 2318 1431 2350 τοὺς
1452 2316 1605 2353 βασιλέας
1618 2315 1691 2346 τοὺς

997 2372 1031 2403 ἐν
1057 2373 1098 2412 τῇ
1125 2369 1227 2411 Ἀλβῇ
1247 2368 1322 2401 τοτὲ
1343 2368 1540 2408 γενομένους,
1567 2367 1601 2398 id
1628 2371 1693 2404 est,

996 2423 1005 2439 ‘
1024 2422 1139 2453 calceo
1168 2421 1249 2457 alto,
1277 2419 1390 2451 colore
1421 2426 1592 2459 purpureo
1623 2425 1691 2455 quo

995 2471 1077 2503 olim
1115 2470 1325 2501 Albanorum
1352 2478 1451 2509 reges
1484 2463 1692 2498 utebantur!

996 2521 1130 2562 Aperte
1159 2519 1303 2550 Mulleos
1336 2517 1513 2554 describit,
1543 2524 1624 2556 quos
1648 2513 1690 2543 ab

998 2569 1139 2601 Albanis
1162 2568 1296 2608 regibus
1321 2566 1362 2598 ad
1386 2565 1546 2607 patricios
1569 2563 1690 2594 transi-

997 2621 1062 2652 isse
1087 2620 1175 2651 idem
1197 2619 1309 2650 «locet.
1346 2617 1431 2647 Nam
1455 2620 1566 2646 stante
1582 2614 1689 2645 libera
