1835 2906
360 152 425 183 DE
458 146 733 181 VERBORUM
769 141 1177 177 S1GN1F10AT10NE
1212 141 1307 172 Lm.
1341 139 1457 172 X111.
1561 131 1646 172 543

243 255 308 293 tes
344 247 512 290 faciant
543 243 806 299 auspicium,
842 243 893 282 ut
929 250 1106 288 corvus,
1143 236 1314 286 cornix,
1346 240 1536 278 noctua:
1568 242 1646 278 aut

244 331 345 375 quae
368 317 451 358 alis
473 319 596 357 aut¹0
626 312 798 361 volatu,
819 313 867 351 ut
888 306 1041 355 buteo,
1065 306 1310 361 sanqualis,
1333 305 1498 360 aquila,
1526 306 1649 347 imis-

245 387 421 436 sulus‚¹¹
476 382 705 431 vulturius,
743 380 874 435 picus
924 377 1131 426 Martius,
1181 374 1536 429 Feroniusque,¹²
1553 380 1571 404 y
1606 380 1651 416 et

245 467 392 510 parra,
413 457 459 495 et
479 452 524 494 in
545 450 785 499 oscinibus,
807 450 850 489 et
870 447 915 488 in
936 445 1116 488 alitibus
1139 444 1370 486 habentur.

189 523 396 573 Oscines,
418 533 524 563 aves
547 518 795 574 auspicium
815 529 891 557 ore
909 514 1139 557 facientes.

1468 513 1647 565 [PAUL.

190 593 422 642 Oscinum,
440 590 667 644 augurium
690 601 717 629 a
737 589 871 628 cantu
893 585 1059 627 avium.

190 662 433 705 Oscinum†
454 658 695 713 tripudium
717 658 800 708 est,
832 654 952 710 quod
974 653 1062 695 oris
1085 656 1217 694 cantu
1237 649 1459 705 significat
1489 648 1651 702 [FEST.

244 732 353 788 quid
400 727 622 785 portendi,
661 738 761 767 cum
801 723 964 765 cecinit
998 733 1175 771 corvuS,
1228 719 1435 769 corniX,¹³
1473 721 1649 767 noctua,

248 813 394 856 parra,
416 798 562 853 picus.

190 870 357 912 Oscum
394 867 553 910 dicitur
605 862 852 918 significare
885 871 1085 902 sacrum:
1137 857 1253 899 unde
1298 856 1422 910 leges
1472 855 1651 912 [PAUL.

247 938 417 988 oscitae,
435 936 481 978 id
503 938 587 986 est,
620 935 835 975 sacratae:
867 929 1062 984 Opicum
1096 939 1275 982 quoque
1296 925 1548 967 invenimus
1570 938 1652 979 pro

247 1007 395 1049 Osco:
428 1004 559 1046 Oscis
592 1002 707 1044 enim
740 998 1122 1055 frequentissimus
1158 995 1242 1037 fuit
1274 1008 1383 1036 usus
1418 994 1653 1036 libidinum

246 1086 534 1131 spurcarum:
565 1071 680 1114 unde
719 1073 762 1111 et
795 1068 935 1110 verba
966 1064 1244 1120 impudentia
1275 1063 1554 1118 appellantur
1575 1063 1653 1103 ob-

249 1157 415 1187 scoena.

250 1213 340 1255 tine
361 1211 584 1253 nesciunt.

474 1140 694 1184 Titinius:
725 1137 847 1179 Osce
879 1140 923 1179 et
942 1134 1108 1177 Volsce
1139 1134 1407 1179 fabulantur,
1436 1145 1538 1173 nam
1569 1130 1658 1172 La-

192 1280 418 1325 Oscum‘s‘
458 1279 568 1321 duas
609 1276 813 1319 diversas
849 1281 894 1317 et
925 1272 1170 1315 contrarias
1218 1268 1443 1325 significa·
1491 1267 1656 1320 [FEST.

801 1373 940 1387 O‘O‘m

944 1372 1044 1384 eeeee

236 1441 276 1470 10
299 1437 364 1470 Ed.
383 1437 471 1469 Scal.
488 1438 620 1468 cra—11
645 1434 725 1466 Vet.
742 1432 802 1465 lib.
817 1432 1030 1464 milvus.-12
1049 1427 1113 1460 Ed.
1132 1427 1222 1459 Scal.
1246 1426 1317 1467 pica
1332 1429 1387 1457 aut
1401 1425 1554 1457 Martius.
1595 1424 1658 1456 Vir

193 1482 286 1514 doct.
306 1483 339 1513 in
358 1491 463 1522 marg.
479 1479 633 1521 ejusdem
658 1477 712 1508 ed.
728 1476 869 1517 conjicit
887 1475 985 1506 Picus
1011 1476 1116 1504 autem
1135 1471 1347 1505 Martius.—†
1373 1470 1465 1501 Scal.
1491 1469 1524 1500 in
1549 1478 1658 1508 marg.

193 1526 327 1558 notavit
351 1526 426 1556 haec
450 1523 556 1554 verba
578 1528 614 1555 et
631 1531 728 1563 seqq.
760 1522 885 1555 Oscum,
899 1520 955 1559 850.
978 1525 1052 1549 esse
1070 1514 1248 1555 Festi,sed
1273 1523 1339 1545 non
1357 1522 1402 1545 ex
1421 1518 1488 1545 vet.
1512 1512 1658 1544 liu—13

193 1571 292 1602 Vett.
308 1569 387 1601 edd.
402 1567 543 1599 croeivit.

856 1647 1002 1684 NOTAE

194 1722 263 1762 nia,
279 1723 358 1754 Dea
372 1721 587 1757 libertorum,
603 1719 636 1752 in
654 1720 749 1761 cujus
771 1717 901 1759 templo

194 1782 271 1804 raso
297 1772 412 1813 capite
438 1771 561 1812 pileum
587 1769 815 1811 accipiebant.
860 1768 902 1799 In

195 1823 385 1866 eodemque
413 1822 542 1864 templo
569 1821 765 1853 Tarracinae
793 1819 902 1851 sedile

195 1875 369 1916 lapideum
393 1873 474 1911 fuit,
501 1873 534 1904 in
561 1882 629 1915 quo
648 1872 701 1904 hic
717 1881 836 1903 versus
852 1871 903 1902 in-

197 1926 286 1958 cisus
312 1929 408 1957 erat:
438 1925 447 1941 ‘
465 1924 560 1955 Bene
590 1923 702 1954 meriti
731 1922 821 1954 servi
850 1930 902 1952 se·

196 1976 314 2017 deant,
340 1980 483 2016 surgant
501 1973 624 2006 liberi.⁷
668 1974 778 2007 Quam
794 1973 903 2004 Varro

195 2027 393 2059 libertatum
424 2028 531 2058 Deam
560 2025 656 2064 dicit,
683 2024 776 2066 quasi
800 2023 904 2055 Fido·

197 2078 298 2110 niam.
342 2077 431 2109 Haec
458 2076 557 2117 primi
584 2085 626 2107 ex
649 2075 782 2107 schedis
808 2079 903 2106 vete-

198 2129 291 2161 ribus
328 2129 361 2160 in
396 2127 579 2169 Virgilium
613 2127 803 2168 vulgamus.
835 2126 905 2158 Jos.

198 2180 281 2212 Scal.

247 2230 393 2271 Oscines]
419 2230 520 2261 Varr.
534 2228 592 2260 lib.
611 2238 644 2261 v.
667 2229 676 2246 ‘
692 2229 839 2261 Oscines
856 2227 904 2259 di-

201 2286 326 2314 cuntur
351 2280 442 2322 apud
471 2290 626 2321 augures,
652 2280 743 2322 quod
770 2289 828 2312 ore
856 2279 906 2311 fa-

200 2335 296 2366 ciunt
334 2332 548 2373 auspicium.'
614 2332 743 2364 Alitum
791 2336 905 2364 autem

201 2387 276 2418 aliae
291 2385 421 2423 oscines,
438 2384 510 2415 aliae
528 2384 630 2415 alites.
679 2383 769 2415 Plin.
786 2383 847 2414 lib.
870 2392 905 2414 x.

202 2446 279 2477 cap.
298 2438 348 2467 19.
382 2436 390 2451 ‘
409 2435 512 2466 Nunc
540 2434 583 2465 de
610 2434 761 2466 secundo
789 2434 907 2465 ordine

202 2488 365 2522 dicamus,
393 2485 450 2527 qui
476 2486 509 2516 in
535 2484 618 2517 duas
642 2484 808 2516 dividitur
831 2495 908 2526 spe·

201 2539 283 2574 cies,
296 2537 428 2569 oscines
441 2541 476 2568 et
490 2536 601 2568 alites.
639 2536 777 2567 Illarum
794 2536 910 2576 generi

205 2593 327 2621 cantus
352 2588 433 2625 oris,
454 2587 506 2618 his
530 2586 728 2628 magnitudo
753 2584 910 2618 differen-

205 2640 286 2672 tiam
304 2637 425 2670 dedit.'
450 2638 532 2669 Dae.

247 2697 260 2718 Υ
285 2690 383 2722 Picus
397 2689 548 2725 Martius,
566 2687 792 2730 Feroniusque]
822 2688 911 2720 Fero·

206 2741 277 2774 nius
305 2752 324 2773 a
352 2741 499 2784 Feronia,
515 2746 553 2773 ut
578 2741 718 2773 Martius
744 2751 763 2773 a
789 2741 910 2773 Marte.

954 1712 1094 1746 Servius
1112 1711 1154 1744 ad
1171 1710 1267 1751 illud,
1290 1719 1374 1742 vul.
1392 1709 1525 1742 AEneid.
1550 1709 1558 1726 ‘
1576 1709 1666 1741 Nas-

957 1766 1049 1800 centi
1063 1766 1118 1798 cui
1139 1770 1209 1797 tres
1225 1765 1353 1796 animas
1369 1763 1515 1795 Feronia
1531 1762 1666 1795 mater.'

957 1819 968 1837 ‘
987 1817 1134 1850 Feronia
1149 1821 1271 1856 mater,
1288 1815 1436 1857 nympha
1458 1814 1668 1856 Campaniae.

958 1870 1045 1902 Haec
1074 1869 1177 1900 etiam
1206 1868 1405 1899 libertorum
1431 1867 1511 1898 Dea
1538 1870 1606 1904 est,
1633 1866 1667 1896 in

958 1921 1056 1963 cujus
1077 1920 1207 1961 templo
1232 1929 1308 1951 raso
1333 1918 1448 1960 capite
1466 1918 1594 1960 pileum
1612 1926 1668 1948 ac-

958 1972 1144 2013 cipiebant.
1189 1970 1294 2011 Cujus
1322 1969 1369 2000 rei
1393 1968 1495 2000 etiam
1521 1968 1667 2000 Plautus

958 2022 1045 2055 fecit
1081 2020 1286 2053 mentionem
1318 2020 1352 2051 in
1391 2018 1667 2059 Amphitruone:

959 2076 968 2094 ‘
988 2075 1087 2109 Quod
1114 2073 1244 2106 utinam
1267 2072 1323 2104 ille
1347 2071 1434 2103 faxit
1453 2071 1606 2112 Jupiter,
1629 2074 1669 2102 ut

961 2137 1038 2158 raso
1054 2125 1169 2166 capite
1186 2128 1321 2166 portem
1339 2121 1490 2164 pileum.’
1514 2122 1615 2154 Idem.

1003 2184 1016 2198 2
1040 2175 1172 2216 Oscum]
1195 2175 1367 2216 Supinitas
1382 2174 1561 2206 Veterum.
1606 2173 1670 2204 Le-

962 2239 1021 2271 ges
1051 2228 1158 2260 osciloe
1189 2225 1372 2258 manifesto
1397 2225 1498 2256 dictae
1526 2233 1588 2266 pro
1614 2225 1672 2255 ‹zd-

959 2281 1060 2319 scitae,
1082 2278 1191 2309 veteri
1214 2277 1397 2309 idiomate:
1423 2280 1473 2316 ut,
1499 2275 1508 2293 ‘
1525 2275 1646 2307 obesse
1664 2273 1672 2287 ⁹

961 2340 1024 2372 pro
1054 2329 1064 2346 ‘
1090 2327 1245 2360 adesse:’
1267 2329 1276 2346 ‘
1295 2326 1457 2369 obstare,’
1482 2328 1491 2345 ‘
1510 2325 1672 2368 adstare,'

961 2382 1052 2413 unde
1068 2379 1078 2398 ‘
1095 2378 1290 2412 obstetrix?
1337 2379 1426 2410 Vide
1440 2389 1544 2420 supra
1558 2387 1670 2410 exem-

963 2433 1019 2474 pla
1036 2432 1078 2463 de
1096 2430 1339 2472 praepositione
1358 2431 1433 2463 OB.
1480 2430 1599 2462 Oscitae
1618 2440 1671 2461 er-

964 2493 1018 2524 go,
1041 2482 1181 2522 obscitae,
1200 2482 1229 2512 B
1254 2481 1408 2512 interlisa
1433 2484 1499 2517 est,
1525 2485 1564 2513 ut
1593 2481 1670 2511 ‘os-

966 2535 1078 2566 tendit
1092 2534 1101 2547 '
1117 2543 1180 2575 pro
1205 2537 1214 2550 ¹
1231 2532 1432 2574 obstendit,'
1456 2538 1495 2564 ut
1511 2532 1674 2564 dicebant

965 2587 1126 2618 Veteres.
1183 2585 1284 2616 Oscus
1310 2585 1404 2626 prius
1432 2589 1507 2616 erat
1543 2583 1673 2614 Obscus.

966 2637 1104 2669 Obscitae
1116 2637 1208 2678 leges
1225 2635 1370 2668 adscitoe:
1392 2635 1541 2668 sciscere
1560 2636 1671 2676 legem

965 2688 1048 2730 quid
1075 2689 1130 2725 sit,
1157 2692 1193 2720 et
1221 2688 1318 2729 pueri
1345 2692 1482 2719 norunt.
1534 2687 1671 2719 Deinde

967 2741 1009 2773 de
1025 2740 1105 2771 oscis
1121 2744 1156 2772 et
1172 2740 1283 2781 opicis.-
1312 2740 1438 2781 Opz'cus,
1455 2736 1670 2779 ἇῤῥητοποιός.
