1835 2906
369 184 430 214 DE
465 179 733 212 VERBORUM
769 175 1179 207 SlGNlFlCATlONF.
1215 176 1307 206 [ΑΒ.
1343 176 1385 204 V.

157 278 313 328 Effata,
336 279 524 318 elocuta.

1517 163 1600 205 <2:313
1622 132 1628 135 ⁵

157 347 224 386 EG
236 344 347 386 ENSi
371 346 489 385 velut
510 356 687 396 cxgens,
710 341 779 383 cui
801 352 854 380 ne
877 351 982 391 gens
1002 336 1179 392 quidem
1205 338 1262 378 sit
1282 338 1466 391 reliqua.

155 413 325 466 Egeriae
341 411 355 434 ¹<
388 412 592 466 nymphas
624 408 930 451 sacrificabant
954 408 1243 459 praegnantes,
1265 405 1382 459 quod
1404 418 1500 446 eam
1522 417 1603 458 pu-

212 482 362 521 tabant
381 480 508 520 facile
530 480 790 530 conceptam
813 474 961 515 alvum
982 478 1188 526 egerere.4

156 548 344 600 Egretus
363 551 405 588 et
424 543 647 599 adgretus¹
679 557 737 584 ex
769 541 930 583 Graeco
962 544 1063 582 sunt
1088 540 1237 589 ducta,
1261 552 1288 580 a
1308 539 1539 592 surgendo,
1561 543 1605 580 et

212 614 553 669 proficiscendo.

212 684 344 735 gium.

623 611 752 653 Unde
793 615 835 651 et
873 609 1176 663 Nyctegresia,
1220 607 1349 661 quasi
1383 607 1604 647 noctisur-

155 749 451 791 EJURA'rlom
475 747 694 801 significat
714 746 771 795 id,
793 745 908 798 quod
931 744 1218 793 desideretur,
1240 756 1322 783 non
1342 754 1477 796 posse
1497 755 1606 794 prae·

213 818 334 858 stari.

396 817 607 858 Plautus:
631 814 819 867 ejuravit
839 813 1054 853 militiam.

157 886 501 933 ELAcAerNAf
540 895 675 936 genus
710 881 997 930 salsamenti,⁵
1034 878 1152 933 quod
1185 877 1440 931 appellatur
1475 875 1605 928 vulgo

213 953 482 994 malandrea.

158 1020 378 1061 Elaudare
395 1025 410 1041 ⁰
430 1020 544 1073 plus,
565 1030 697 1072 quam
720 1015 955 1056 nominare.

156 1087 381 1129 Elecebrae
396 1093 412 1117 Ρ
433 1086 682 1139 argentarias
704 1083 968 1132 meretrices,
992 1082 1048 1123 ab
1071 1079 1283 1122 eliciendo
1306 1083 1482 1131 argento
1513 1077 1606 1118 dic-

219 1160 288 1196 tae.

754 1215 892 1227 eeeeeee

897 1214 994 1226 ooooo

200 1301 219 1328 4
245 1295 442 1337 Legendum
460 1299 572 1325 monet
598 1294 681 1324 Dac.
693 1297 869 1334 conceptum
883 1295 951 1324 alvo
966 1293 1166 1331 egerere.—-5
1193 1289 1249 1322 Al.
1261 1287 1467 1323 calciamenti,
1484 1291 1517 1318 et
1532 1297 1607 1319 mox

157 1341 338 1371 melandria.
384 1340 471 1370 Dae.
490 1344 525 1369 et
540 1337 719 1378 Augustin.
736 1338 855 1377 legunt
869 1336 1056 1375 melandrya.

810 1439 952 1472 NOTAE

198 1518 206 1538 i
231 1517 351 1558 Egens]
377 1517 476 1548 Festo
493 1516 664 1548 consentit
689 1515 855 1555 Isidorus,

156 1570 210 1599 cni
236 1577 338 1608 egens
355 1567 478 1598 dicitur
502 1568 573 1598 sine
599 1574 699 1607 gente
727 1571 762 1597 et
782 1566 855 1596 sine

157 1628 293 1657 genere.
337 1617 404 1649 Sed
431 1618 546 1658 potius
571 1617 613 1648 ab
636 1626 721 1656 egeo,
749 1620 786 1646 ut
812 1615 854 1645 ab

154 1670 162 1686 ‘
180 1669 324 1709 indigeo'
339 1669 348 1685 ‘
362 1668 540 1709 indigens!
564 1669 663 1698 Idem.

197 1719 212 1739 Β
238 1720 378 1760 Egerioe]
396 1720 488 1759 Lege
503 1720 536 1749 in
554 1718 639 1749 fine:
667 1719 854 1757 Conceptum

156 1771 225 1800 alvo
240 1779 381 1808 egerere:
411 1769 535 1808 Egeria
551 1768 625 1799 haec
651 1768 787 1798 diversa
810 1767 855 1797 vi-

157 1819 259 1850 detur
275 1819 316 1849 ab
333 1819 457 1858 Egeria
481 1819 612 1849 Romuli
630 1828 736 1848 uxore
751 1828 760 1855 ;
784 1816 855 1851 fue-

157 1871 201 1900 rit
214 1869 326 1900 forsan
343 1870 415 1910 ipsa
426 1869 528 1909 Juno,
543 1869 585 1899 ab
596 1870 746 1907 egerenda
762 1867 855 1899 dicta

157 1921 288 1959 Egeria.
318 1921 442 1951 Tamen
460 1919 539 1950 nihil
558 1919 626 1950 tale
643 1919 675 1949 in
693 1918 856 1949 Veterum

157 1972 382 2002 monumentis
398 1980 451 2001 me
478 1971 598 2010 legisse
620 1969 768 2000 memini.
813 1969 855 2000 In

158 2022 276 2062 glossis
290 2021 412 2052 Isidori
425 2021 541 2060 Egeria
551 2021 735 2061 exponitur
748 2020 855 2061 noxia,

158 2073 248 2112 quod
275 2082 355 2103 sane
385 2081 451 2102 non
479 2071 751 2112 praetereundum
780 2069 857 2102 fuit.

158 2123 255 2154 Idem.

200 2172 370 2213 ¹Egretus
403 2176 433 2203 el
469 2171 635 2212 ‹tagi—etus]
703 2171 857 2202 Verbum

158 2224 319 2255 Graecum
349 2224 438 2265 quod
464 2224 587 2254 Festus
616 2223 778 2263 intelligit
802 2227 856 2254 est

159 2273 324 2314 ἐγείρομαι,
360 2284 473 2315 surgo.
539 2274 606 2305 Sed
650 2273 770 2304 falsum
801 2278 855 2304 est

161 2323 202 2354 ab
244 2334 283 2354 eo
327 2334 401 2355 esse
439 2328 577 2363 egrettas
612 2329 647 2355 et
677 2325 852 2363 aclgrettus,

159 2384 232 2415 quae
249 2383 268 2405 a
288 2374 429 2415 gradior,
448 2379 483 2405 et
508 2375 751 2414 praepositione
768 2385 784 2406 e
801 2375 854 2405 vel

159 2426 211 2456 ad.
256 2425 311 2455 De
337 2424 534 2464 nyctegresz'a
562 2424 699 2465 quidem
725 2435 853 2465 verum,

160 2478 367 2518 transposita
390 2477 490 2508 litera
509 2488 538 2516 p,
562 2486 622 2517 pro
643 2478 852 2517 nyctegersia.

160 2527 268 2560 Idem.

203 2583 226 2598 m
248 2577 409 2617 Ejuratio]
432 2578 493 2608 Est
514 2576 693 2615 recusatio,
708 2586 781 2606 vum
799 2585 855 2607 ne-

163 2638 279 2669 gamus
295 2638 334 2659 ea
358 2633 533 2669 praestare‚
550 2636 623 2667 quae
651 2636 669 2656 a
686 2626 782 2656 nobis
800 2636 856 2665 pe-

164 2682 291 2710 tuntur.
316 2678 371 2708 Sic
385 2677 550 2718 ‘ejuravit
569 2675 747 2713 militiam,'
763 2676 783 2707 i.
801 2676 860 2706 mi-

165 2729 271 2761 litiam
303 2729 484 2760 recusavit.
528 2727 691 2768 ‘Ejurare
725 2725 859 2768 sorum‚'

910 1513 1166 1555 ‘provinciam‚’
1195 1513 1329 1544 Cicero.
1376 1510 1430 1541 Sic
1459 1509 1608 1549 ‘ejurare

911 1566 1033 1597 bonam
1051 1564 1196 1606 copiam’
1222 1563 1402 1594 dicebatur
1426 1561 1466 1600 is,
1489 1559 1610 1599 quiju-

911 1616 1091 1657 rejurando
1120 1613 1309 1645 affirmabat
1326 1622 1361 1643 se
1380 1612 1414 1641 iu
1430 1610 1526 1641 bonis
1543 1618 1608 1639 non

910 1668 1045 1707 habere,
1074 1667 1165 1698 unde
1197 1675 1243 1695 aes
1269 1664 1413 1694 alienum
1450 1661 1607 1691 solveret.

911 1719 980 1750 Cic.
999 1720 1063 1758 Ep.
1079 1717 1159 1748 fam.
1191 1717 1199 1733 ‘
1216 1716 1265 1745 Tu
1286 1714 1375 1755 quod
1393 1713 1470 1743 mihi
1487 1711 1608 1742 bonam

906 1770 1039 1809 copiam
1056 1768 1176 1807 ejures,
1193 1765 1272 1796 nihil
1290 1763 1366 1795 est.'
1391 1763 1487 1794 Idem.

949 1824 965 1839 ¹¹
988 1816 1174 1856 Elacatena]
1205 1815 1296 1846 Plin.
1315 1814 1374 1844 lib.
1392 1821 1516 1843 xxxn.
1534 1821 1610 1851 cap.

908 1870 970 1901 ult.
1007 1869 1223 1899 helacatenes
1249 1864 1351 1905 piscis
1381 1871 1503 1893 nornen
1535 1871 1610 1892 esse

909 1920 967 1951 ait.
992 1920 1047 1950 De
1063 1917 1243 1956 melandrya
1260 1924 1340 1945 vero
1358 1913 1468 1944 Varro
1484 1911 1541 1943 lib.
1558 1920 1609 1941 lv.

907 1969 952 2001 de
979 1969 1076 2009 Ling.
1102 1968 1176 1998 Lat.
1199 1966 1289 1997 Plin.
1311 1964 1368 1995 lib.
1391 1973 1445 1995 lx.
1466 1972 1540 2003 cap.
1560 1964 1610 1992 15.

909 2019 1035 2051 Athen.
1053 2019 1110 2050 lib.
1123 2027 1178 2049 ιιι.
1195 2026 1271 2057 cap.
1288 2018 1340 2046 20.
1364 2014 1444 2045 Ant.
1460 2013 1545 2052 Aug.

955 2067 1143 2107 Elacatena]
1179 2067 1332 2100 Elacate,
1362 2070 1397 2094 et
1426 2064 1611 2093 Elacatena

911 2120 1015 2161 piscis
1042 2129 1084 2150 ex
1108 2119 1324 2149 Thunnorum
1351 2123 1489 2155 genere,
1518 2112 1611 2143 saliri

910 2171 1042 2205 solitus,
1064 2169 1154 2200 unde
1180 2168 1302 2198 Festus
1325 2163 1465 2204 exponit
1488 2167 1496 2179 ‘
1511 2163 1613 2193 salsa-

910 2222 1019 2253 menti
1039 2219 1168 2262 genus.'
1191 2218 1377 2249 Athenaeus
1402 2215 1424 2245 l.
1445 2222 1510 2244 vu.
1532 2213 1611 2249 ἠλα-

909 2273 1039 2309 κατῆνες
1054 2271 1141 2311 ἰχθῦς
1155 2268 1313 2306 κητώδεις,
1329 2266 1492 2302 ἐπιτηδεῖοι
1502 2262 1544 2294 εἷς
1555 2275 1610 2293 τα-

908 2321 1038 2363 ριχείαν.
1075 2322 1144 2353 Le.
1156 2321 1164 2336 ‘
1179 2319 1374 2350 Elacatenae
1392 2314 1503 2355 pisces
1519 2318 1610 2344 ceta-

909 2373 971 2408 cei,
983 2372 1023 2403 ad
1034 2372 1197 2402 salsuram
1212 2366 1309 2408 apti!
1321 2365 1431 2405 Vulgo
1445 2368 1610 2395 vocantur

907 2423 1079 2457 melandrz'a
1092 2434 1101 2452 .-
1126 2421 1192 2459 leg.
1207 2418 1386 2457 melandrya
1401 2426 1411 2446 .·
1433 2414 1611 2455 μηλάνδρυα

909 2477 1032 2507 Graece
1047 2473 1265 2513 pulpamenta
1275 2468 1503 2508 Thynnorum.
1527 2467 1611 2497 Dac.

951 2533 964 2547 ⁰
992 2522 1161 2562 Elaudare]
1187 2519 1565 2559 Laudarefflominare:
1593 2528 1609 2547 e

909 2581 962 2608 est
978 2573 1195 2606 intensivum.
1238 2570 1293 2601 Sic
1322 2574 1330 2587 ‘
1345 2567 1491 2600 emirari'
1506 2568 1612 2607 majus

912 2632 964 2658 est
980 2634 1076 2666 quam
1092 2624 1101 2640 ‘
1114 2620 1249 2653 mirari.'
1275 2619 1397 2651 Horat.
1421 2620 1429 2635 ‘
1444 2616 1609 2648 Emirabi-

913 2682 968 2708 tur
983 2672 1153 2706 insolens!
1183 2671 1251 2703 Ubi
1268 2670 1345 2700 olim
1364 2669 1471 2709 plura.
1497 2667 1595 2697 Idem.

957 2732 972 2753 Ρ
997 2722 1166 2763 Elecebrae]
1201 2720 1342 2752 Plautus
1366 2716 1612 2750 Menaechmis:
