1835 2906
700 170 808 210 QUAE
844 170 1063 200 Ex'rAN‘r.
1548 161 1596 201 21

161 271 264 312 dam
296 269 421 310 nucis
444 267 680 322 juglandis,
713 280 844 320 quam
876 266 1056 307 Verrius
1080 265 1331 320 juglandam
1351 270 1492 315 vocat,
1514 279 1603 307 me-

161 339 294 388 dium,
316 337 438 379 velut
458 335 833 389 dissepimentum,
854 336 931 375 Sec.

218 405 401 454 Occare,
421 410 466 445 et
487 409 734 446 occatorem
754 402 937 443 Verrius
958 406 1087 456 putat
1107 401 1271 442 dictum
1295 402 1349 441 ab
1379 401 1606 442 occaeden-

161 474 235 525 do,
258 473 375 527 quod
396 472 541 514 caedat
574 471 747 525 grandis
781 471 937 524 globos
964 474 1112 511 terrae:
1145 482 1242 510 cum
1268 469 1425 510 Cicero
1446 482 1584 510 venus

159 542 327 584 tissime
349 540 469 582 dicat
490 541 544 581 ab
563 538 831 581 occaecando
849 538 993 591 fruges
1010 542 1145 579 satas.

219 609 382 651 Orcum
413 621 542 662 quem
575 608 777 658 dicimus,
810 607 873 649 ait
900 606 1085 647 Verrius
1108 607 1165 647 ab
1197 604 1408 660 Antiquis
1439 605 1606 648 dictum

161 691 355 731 uragum,
376 679 454 718 διο.
477 676 553 717 sed
577 676 681 718 nihil
703 675 822 717 affert
842 675 1157 728 exemplorum,
1185 677 1265 716 διο.

219 745 380 795 Oscos,
400 758 512 800 quos
544 744 747 794 dicimus,
781 745 844 785 ait
876 743 1064 785 Verrius
1094 742 1271 797 Opscos
1305 746 1432 784 antea
1464 742 1605 784 dictos

161 818 271 855 teste
294 814 450 863 Ennio,
473 826 573 855 cum
595 812 714 854 dicat
731 826 741 854 t
776 816 786 834 ‘
803 813 873 854 De
892 811 1026 852 muris
1042 824 1110 852 res
1127 811 1236 863 gerit
1253 809 1455 864 Opscus.'
1516 810 1608 852 Ad-

155 882 257 936 jicit
289 883 434 933 etiam,
466 882 583 936 quod
617 886 767 936 stupra
795 881 1067 922 inconcessae
1098 879 1294 920 libidinis
1324 880 1520 920 obscena
1543 879 1608 920 di-

162 954 314 991 cantur
334 951 389 992 ab
419 950 516 1004 ejus
544 951 686 1004 gentis
709 949 1027 992 consuetudine
1049 949 1240 990 inducta.
1304 947 1438 998 Quod
1459 960 1608 989 verum

160 1030 260 1059 esse
280 1031 366 1059 non
387 1018 498 1059 satis
520 1018 728 1070 adducor,
749 1021 828 1059 &a

218 1087 388 1127 Pedum
421 1091 490 1128 est
522 1087 697 1140 quidem
733 1087 939 1128 baculum
974 1087 1217 1135 incurvum,
1244 1087 1323 1126 &c-
1384 1083 1472 1124 Sed
1493 1084 1607 1125 ineo

159 1166 304 1203 versu,
325 1154 398 1208 qui
420 1158 487 1195 est
507 1154 550 1194 in
572 1155 800 1208 Iphigenia
821 1155 963 1204 Ennii,
986 1154 1199 1204 Procede,
1223 1152 1399 1206 gradum
1417 1151 1609 1205 proferre

160 1221 339 1274 pedum,
361 1222 523 1263 nitere:
558 1224 740 1263 cessas?
776 1223 820 1264 id
856 1225 1003 1276 ipsum
1029 1221 1225 1275 jaculum
1253 1220 1491 1274 significari
1511 1232 1610 1260 cum

159 1289 219 1329 ait
237 1287 438 1339 Verrius,
460 1290 607 1331 mirari
627 1292 735 1332 satis
755 1305 841 1332 non
862 1304 1058 1345 possum,
1079 1292 1159 1331 Sto.

218 1356 527 1398 Percunctatio
554 1370 634 1412 pro
655 1359 991 1412 interrogatione
1021 1358 1140 1398 dicta
1159 1357 1333 1399 videtur
1354 1370 1409 1398 ex
1429 1354 1610 1396 nautico

160 1438 257 1474 usu,
276 1428 353 1466 &a
395 1426 451 1465 ob
493 1439 625 1479 quam
655 1439 834 1467 causam
874 1427 936 1467 ait
975 1425 1156 1467 Verrius
1196 1425 1328 1465 etiam
1368 1423 1610 1465 secundam

160 1493 375 1546 syllabam
416 1506 492 1546 per
532 1493 570 1534 O
611 1495 752 1536 solere
782 1495 932 1536 scribi.
995 1494 1107 1535 Mihi
1143 1494 1187 1535 id
1217 1493 1379 1534 falsum
1420 1491 1609 1539 videtur,

161 1563 240 1602 &c.

218 1630 341 1671 Piari
372 1643 467 1680 eos,
499 1631 631 1672 veluti
665 1632 839 1686 proprio
871 1631 1004 1672 verbo
1036 1631 1101 1671 ait
1121 1630 1321 1680 Verrius,
1353 1628 1429 1683 qui
1460 1640 1610 1681 parum

163 1698 249 1739 sint
265 1699 457 1748 animati,
479 1700 557 1739 Sto.

220 1766 372 1807 Pictor
388 1766 548 1807 Zeusis
570 1766 658 1806 risu
680 1771 893 1816 mortuus,
916 1765 1018 1805 dum
1039 1765 1151 1806 ridet
1171 1764 1306 1805 effuse
1327 1764 1493 1817 pictam
1515 1775 1542 1803 a
1564 1775 1610 1804 se

164 1845 294 1873 anum
324 1836 456 1887 γραῦν.
515 1832 606 1873 Cur
639 1833 723 1874 hoc
753 1833 851 1874 loco
884 1834 1061 1874 relatum
1096 1834 1153 1874 sit
1187 1845 1214 1873 a
1240 1831 1412 1881 Verrio,
1435 1843 1536 1872 cum
1558 1830 1612 1870 de

164 1900 409 1953 significatu
445 1901 677 1942 verborum
707 1902 894 1942 scribere
926 1902 1204 1955 propositum
1238 1899 1457 1948 habuerit,
1491 1897 1613 1950 equi-—

162 1967 258 2008 dem
279 1981 366 2008 non
389 1967 532 2017 video,
549 1970 625 2009 διο.

218 2034 395 2076 Praedia
417 2048 564 2076 rursus
585 2035 767 2077 Verrius
790 2036 937 2078 vocari
968 2037 1031 2077 ait
1061 2050 1112 2077 ea
1142 2035 1353 2084 remedia,
1383 2047 1482 2088 quae
1506 2033 1612 2075 data

163 2102 363 2154 Caecilia,
383 2105 463 2144 διο.
485 2116 540 2144 ca
560 2105 711 2145 vocari
734 2105 811 2155 ait,
834 2105 951 2158 quod
972 2106 1090 2146 mala
1110 2104 1381 2158 prohibeant.

219 2170 534 2223 Praerogativae
555 2173 762 2213 centuriae
784 2172 997 2222 dicuntur,
1014 2175 1091 2213 &c.
1141 2171 1323 2212 Verrius
1339 2168 1611 2224 probabilius

154 2238 330 2291 judicat
350 2252 459 2287 esse,
473 2247 522 2280 ut
543 2252 640 2280 cum
661 2245 812 2281 essent
832 2241 1052 2293 designati
1073 2253 1098 2281 a
1118 2237 1435 2294 praerogativis,
1458 2236 1501 2276 in
1524 2248 1612 2277 ser-

163 2319 331 2347 monem
354 2320 421 2348 res
441 2307 622 2353 veniret,
643 2309 721 2348 &a

220 2373 476 2423 Profanum,
509 2375 628 2428 quod
653 2388 741 2416 non
773 2379 837 2416 est
857 2375 1019 2424 fanum,
1050 2376 1129 2415 διο.
1150 2377 1199 2414 ut
1217 2373 1418 2422 Verrius,
1438 2374 1514 2413 διο.
1539 2384 1612 2412 cu-

156 2440 234 2494 jus
271 2441 523 2493 opinionem
555 2456 699 2496 neque
732 2443 774 2483 in
806 2444 906 2493 hoc,
942 2455 1082 2496 neque
1112 2442 1155 2482 in
1185 2441 1287 2482 aliis
1313 2439 1611 2493 compluribus

161 2508 352 2550 refutare
375 2509 551 2550 minime
581 2523 761 2551 necesse
793 2516 888 2552 este
921 2524 1019 2551 cum
1048 2509 1326 2563 propositum
1345 2507 1531 2549 habeam
1553 2519 1611 2547 ex

150 2580 286 2617 ‘tanto
320 2576 531 2617 librorum
568 2577 662 2632 ejus
701 2592 877 2619 numero
913 2579 1197 2619 intermortua
1231 2577 1322 2631 jam
1358 2581 1404 2616 et
1438 2575 1611 2628 sepulta

162 2645 312 2694 verba,
343 2650 477 2698 atque
497 2645 598 2698 ipso
619 2658 739 2699 saepe
760 2646 1025 2687 confitenten
1056 2645 1190 2686 ullius
1221 2656 1326 2684 usus
1348 2647 1483 2695 atque
1506 2655 1612 2683 auc-

164 2711 364 2760 totitatis,
386 2713 609 2764 praeterire
627 2726 637 2753 :
670 2716 715 2754 et
734 2713 904 2766 reliqua
921 2725 1052 2766 quam
1072 2712 1330 2753 brevissime
1351 2710 1547 2763 redigere
1569 2711 1611 2750 in

164 2778 302 2819 libros
325 2778 558 2820 admodum
581 2793 764 2834 paucos
828 2781 894 2822 Ea
916 2785 1071 2831 autem,
1092 2781 1144 2821 de
1162 2780 1321 2833 quibus
1337 2777 1549 2818 dissentio
1569 2782 1611 2817 et
