1835 2906
698 166 808 206 QUAE
843 165 1064 196 EXTAN-T.
1550 154 1606 196 23

212 268 408 308 Senonas
446 264 601 306 Gallos
643 262 825 304 Verrius
864 261 926 303 ait
956 260 1199 302 existimari
1240 260 1465 313 appellari,
1500 263 1604 315 quia

155 335 258 375 novi
280 333 492 383 venerint,
514 335 592 373 &a

210 402 370 442 Serilla
391 401 573 441 Verrius
596 399 814 453 appellari
834 402 962 452 putat
992 396 1167 449 navigia
1202 395 1376 446 Istrica‚
1405 398 1484 437 &c.
1507 408 1603 436 cum

153 472 469 523 περιφραστικῶς,
492 473 535 508 et
556 467 659 507 ficto
681 466 897 506 vocabulo
917 478 1024 506 usus
1046 465 1120 513 sit,
1143 465 1222 504 &a

209 538 427 578 Sertorem
452 534 628 589 quidam
650 537 810 587 putant
832 532 996 573 dictum
1019 545 1046 572 a
1067 529 1341 585 prendendo,
1369 533 1448 571 διο.
1483 530 1602 584 quod

150 609 286 646 totum
307 603 487 645 Verrius
507 601 687 648 ἀπιθάνως
704 600 968 641 introduxit.

209 672 486 713 Silicernium
504 670 685 711 Verrius
706 669 946 717 existimat,
967 669 1049 708 &c.

209 740 355 789 Solea,
388 743 432 779 ut
458 739 520 779 ait
547 737 749 787 Verrius,
772 741 839 777 est
860 749 945 776 non
967 734 1108 776 solum
1138 746 1206 783 ea,
1239 745 1335 786 quae
1359 732 1456 773 solo
1477 732 1602 786 pedis

152 807 395 860 subjicitur,
417 806 495 847 sed
516 807 650 847 etiam
672 819 750 859 pro
771 805 955 845 materia
975 803 1172 851 robusta,
1195 803 1275 842 διο.

209 875 361 915 Solida
381 875 502 924 sella,
526 876 603 915 8ῑο.
626 871 911 927 appellabant,
934 871 1077 925 inquit
1098 869 1295 919 Verrius,
1317 867 1432 922 quod
1453 865 1603 908 scilicet

153 948 237 982 tota
261 950 372 992 esset,
391 942 584 984 absurde
608 947 658 982 ut
679 940 785 981 mihi
804 939 988 989 videtur,
1005 940 1085 979 δίο.

209 1010 315 1050 Sola
338 1011 612 1063 appellantur
644 1007 817 1057 sedilia,
842 1010 921 1048 διο.
944 1020 1060 1061 quae,
1082 1009 1129 1046 ut
1149 1004 1213 1045 ait
1234 1003 1432 1053 Verrius,
1455 1004 1602 1045 omnia

153 1077 272 1118 dicta
293 1082 393 1118 sunt
411 1091 437 1118 a
460 1077 589 1125 sollo,
611 1079 689 1117 Sec.

207 1144 434 1197 Spondere
458 1143 640 1185 Verrius
662 1148 787 1198 putat
806 1143 988 1193 dictum,
1023 1141 1141 1196 quod
1165 1143 1324 1194 sponte
1347 1153 1444 1188 sua,
1466 1138 1511 1179 id
1537 1142 1601 1179 est

149 1211 388 1263 voluntate,
402 1212 690 1266 promittatur.
727 1211 898 1252 Deinde
913 1211 1076 1251 oblitus
1089 1208 1288 1250 inferiore
1303 1208 1450 1261 capite
1466 1219 1603 1260 spon-

149 1291 242 1319 sum
265 1284 308 1320 et
328 1293 535 1333 sponsam
558 1293 614 1320 ex
637 1280 797 1321 Graeco
822 1279 987 1319 dictam
1009 1278 1087 1328 ait,
1109 1279 1186 1318 διο.

204 1347 456 1388 Stellionem
473 1361 597 1402 genus
615 1345 773 1387 lacerta:
790 1345 969 1386 Verrius
989 1345 1151 1386 dictum
1171 1341 1248 1392 ait,
1270 1344 1349 1383 διο.

206 1415 452 1468 Stipatores
476 1416 536 1456 ait
557 1415 700 1456 dictos
723 1428 749 1455 a
772 1414 906 1467 stipe,
927 1415 1006 1454 &c-

205 1481 423 1523 Suburam
452 1482 634 1523 Verrius
673 1483 761 1524 alio
792 1482 904 1522 libro
935 1495 961 1522 a
989 1493 1106 1535 pago
1140 1478 1404 1520 Succusano
1435 1477 1598 1518 dictam

148 1551 234 1591 ait:
266 1551 350 1593 hoc
373 1566 475 1593 vero
495 1553 685 1593 maxime
706 1551 865 1606 probat
887 1564 1037 1592 eorum
1061 1548 1339 1596 auctoritate,
1361 1549 1442 1588 &c.

204 1620 584 1674 Supervacaneum
601 1627 644 1660 uc
668 1619 831 1660 videtur
845 1619 1024 1661 secludit
1044 1617 1226 1658 Verrius
1245 1614 1297 1655 ab
1317 1628 1458 1664 υαειιο,
1478 1616 1555 1654 &c.

203 1687 380 1729 Taenias
410 1688 616 1731 Graecam
649 1702 801 1729 vocem
835 1689 898 1729 sic
926 1688 1230 1740 interpretatur
1250 1682 1447 1732 Verrius,
1467 1686 1513 1722 ut
1533 1681 1597 1722 di-

149 1758 219 1795 cat
239 1760 536 1796 ornamentum
554 1769 648 1795 esse
668 1756 838 1795 laneum
860 1754 1021 1807 capitis
1039 1751 1253 1801 honorati,
1276 1753 1355 1791 &a

205 1822 403 1862 Talionis
433 1824 697 1863 mentionem
734 1822 825 1864 fieri
858 1824 900 1863 in
937 1820 1172 1862 duodecim
1205 1818 1267 1859 ait
1288 1815 1487 1867 Verrius,
1519 1819 1596 1858 διο.

147 1902 290 1942 neque
310 1889 370 1938 id,
388 1890 493 1942 quid
515 1890 730 1942 significet
746 1890 926 1939 indicat,
949 1893 1056 1943 puto
1076 1887 1182 1942 quia
1197 1889 1344 1927 notum
1362 1890 1444 1935 est,
1459 1888 1538 1926 διο.

203 1957 407 1997 Taminia
430 1970 516 1997 uva
537 1958 765 2011 sylvestris
786 1958 952 2011 generis
970 1956 1139 1998 videtur
1155 1954 1313 1995 Verrio
1336 1953 1471 2002 dicta,
1495 1966 1594 2006 quae

146 2029 231 2065 tam
255 2025 364 2065 mira
385 2025 443 2065 sit
464 2039 596 2078 quam
617 2027 812 2067 minium.

201 2092 454 2146 Tarquitias
485 2095 643 2143 scalas,
666 2096 744 2135 &a
776 2094 1028 2148 appellatas
1059 2103 1156 2132 esse
1189 2090 1250 2131 ait
1278 2090 1409 2142 vulgo
1438 2088 1593 2128 existi-

88 2174 94 2182 *-
150 2160 260 2201 mari
281 2160 482 2201 Verrius.

200 2227 430 2268 Tartarino
453 2240 551 2268 cum
567 2227 681 2269 dixit
703 2228 885 2277 Ennius,
906 2226 1123 2268 horrendo
1146 2230 1191 2266 et
1209 2223 1391 2265 terribili
1408 2221 1592 2263 Verrius

146 2295 240 2336 vult
258 2296 415 2349 accipi,
438 2309 465 2336 a
483 2295 687 2346 Tartaro,
715 2297 791 2349 qui
812 2296 940 2336 locus
962 2294 1077 2349 apud
1102 2293 1274 2334 inferos.

201 2363 513 2415 Tentipellium
534 2362 735 2404 Artorius
752 2367 878 2418 putat
894 2377 993 2404 esse
1015 2362 1368 2407 calciamentum,
1390 2360 1467 2398 διο.
1515 2356 1591 2397 Ti-

144 2430 298 2470 tinium
332 2430 392 2470 ait
413 2430 593 2472 Verrius
625 2432 881 2473 existimare
914 2431 959 2473 id
988 2430 1358 2472 medicamentum
1380 2438 1490 2475 esse,
1511 2426 1589 2465 &c.

144 2511 243 2538 cum
264 2497 338 2537 ille
354 2502 532 2552 τροπικῶς
553 2499 727 2541 dixerit.

197 2563 439 2605 Tonsillam
460 2577 560 2605 esse
583 2565 764 2607 Verrius
787 2567 850 2606 ait
872 2565 1021 2619 palum
1042 2563 1252 2610 dolatum,
1266 2563 1345 2602 &c.

199 2631 458 2672 Tumultum
481 2632 568 2672 dici
591 2633 652 2673 ait
671 2633 865 2683 Verrius,
888 2634 962 2685 qui
984 2633 1039 2673 ab
1060 2631 1157 2673 aliis
1179 2630 1354 2679 oriatur,
1378 2640 1509 2680 quam
1532 2627 1587 2668 ab

146 2698 329 2749 Italicis,
354 2703 396 2739 ct
419 2699 605 2740 Gallicis
626 2700 842 2750 hostibus,
865 2703 941 2739 &c.
