1835 2906
199 118 283 159 136
637 129 783 160 sssx'rt
822 129 1023 160 POMPEH
1059 128 1196 160 FESTI

201 222 491 277 Capidulum¹
514 236 648 277 genus
670 226 933 276 vestimenti,
956 238 1042 279 quo
1066 228 1200 278 caput
1221 225 1459 277 tegebatur.

201 290 508 344 Capillatamm
532 293 600 334 vel
623 294 874 346 capillarem
896 294 1094 334 arborem
1125 292 1346 342 dicebant,
1376 294 1418 333 in
1449 304 1538 345 qua
1568 304 1641 333 ca-

256 358 410 411 pillum
432 364 603 400 tonsum
625 361 971 413 suspendebant.

203 424 373 479 Capis,¹³
407 427 560 480 poculi
580 440 731 479 genus,
751 428 914 469 dictum
938 441 964 468 a
985 427 1213 481 capiendo.

203 493 366 547 Capita
387 493 584 535 Deorum
598 499 613 516 ⁰
641 495 980 548 appellabantur
997 494 1200 535 fasciculi
1223 493 1331 534 facti
1350 492 1404 533 de
1425 493 1643 535 verbeniS.

204 558 380 614 Capital
396 567 412 592 7
432 562 617 612 facinus,
632 568 648 592 P
670 562 792 616 quod
814 563 972 616 capitis
993 575 1127 615 poena
1142 560 1287 601 luitur.
1348 559 1544 613 Capital,
1560 560 1642 599 lin-

259 632 403 668 teumq
425 628 661 682 quoddam,
683 642 770 682 quo
793 629 837 669 in
861 628 1089 670 sacrificiis
1111 629 1362 669 utebantur.

203 694 419 748 Capitalis
436 699 448 715 s
469 695 611 744 lucus,
632 696 708 736 ubi
729 697 766 736 si
788 696 892 749 quid
914 696 1123 736 violatum
1137 699 1219 745 est,
1234 693 1398 748 caput8
1421 693 1644 736 violatoris

264 762 476 815 expiatur.

812 837 1048 850 “tomeneo

246 929 265 956 7
291 925 358 957 Alii
376 927 594 967 &mitialem—S
611 927 705 959 vett.
719 926 796 959 edd.
813 928 923 968 capite.
968 926 1048 958 Vid.
1064 926 1145 958 Not.
1162 925 1222 957 inf.

857 1045 997 1079 NOTAE

207 1120 236 1151 A
253 1130 428 1161 caprorum
446 1122 613 1154 frontibus
632 1123 764 1164 crispis,
788 1124 900 1164 potius

206 1181 225 1200 a
248 1172 459 1213 caprinorum
484 1183 645 1204 cornuum
670 1174 899 1206 similitudine.

206 1221 306 1253 Varr.
324 1221 356 1252 in
368 1223 543 1254 Eumenid.
576 1229 584 1241 ‘
600 1224 784 1256 Quintium
801 1234 899 1264 cape-

208 1277 315 1302 ratam
339 1277 430 1303 tuam
454 1272 609 1309 frontem,
626 1274 785 1309 Strobile,
803 1275 900 1306 omit-

209 1321 274 1352 tis.'
293 1322 390 1354 Idem.

252 1372 468 1413 'Capidulum]
481 1373 591 1405 Gloss.
604 1374 612 1389 ‘
623 1373 815 1414 capidulum
830 1383 901 1406 ves-

209 1424 386 1454 timentum
404 1425 550 1464 capitis.'
572 1425 669 1456 Idem.

251 1480 272 1494 ¹¹¹
292 1476 494 1515 Capillalam]
522 1476 753 1516 supplendum
775 1486 817 1507 ex
836 1477 902 1508 Pli-

209 1524 265 1554 nio
283 1524 322 1554 de
341 1526 534 1556 Vestalibus
559 1526 644 1557 libro
660 1535 735 1558 xri.
752 1536 825 1568 cap.
850 1530 902 1558 44.

208 1575 276 1605 dos.
292 1574 374 1606 Saul.

256 1625 459 1666 Capillatum]
476 1626 638 1661 Juvenes,
657 1627 817 1667 capillum
833 1627 906 1658 Diis

210 1683 465 1715 consecrantes,
495 1686 569 1708 eum
602 1678 655 1708 vel
685 1678 819 1718 templis
853 1678 905 1708 vel

210 1725 386 1757 arboribus
411 1728 675 1767 suspendebant.
721 1728 777 1759 Sic
800 1728 904 1759 Bere-

210 1776 284 1807 nice
303 1778 429 1807 crinem
446 1787 541 1808 suum
559 1779 591 1808 in
610 1779 750 1809 Veneris
778 1780 904 1819 templo

213 1826 338 1865 posuit,
352 1832 388 1857 et
410 1827 567 1858 Vestales
590 1833 772 1869 antequam
790 1829 821 1859 in
839 1829 904 1860 col-

212 1876 335 1916 legium
348 1883 565 1908 sacrarentur
581 1877 762 1914 detonsum
779 1879 905 1910 crinem

214 1926 256 1957 ad
274 1931 399 1958 certam
417 1927 570 1958 arborem
593 1927 807 1968 deferebant,
832 1939 906 1969 quae

212 1977 290 2008 ideo
312 1978 457 2017 capillata
474 1979 526 2009 vel
548 1979 706 2018 capularis
728 1979 839 2009 dicta:
865 1980 906 2010 de

214 2037 279 2068 qua
294 2027 383 2060 Plin.
400 2029 457 2060 lib.
476 2037 523 2059 vr.
539 2038 612 2069 cap.
629 2031 682 2058 44.
705 2030 713 2044 ‘
726 2029 908 2069 Antiquior

213 2079 270 2109 illa
286 2084 338 2110 est
355 2079 469 2118 notos,
486 2080 544 2110 sed
570 2080 698 2110 incerta
715 2079 785 2118 ejus
811 2084 907 2114 aetas,

215 2138 287 2168 quae
313 2129 472 2168 capillata
496 2129 634 2168 dicitur,
653 2129 807 2169 quoniam
825 2129 908 2159 Ves-

214 2178 330 2209 talium
347 2179 523 2218 Virginum
539 2180 681 2219 capillus
705 2179 746 2210 ad
763 2188 836 2213 eam
853 2178 909 2209 de-

215 2228 346 2260 fertur!
392 2230 514 2270 Neque
539 2230 611 2260 Diis
639 2234 767 2261 tantum
799 2239 910 2260 comas

216 2287 292 2309 suas
306 2279 448 2310 Veteres
461 2279 718 2320 consecrabant,
732 2280 790 2310 sed
809 2279 911 2310 fiumi-

218 2328 316 2358 nibus
336 2330 450 2367 etiam,
474 2330 643 2361 interdum
668 2335 703 2361 et
720 2330 848 2365 amicis,
873 2336 910 2361 ut

218 2378 250 2408 in
268 2378 377 2408 insula
401 2380 490 2410 Delo
508 2385 656 2411 testatur
669 2381 909 2412 Callimachus:

211 2429 302 2459 '‘H-rot
316 2429 467 2465 Δηλιάδες
490 2430 557 2468 μὲν,
576 2430 622 2461 ὅτ’
645 2430 760 2470 εὐῆχης
776 2429 912 2470 ὑμέναιος

212 2480 308 2510 ’‘l-losa
319 2478 450 2519 κουράων
461 2480 682 2521 μορμύσσεται,
692 2482 785 2519 ἥλικα
800 2481 912 2521 χαίτην

220 2529 410 2570 Παρθενικαῖ,
435 2531 542 2561 παῖδες
567 2531 598 2561 δὲ
624 2531 706 2571 θέρος
734 2532 772 2562 τὸ
794 2534 912 2572 πρῶτον

221 2579 312 2619 ἶούλῳ
335 2580 482 2619 ’Άρσενες
524 2581 667 2616 ἠϊθέοισιν
704 2583 913 2622 ἀπαρχόμενοι

220 2630 391 2669 φορέουσιν.
437 2631 546 2663 Quem
563 2631 671 2662 locum
691 2634 741 2663 vel
769 2634 915 2664 levicula

221 2682 344 2713 menda
369 2681 456 2713 male
483 2680 662 2714 deformat.
722 2684 915 2724 Legendum

954 1122 1155 1161 παρθενικαῖς.
1188 1117 1339 1157 Δηλιάδες
1353 1117 1556 1157 παρθενικαῖς.
1580 1117 1649 1146 παῖ-

954 1174 1003 1204 δες
1017 1171 1050 1203 δὲ
1066 1171 1190 1211 ἄρσενες
1204 1169 1358 1207 ὴϊθέοισιν.
1382 1169 1469 1200 Nam
1484 1167 1521 1198 τὸ
1537 1165 1649 1203 Δηλιά-

955 1224 1015 1260 δες,
1030 1220 1204 1261 παρθενικαὶ
1228 1217 1497 1260 comprehendit.
1543 1218 1586 1247 Et
1602 1217 1652 1246 ita

955 1273 1033 1303 olim
1046 1272 1167 1312 legisse
1182 1270 1316 1302 videtur
1329 1269 1548 1302 Scholiastes,
1558 1267 1652 1312 cujus

956 1323 1059 1354 verba
1071 1333 1079 1353 ζ
1096 1320 1286 1361 παρθενικαὶ,
1298 1319 1359 1350 ἀπὺ
1368 1319 1470 1350 κοινοῦ
1481 1318 1517 1348 τὸ
1527 1317 1652 1356 φορέου·

956 1385 1015 1404 σιν.
1039 1373 1098 1404 Ait
1109 1371 1332 1404 Callimachus
1344 1382 1349 1399 τ
1363 1372 1370 1387 ‘
1383 1369 1518 1401 Etenim
1535 1368 1652 1399 Delia-

957 1424 1029 1462 des,
1040 1421 1173 1464 quando
1186 1431 1325 1452 sonorus
1335 1421 1531 1460 hymenaeus
1543 1427 1653 1449 mores

959 1474 1144 1514 puellarum
1162 1477 1280 1511 terret,
1304 1475 1498 1502 coaetaneos
1515 1468 1655 1509 capillos

959 1523 1155 1563 virginibus,
1168 1526 1202 1553 at
1214 1523 1355 1563 juvenes
1370 1520 1510 1561 primam
1528 1518 1655 1558 lanugi-

959 1583 1049 1612 nem,
1060 1582 1167 1604 mares
1181 1572 1330 1603 maribus
1343 1570 1565 1612 primitiarum
1580 1569 1655 1600 loco

958 1623 1127 1655 offerunt.'
1156 1624 1238 1655 Duc.

1003 1680 1016 1694 ¹¹
1033 1674 1143 1714 Cupis]
1160 1675 1258 1705 Varr.
1274 1673 1331 1704 lib.
1347 1681 1403 1703 lv.
1417 1670 1460 1702 de
1477 1672 1513 1702 L.
1527 1671 1566 1701 L.
1602 1674 1608 1685 ‘
1624 1668 1655 1699 A

962 1737 1026 1769 quo
1055 1728 1112 1758 illa
1135 1728 1229 1767 capis
1255 1731 1290 1757 et
1313 1725 1459 1755 minores
1484 1722 1613 1763 capulae
1638 1731 1658 1751 a

959 1778 1138 1818 capiendo,
1162 1777 1252 1818 qnod
1279 1780 1406 1807 ansatae
1430 1780 1468 1806 ut
1491 1771 1657 1814 prehendi

961 1831 1103 1871 possint,
1120 1830 1152 1861 id
1171 1835 1234 1869 est,
1251 1829 1338 1869 capi.
1385 1827 1515 1858 Harum
1532 1825 1657 1866 figuras

961 1882 992 1912 in
1008 1882 1095 1911 vasis
1113 1881 1217 1911 sacris
1234 1880 1361 1920 ligneas
1378 1883 1413 1909 et
1428 1877 1550 1908 fictiles
1571 1875 1657 1906 anti-

962 1941 1043 1972 quas
1062 1931 1164 1962 etiam
1188 1940 1277 1961 nunc
1303 1928 1479 1960 videnum
1525 1927 1554 1957 A
1576 1926 1660 1966 capis

962 1981 1197 2012 diminutivum
1227 1981 1383 2020 cupidum,
1423 1978 1511 2009 uude
1539 1977 1658 2016 capula.

962 2033 1070 2064 Idem.

1005 2087 1018 2101 ⁰
1036 2083 1148 2122 Capita
1170 2081 1322 2121 Deorum]
1346 2080 1431 2112 Quae
1452 2083 1487 2110 et
1515 2078 1658 2118 Str-appi.

964 2132 1053 2163 Vide
1069 2134 1078 2150 ⁴
1092 2132 1246 2172 struppi:
1270 2133 1367 2162 Idem.

1008 2187 1023 2208 Ρ
1042 2181 1317 2223 Capitalsucz'nus]
1335 2180 1433 2214 Quod
1457 2180 1571 2219 capite
1600 2178 1660 2209 lui-

966 2238 1031 2264 tur.
1089 2233 1224 2272 Capital
1255 2232 1357 2262 etiam
1387 2230 1541 2260 absolute
1573 2229 1660 2259 dixit

965 2283 1081 2313 Plaut.
1128 2282 1294 2313 Menaecli.
1335 2290 1360 2311 1.
1393 2282 1422 2311 l.
1457 2280 1466 2296 ‘
1481 2279 1661 2319 Nunquam

966 2333 1109 2374 AEdepol
1133 2332 1240 2373 fugiet
1266 2331 1400 2363 tametsi
1424 2330 1548 2370 capital
1572 2329 1662 2361 fece·

966 2383 1035 2415 rit!
1080 2383 1119 2414 Iu
1145 2389 1212 2415 vet.
1243 2384 1308 2414 lex.
1340 2382 1559 2413 Graeco-Lat.
1591 2384 1659 2411 vet.

966 2434 1119 2474 κεφαλικὴ
1134 2433 1274 2473 τιμωρία,
1289 2433 1430 2473 capitale.
1454 2431 1561 2462 Idem.

1008 2491 1022 2510 ‘1
1043 2485 1179 2524 Capitul,
1196 2481 1340 2520 linteum]
1367 2481 1521 2512 Linteum
1540 2479 1661 2510 intelli-

967 2535 1016 2575 git
1033 2545 1099 2576 quo
1117 2539 1221 2575 caput
1237 2533 1407 2570 velabant,
1422 2530 1462 2561 de
1479 2540 1544 2571 quo
1559 2529 1661 2561 Hele-

968 2594 1029 2615 nus
1054 2584 1143 2624 apud
1169 2584 1289 2623 Vin-gil.
1312 2582 1322 2598 ⁴
1338 2583 1513 2621 Purpureo
1548 2581 1662 2611 velare

969 2643 1081 2666 comas
1097 2634 1279 2673 adopertus
1296 2630 1442 2662 amictu.'
1467 2630 1563 2660 Idem.

1014 2690 1025 2706 f
1043 2684 1211 2726 Capitalis]
1229 2683 1306 2716 Non
1320 2691 1453 2724 possum
1467 2681 1567 2713 aliter
1583 2681 1663 2713 milii
