1835 2906
367 145 428 175 DE
462 141 734 173 VERBORUM
768 138 1177 170 SIGNIFICATlONE
1213 138 1307 166 LlB.
1341 136 1436 166 XII.

1552 124 1638 166 475

253 239 396 280 dicero
417 252 515 279 cum
539 239 596 279 sit
624 235 791 277 neminis
812 233 916 275 idem
941 232 988 273 de
1007 231 1313 287 magistratibus
1333 231 1442 272 vitio
1466 230 1638 278 creatis,

251 307 525 360 neminisque

253 372 414 413 Ennius
435 375 479 414 in
501 372 716 414 Erectheo
737 385 746 410 :
777 368 951 424 lapideo
975 371 1078 409 sunt
1100 366 1229 407 corde
1250 365 1392 415 multi,
1414 376 1530 418 quos
1551 375 1639 403 non

253 442 430 482 miseret
447 441 650 482 neminis.

199 508 342 549 Nemo
358 515 373 539 Ρ
406 508 702 561 compositum
724 505 898 547 videtur
931 515 987 544 ex
1010 515 1077 552 ne,
1100 507 1144 542 et
1163 501 1314 550 homo,
1342 500 1463 553 quod
1486 499 1642 540 confir-

255 582 399 616 matur
419 577 556 629 magis
580 576 685 628 quia
706 575 749 614 in
772 585 966 626 persona
983 582 1161 624 semper
1187 569 1374 622 ponitur,
1396 580 1477 608 nec
1496 567 1642 620 pluru-

255 644 352 684 liter
367 643 542 699 formari
564 642 691 692 solet,
712 640 816 694 quia
835 638 1090 691 intelligitur
1110 649 1191 690 pro
1211 635 1343 677 nullo.

201 710 358 761 Nemo,
379 723 457 751 nec
476 710 627 753 homo.

1459 695 1643 755 [PAUL.

202 778 398 819 Nemora
418 783 433 807 ‘³
454 777 701 830 significant
725 776 874 830 sylvas
897 787 1112 815 amoenas.

204 843 381 885 Nemora
402 843 606 901 significat
626 842 761 897 sylvas
783 856 982 884 amoenas
1000 855 1010 893 ;
1043 840 1152 883 valet
1174 840 1277 881 enim
1299 837 1401 879 idem
1420 853 1430 876 :
1482 835 1646 889 [FEST.

257 913 341 967 ejus
371 920 503 954 autem
525 912 712 953 vocabuli
734 916 888 952 auctor
911 910 1134 958 Homerus,
1159 908 1228 963 qui
1250 906 1354 947 dixit
1376 905 1418 944 in
1442 902 1577 943 Iliade
1597 908 1645 942 A.

258 982 324 1020 Ἐν
354 979 452 1032 νέμεϊ
487 982 639 1036 σκιερῷ·
676 977 734 1018 ἐπί
760 993 799 1017 τε
832 979 889 1017 λῖν
922 975 1068 1029 ἔμβαλε
1096 975 1247 1028 δαίμων,
1268 975 1448 1015 dubium
1472 985 1557 1012 non
1579 977 1649 1019 est,

261 1049 359 1104 quin
394 1062 481 1089 eum
511 1047 689 1103 designet
720 1046 865 1096 locum,
886 1046 961 1099 qui
998 1057 1183 1097 campos
1217 1048 1261 1083 et
1284 1053 1454 1096 pascua
1485 1038 1648 1079 haheat.

260 1124 366 1169 νέμος
387 1132 411 1157 α
437 1115 592 1157 Graecis
609 1117 668 1155 διὰ
688 1116 728 1154 τὸ
750 1116 843 1166 νομοὶ
865 1111 951 1152 εἶναι
976 1114 1010 1151 ἐν
1032 1113 1133 1165 αὐτῷ
1158 1108 1425 1166 appellatum.

206 1184 389 1235 Nemut,
406 1191 418 1206 s
439 1185 523 1225 nisi
546 1185 690 1233 etiam,
712 1183 783 1224 vel
804 1195 974 1234 nempe.

1473 1175 1652 1226 [I’Aun.

209 1250 384 1301 Nemut,
407 1252 492 1292 nisi
514 1252 662 1300 etiam,
695 1250 765 1291 vel
788 1262 940 1302 nempe,
966 1261 1057 1287 usus
1078 1253 1133 1288 est
1159 1245 1262 1286 Cato
1285 1243 1332 1284 de
1362 1258 1437 1298 po·
1487 1242 1652 1296 [Fizsr.

263 1326 404 1360 testate
427 1318 768 1360 tribuniciaeum
792 1317 880 1358 ait:
915 1320 948 1345 ¹4
975 1322 1126 1355 nemut

395 1419 403 1427 .
903 1397 1139 1425 aerumnas.

209 1455 340 1510 Nepa
361 1454 566 1498 Afrorum
586 1454 736 1506 lingua
756 1452 895 1501 sidus,
918 1451 1036 1504 quod
1059 1463 1216 1491 cancer
1240 1447 1438 1503 appella·
1476 1444 1654 1498 [PAUL.

264 1528 362 1565 tur:
395 1524 476 1573 vel,
507 1527 556 1563 ut
587 1521 765 1576 quidam
788 1520 955 1569 volunt,
993 1519 1215 1572 scorpius.

1275 1516 1491 1558 Plautus:
1527 1511 1654 1553 Dabo

266 1605 336 1632 me
359 1591 413 1631 ad
435 1590 660 1644 parietem,
688 1588 889 1629 imitabor
910 1599 1085 1640 nepam.

808 1696 945 1708 eeeeeee

950 1695 1048 1708 eeeee

257 1780 295 1808 14
320 1776 382 1808 Ed.
397 1776 484 1808 Scal.
500 1777 537 1807 de
549 1779 704 1816 potestate
720 1774 878 1816 tribunici,
893 1785 960 1807 cum
975 1775 1020 1806 ait
1032 1786 1042 1805 .·
1064 1776 1179 1804 nemut.

869 1874 1010 1906 NOTAE

213 1961 220 1973 ‘
238 1953 378 1985 neminis
394 1953 553 1984 Misereri
580 1957 711 1984 certum
739 1955 802 1991 est,
831 1952 910 1993 qnia

214 2006 278 2036 mei
294 2004 429 2034 miseret
446 2002 635 2034 neminem-³
657 2004 737 2034 Dac.

258 2059 272 2079 Ρ
289 2046 412 2093 ¹Nemo]
438 2053 467 2083 A
490 2063 527 2083 ne
544 2062 602 2092 pro
618 2062 688 2088 non,
705 2056 740 2083 et
756 2052 842 2082 homo
857 2051 911 2082 vel

214 2107 311 2143 hemo,
327 2109 362 2135 nt
378 2103 505 2142 antiqui
521 2103 692 2134 dicebant.
739 2103 840 2132 Nemo
853 2111 910 2132 au-

214 2161 282 2187 tem
300 2161 333 2186 et
351 2156 453 2185 nullus
468 2164 508 2184 eo
525 2151 699 2194 differunt,
716 2152 804 2194 quod
826 2162 911 2183 nemo

216 2206 259 2237 de
286 2215 426 2246 persona
443 2210 589 2244 tantum,
606 2204 706 2235 nullus
723 2209 789 2234 tam
806 2202 848 2233 de
865 2211 913 2241 re,

217 2266 314 2297 quain
341 2255 382 2285 de
404 2264 572 2295 persona;
598 2254 662 2285 etsi
686 2255 806 2284 ‘nemo
823 2252 912 2283 dies’

219 2307 344 2339 alicubi
362 2316 413 2336 me
431 2306 553 2346 legisse
570 2305 717 2336 memini.
744 2306 839 2336 [dem.

260 2364 276 2385 q
308 2355 459 2395 Nemora]
494 2355 658 2396 Reliquiae
687 2356 778 2387 Festi
801 2360 914 2386 osten·

219 2407 305 2439 dunt
321 2407 412 2437 illnm
429 2405 593 2445 originem
613 2405 769 2436 Graecam
790 2405 917 2435 dednx-

220 2460 286 2491 isse
302 2457 384 2497 παρὰ
399 2456 435 2487 τὸ
451 2455 526 2494 νομὰ
542 2453 617 2486 εἶναι
629 2456 662 2486 ἐν
677 2455 792 2494 αὐτοῖς,
805 2465 918 2486 exem-

221 2510 346 2551 ploque
372 2516 466 2537 usum
483 2505 600 2537 Graeci
628 2505 740 2546 poe'tae
756 2506 808 2536 Ἐν
835 2504 921 2543 νέμεϊ

221 2560 344 2599 σκιερῷ.
365 2558 440 2588 Ant.
456 2557 541 2595 Aug.

267 2607 417 2648 Nemora]
440 2607 555 2638 Prima
570 2606 658 2637 linea
681 2606 787 2638 deest.
832 2605 918 2647 Snp-

224 2660 382 2702 plendum
414 2663 525 2689 autem
554 2661 662 2688 totum
687 2657 754 2688 ita:
782 2657 919 2688 Nemora

223 2712 346 2742 videtur
367 2711 448 2741 idem
470 2710 549 2749 quod
582 2709 686 2749 sylvas
707 2717 841 2739 amoenos
866 2718 918 2738 va-

964 1951 1038 1981 lere.
1087 1947 1186 1987 Cujus
1210 1944 1346 1977 vocabuli
1377 1947 1482 1974 auctor
1496 1942 1662 1979 Homerus,

963 2011 1032 2032 cum
1054 2001 1120 2031 ait:
1143 1999 1195 2028 Ἐν
1220 1996 1306 2036 νέμεϊ
1326 1995 1449 2034 σκιερῷ·
1476 1993 1524 2024 ἐπί
1547 2004 1581 2022 τε
1609 1993 1661 2021 λῖν

966 2050 1085 2090 ἔμβαλε
1101 2049 1222 2087 δαίμων.
1263 2046 1404 2078 Dubium
1425 2054 1484 2074 non
1498 2046 1542 2073 est
1558 2042 1661 2080 desig-

963 2112 1039 2133 nare
1065 2102 1173 2138 locum,
1198 2098 1251 2138 qui
1274 2105 1394 2135 campos
1418 2098 1449 2125 et
1469 2103 1582 2133 pascua
1608 2092 1663 2122 luz-

967 2153 1028 2192 bet,
1044 2151 1092 2181 διὰ
1110 2150 1148 2181 τὸ
1163 2148 1256 2188 νομὰς
1270 2146 1344 2178 εἶναι
1364 2148 1396 2176 ὲν
1411 2145 1503 2183 αὐτῷ.
1540 2144 1662 2177 Locus,

968 2212 1066 2243 quem
1082 2201 1180 2239 citat,
1199 2203 1250 2229 est
1267 2195 1397 2228 Ἰλιάδος
1412 2199 1448 2226 Λ.
1464 2195 1533 2224 Jos.
1549 2193 1636 2223 Seni.

1012 2252 1164 2291 Nemora]
1190 2251 1297 2281 Recte
1315 2247 1451 2289 quidem
1478 2245 1600 2275 Festus
1616 2253 1667 2274 ne-

967 2313 1034 2334 mus
1062 2313 1080 2333 a
1102 2300 1200 2341 νέμος,
1222 2298 1312 2340 quod
1330 2295 1481 2337 Hesych.
1498 2294 1665 2333 interpre-

971 2359 1062 2386 tatur
1077 2352 1258 2392 σύνδενδρον
1272 2349 1368 2380 τόπον
1384 2346 1434 2378 καὶ
1458 2345 1552 2384 νομὴν
1575 2343 1666 2383 ἔχον-

969 2417 1020 2440 τα,
1051 2405 1200 2435 ‘Locum
1232 2399 1410 2432 arboribus
1436 2396 1602 2428 consitum
1630 2398 1666 2425 et

970 2465 1096 2497 pascua
1124 2449 1331 2484 habentem.'
1377 2450 1486 2479 Locus
1525 2445 1666 2476 Homer.

971 2510 1025 2536 est
1040 2503 1140 2534 Iliad.
1162 2507 1196 2532 Λ.
1236 2502 1244 2518 ‘
1266 2501 1304 2531 ln
1333 2506 1469 2529 nemore
1498 2495 1667 2534 umbroso,

970 2557 1102 2589 leonem
1120 2558 1233 2584 antem
1252 2549 1388 2581 immisit
1400 2546 1518 2579 Dens!
1535 2546 1617 2576 Dae.

1013 2610 1024 2626 ¹
1047 2603 1180 2643 Nemut]
1213 2600 1414 2640 Exemplum
1440 2596 1552 2628 omisit
1582 2596 1667 2627 Pau-

970 2657 1041 2693 1us3
1067 2653 1204 2686 Catonis
1219 2647 1450 2690 fortasse‚qui
1472 2647 1536 2677 hoc
1562 2645 1666 2676 verbo

971 2716 1047 2739 usus
1064 2711 1126 2737 est.
1151 2703 1325 2741 Aue.A11g.
