1835 2906
390 112 454 142 DE
488 112 764 143 VERBORUM
799 110 1208 142 srcNmmA‘rioNE
1243 112 1336 142 Lm.
1371 112 1475 142 X1v.
1563 101 1648 144 565

156 266 158 268 -
199 210 456 252 Patrocinia
470 210 485 231 k
513 211 726 264 appellari
749 215 898 264 coepta
919 214 1031 257 sunt,
1056 222 1153 249 eum
1174 210 1300 262 plebs
1323 209 1556 251 distributa
1578 214 1647 250 est

254 279 365 319 inter
384 282 552 332 patres,
573 284 623 319 ut
638 291 785 319 eorum
806 278 966 332 opibus
983 280 1077 317 tuta
1097 280 1230 317 esset.

199 343 444 387 Pauciens¹
468 345 674 388 dicebaut
701 359 781 400 pro
809 358 919 387 raro.
978 343 1202 385 Titinius:
1234 356 1417 385 uxorem
1436 344 1645 398 pauciens

252 413 428 454 videbo.

196 480 357 522 Paveri
372 486 406 505 ¹0
426 486 452 503 ¹¹³
482 482 698 523 frumenta
722 482 927 523 dicebant
959 481 1140 534 antiqui,
1163 491 1263 533 quae
1285 479 1338 520 de
1358 493 1433 520 va-
1463 479 1643 532 [PAUL.

251 547 355 601 gina
371 562 458 590 non
478 549 592 590 bene
612 549 806 590 exibant.

195 614 456 658 Pavimenta
478 617 670 660 Poenica
687 622 704 639 ¹²
724 629 938 658 marmore
960 616 1200 658 Numidico
1222 618 1441 656 constrata
1480 614 1537 666 [F
1543 624 1644 654 EST.

252 683 472 736 significat
513 684 638 733 Cato,
678 698 776 726 cum
808 685 871 725 ait
905 685 948 725 in
987 697 1054 734 ea,
1097 697 1227 737 quam
1266 682 1432 732 habuit,
1462 694 1517 722 ne
1547 681 1645 735 quis

249 752 404 793 consul
444 753 516 794 bis
555 753 679 794 fieret
699 767 707 794 :
741 753 886 794 dicere
919 765 1101 806 possum
1142 751 1302 805 quibus
1342 750 1474 798 villae,
1515 752 1645 802 atque

251 817 370 859 aedes
407 819 656 871 aedifieatae,
693 825 825 874 atque
860 820 1071 873 expolitae
1104 819 1300 860 maximo
1336 829 1482 871 opere,
1519 815 1643 867 citro,

248 889 380 940 atque
401 888 543 938 ebore,
566 894 700 943 atque
723 888 991 942 pavimentis
1013 887 1212 928 Poenicis
1231 889 1362 927 stent.

192 952 457 997 Pavimenta
476 955 678 1006 Poenica,
701 956 785 997 hoe
822 961 905 1005 est,
935 967 1149 995 marmore
1167 954 1422 995 Numidico.
1464 951 1643 1004 [PAUL.

191 1019 433 1075 Pauperies
457 1023 665 1065 damnum
679 1029 693 1046 0
715 1024 887 1073 dicitur,
910 1022 1031 1077 quod
1052 1022 1304 1076 quadrupes
1325 1021 1444 1062 facit.

192 1087 532 1133 PEc'rlNATUM
552 1095 580 1116 ¹¹
599 1099 614 1123 Ρ
646 1097 808 1134 tectum
838 1092 996 1133 dicitur
1017 1104 1043 1131 a
1063 1090 1353 1132 similitudine
1384 1087 1578 1142 pectinis
1602 1085 1644 1125 in

247 1157 357 1199 duas
379 1165 533 1212 partes
556 1161 786 1210 devexum,
810 1165 860 1200 ut
881 1158 1201 1200 testudinatum
1221 1158 1266 1198 in
1288 1159 1489 1211 quatuor.

191 1224 489 1269 Pectuscumq
509 1230 649 1283 palati
665 1232 696 1250 ¹2
719 1229 837 1270 dicta
859 1231 927 1268 est
948 1240 1002 1268 ea
1023 1227 1144 1279 regio
1164 1225 1298 1273 urbis,
1321 1237 1452 1279 quam
1478 1222 1644 1276 [FEST.

247 1293 465 1337 Romulus
497 1298 727 1338 obversam
765 1297 928 1351 posuit,
952 1308 1004 1337 ea
1038 1298 1176 1349 parte,
1208 1294 1253 1334 in
1287 1306 1377 1346 qua
1407 1290 1644 1345 plurimum

246 1367 339 1405 erat
359 1364 450 1417 agri
476 1365 666 1407 Romani
703 1365 758 1407 ad
794 1378 913 1406 mare
946 1376 1115 1413 versus,
1146 1366 1191 1403 et
1221 1366 1353 1415 qua¹³
1386 1358 1641 1399 mollissime

244 1430 445 1473 adibatur
457 1434 586 1474 urbs:
611 1447 712 1475 cum
728 1433 1015 1473 Etruseorum
1033 1442 1225 1486 agrum'a
1243 1428 1448 1469 Romano
1464 1424 1643 1465 Tiberis

242 1497 519 1549 discluderet,
543 1505 697 1543 ceterae
728 1501 888 1542 vicinae
913 1499 1120 1541 civitates
1142 1497 1282 1539 colles
1305 1495 1483 1548 aliquos
1502 1498 1535 1521 ¹4
1566 1493 1642 1534 ha—

243 1566 398 1608 berent
419 1569 665 1622 oppositos.

795 1653 1033 1670 “‘N‘OO‘OOO

232 1734 271 1763 10
295 1733 384 1764 Scal.
411 1733 492 1774 legit
516 1735 736 1766 Pavera.—ll
764 1733 938 1765 Ed.Scal.
960 1732 1264 1764 Faberianum-12
1287 1728 1371 1760 Ead.
1391 1726 1445 1758 ed.
1462 1727 1644 1756 Poluscam.

186 1774 383 1815 Legendum
409 1782 526 1808 monet
552 1778 637 1808 Dae.
662 1778 833 1809 Pecuscuin
853 1776 976 1817 palatii.
1025 1776 1101 1806 Hoc
1124 1779 1158 1806 et
1181 1783 1252 1813 seq.
1282 1782 1356 1812 cap.
1386 1771 1418 1800 in
1449 1774 1531 1800 vett.
1558 1768 1642 1798 libb.

186 1827 252 1848 non
270 1823 485 1851 extant.——-13
512 1820 577 1852 Ed.
592 1821 683 1852 Scal.
699 1821 872 1862 quim—14
895 1820 956 1850 Vir
979 1819 1070 1850 doct.
1102 1818 1135 1849 in
1164 1826 1269 1856 marg.
1296 1813 1448 1855 ejusdem
1473 1812 1527 1843 ed.
1554 1811 1643 1850 conj.

186 1861 316 1902 aliquot.

844 1948 984 1981 NOTAE

942 2030 1034 2056 stare
1051 2026 1166 2064 potest
1181 2022 1290 2053 altera
1304 2018 1419 2051 lectio.
1438 2018 1519 2047 Dae.

229 2024 243 2045 Κ
259 2025 460 2066 Patrocinia]
476 2025 593 2057 Deliis
610 2025 819 2066 Dionys-lib.
836 2034 886 2057 XI.

984 2081 997 2095 ¹¹
1011 2075 1199 2106 Pavimenta
1214 2071 1357 2111 Poenica]
1377 2069 1467 2102 Quia
1481 2065 1642 2099 Numidia

185 2075 274 2107 Vide
296 2080 305 2094 ‘
320 2076 468 2108 Patres!
490 2078 568 2109 Ant.
586 2077 673 2117 Aug.

228 2125 429 2165 Patrocinia]
454 2126 483 2158 A
506 2131 635 2168 patrono
675 2127 787 2168 potius
825 2135 885 2167 per

186 2186 355 2219 syncopen
372 2178 592 2218 patrocinium.
616 2179 700 2209 Dae.

228 2231 236 2252 ¹
259 2231 430 2271 Pam-iens]
476 2230 621 2261 Titinius
663 2230 696 2260 in
739 2229 885 2261 Gemina

186 2282 277 2324 apud
311 2281 487 2313 Nonium:
526 2282 535 2298 ⁴
560 2281 746 2321 Postquam
772 2280 883 2312 faetus

184 2333 325 2364 maritus
337 2331 423 2362 hane
436 2330 570 2361 domum
585 2331 741 2362 abhorres
756 2341 764 2369 ς
776 2331 882 2361 Tuam

185 2385 287 2415 etiam
304 2391 443 2414 uxorem
465 2381 625 2421 pauciens
642 2380 790 2412 videbo.'
807 2381 883 2411 Ant.

182 2436 269 2474 Aug.

225 2490 249 2505 ¹¹¹
271 2482 404 2523 Pacerz']
429 2483 561 2514 Pac-era.
607 2481 699 2513 Alibi
722 2482 802 2513 olim
824 2492 882 2513 ex-

184 2537 396 2578 plicavimus.
419 2536 489 2565 Jos.
507 2534 592 2565 Scal.

227 2586 343 2617 Paveri
352 2584 530 2624 frumenta]
554 2584 655 2625 Legit
667 2584 756 2615 Seal.
769 2594 883 2624 pavet-a

177 2639 358 2676 frumenta.-
389 2635 421 2667 id
451 2640 516 2675 est,
546 2635 713 2675 paviendo
741 2636 882 2666 muitum

184 2688 279 2728 trita,
295 2692 331 2719 ut
350 2695 488 2728 granum
505 2685 718 2727 deglubatas.
763 2686 829 2717 Sed
849 2690 882 2717 et

942 2126 1097 2167 generosi
1114 2123 1289 2155 marmoris
1307 2121 1415 2153 ferax.
1434 2120 1531 2150 Idem.

986 2180 1001 2196 ⁰
1018 2176 1190 2216 Pauperies
1223 2173 1382 2212 damnum]
1414 2171 1442 2201 E
1479 2171 1543 2210 leg.
1573 2177 1642 2199 xii.

939 2226 1010 2258 tab.
1033 2227 1042 2243 ‘
1059 2226 1094 2257 Si
1111 2224 1305 2266 quadrupes
1327 2220 1526 2263 pauperiem
1543 2218 1641 2253 faxit,

939 2277 1075 2308 domino
1093 2285 1233 2307 noxaeve
1250 2271 1390 2304 dedito.’
1415 2272 1512 2302 Idem.

980 2333 996 2353 1‘
1012 2325 1232 2365 Pectinatzmz]
1258 2323 1358 2356 Quod
1380 2323 1412 2353 in
1428 2322 1510 2352 duas
1526 2323 1641 2360 partes

938 2379 1106 2410 devexum
1117 2382 1224 2416 est‚et
1239 2375 1279 2406 ad
1294 2373 1549 2405 similitudinem
1563 2380 1640 2411 pec—

937 2430 1018 2460 tinis
1047 2434 1187 2468 tectum,
1217 2432 1253 2458 ut
1275 2428 1282 2444 ‘
1304 2423 1564 2456 testudinatum’
1584 2422 1642 2453 Vi-

937 2480 1062 2519 truvio,
1079 2479 1167 2520 quod
1183 2488 1226 2509 ex
1246 2482 1403 2519 quatuor,
1421 2475 1462 2506 ad
1485 2473 1641 2505 similitu-

938 2531 1050 2561 dinem
1067 2529 1257 2561 testudinis.
1283 2528 1380 2558 Idem.

982 2587 995 2607 Ἰ
1021 2579 1218 2619 Pectuscum]
1244 2577 1453 2619 Legendnmw,
1470 2576 1639 2606 Pecuscnm

934 2633 1077 2673 palatii„
1107 2632 1275 2662 Pecuscum
1302 2639 1318 2659 a
1344 2636 1464 2669 pecore,
1488 2625 1575 2665 quod
1599 2634 1639 2655 ea

939 2688 1035 2725 parte
1053 2691 1176 2724 pecora
1195 2684 1426 2721 pascerentur.
1454 2676 1552 2706 Idem.
