1835 2906
165 139 249 180 220

613 145 760 176 Sssx'rl
794 143 993 175 POMPEll
1030 144 1164 174 FESTI

168 246 413 286 Deversus'*
436 241 646 284 dicebant
663 241 866 283 deorsum
886 252 1052 282 VCI‘SUS.

168 311 409 360 Devitare,y
431 309 558 351 valde
579 309 731 351 vitare.

168 379 316 419 Deus
347 377 491 419 dictus
513 380 594 428 est,
617 377 735 431 quod
756 377 795 417 ei
815 376 922 417 nihil
943 340 1083 416 desit.
1105 373 1175 414 vel
1197 373 1301 426 quia
1323 373 1468 414 omnia
1488 385 1607 414 corn-

221 445 352 487 moda
384 445 632 486 hominibus
665 445 765 486 dat:
798 444 892 485 sive
914 456 941 485 a
959 443 1120 485 Graeco
1142 438 1230 490 δέος,
1252 440 1372 494 quod
1394 440 1609 494 significat

223 516 410 565 metum3
431 526 484 554 eo
505 513 623 567 quod
640 512 887 554 hominibus
908 515 1051 552 metus
1075 510 1153 550 sit:
1176 507 1250 549 sed
1273 508 1414 560 magis
1435 500 1609 548 constat

223 580 268 620 id
282 580 546 621 vocabulum
562 593 621 621 ex
640 580 801 622 Graeco
819 578 891 626 θεὸς
906 591 1003 619 esse
1017 579 1191 626 dictum,
1207 575 1475 629 aspiratione
1489 573 1609 614 dem-

224 652 285 696 ta,
307 647 383 700 qui
402 660 500 688 mos
521 648 713 702 antiquis
735 647 894 688 nostris
914 646 1115 699 frequens
1136 650 1243 686 erat.

169 715 391 756 Dextansa
423 713 597 765 dicitur,
626 715 729 768 quia
755 714 847 755 assi
869 713 997 754 deest
1017 716 1211 763 sextans,
1243 707 1611 764 quemadmodum

226 781 525 834 duodeviginti
545 785 589 823 et
609 781 770 823 deunx.

170 849 428 890 Dextimum
445 847 460 870 b
480 854 525 889 et
545 848 808 890 sinistimum
830 846 1002 900 antiqui
1024 845 1242 887 dixerunt.

170 916 343 957 Dextra
364 916 596 970 auspicia,c
616 928 842 970 prospera.

171 983 436 1025 Dextrarum
456 983 659 1024 tibiarum
675 982 692 1005 ‘¹
724 996 859 1036 genus
877 985 956 1033 est,
979 993 1078 1037 quae
1101 979 1258 1021 dextra
1275 981 1484 1020 tenentur.

822 1104 965 1137 NOTAE

173 1184 271 1222 tudes,
290 1192 365 1223 quae
394 1187 471 1214 sunt
498 1181 647 1218 detritae,
672 1181 868 1220 deminutae,

172 1234 337 1274 quomodo
352 1238 387 1264 et
409 1233 521 1264 Graeci
542 1232 741 1272 συγκρουστὰ
763 1230 867 1269 ἱμάτια

172 1284 441 1324 interpretantur
458 1281 497 1314 ὧν
519 1284 535 1313 ὁ
557 1282 664 1322 κροκὸς
686 1281 865 1320 ἆνατέτριπ-

172 1344 235 1371 ται,
248 1335 257 1350 ‘
272 1343 412 1374 quorum
425 1333 541 1364 detriti
554 1339 632 1364 suut
644 1332 767 1364 flocci!
788 1334 866 1363 Con-

171 1386 256 1413 cutes
284 1382 347 1414 alio
375 1383 508 1414 nomine
540 1382 671 1414 Latinis
708 1382 867 1413 dicuntur

173 1432 374 1463 Pavidenses.
420 1431 521 1465 Quod
558 1432 647 1463 bene
681 1432 809 1472 puviloe,
844 1431 865 1462 i.

172 1483 329 1522 pulsatae,
353 1491 536 1522 percussae.
584 1482 716 1515 Quibus
734 1488 867 1513 contra-

173 1533 232 1563 riae
262 1533 532 1574 levidenses,quae
564 1533 685 1564 leviter
715 1532 866 1564 densatae

174 1587 265 1622 sunt,
282 1588 318 1613 et
333 1592 400 1614 non
417 1583 492 1613 aliae
508 1589 585 1614 suut
610 1592 708 1623 quam
730 1584 870 1614 deiudes.

173 1631 297 1663 Isidor.
323 1632 379 1663 lib.
406 1640 484 1664 xrx.
509 1641 583 1672 cap.
607 1634 659 1663 23.
683 1632 869 1663 ‘Leviden-

174 1682 219 1713 sis
250 1682 354 1714 vestis
379 1681 484 1721 dicta,
514 1681 603 1723 quod
623 1692 697 1713 raro
727 1682 783 1713 filo
815 1682 872 1722 sit,

174 1733 367 1773 pavidcnsis
384 1732 556 1763 contraria
580 1731 755 1772 levidensi,
781 1732 870 1772 quod

175 1783 325 1821 graviter
356 1792 471 1822 pressa
507 1787 610 1822 atque
640 1783 768 1814 calcata
805 1782 870 1813 sit!

175 1832 263 1862 Vide
290 1832 488 1863 Salmasium
516 1832 559 1862 ad
585 1833 717 1865 Trebel.
746 1833 872 1864 Pomo-

176 1883 303 1913 nemin
322 1884 363 1913 D.
377 1882 532 1913 Claudio.
557 1883 637 1912 Duc.

218 1938 233 1952 x
251 1932 423 1972 Deversus]
443 1932 492 1963 De
506 1931 672 1972 significat
690 1933 699 1950 ⁴
712 1932 824 1972 infra‚’
838 1939 873 1965 et

177 1982 359 2024 opponitur
373 1983 416 2022 τῷ
430 1992 493 2021 sus,
511 1981 601 2022 quod
618 1982 788 2023 significat
802 1989 873 2014 ‘su-

178 2032 263 2073 pra‚’
279 2034 288 2050 ‘
308 2031 462 2063 sursum.¹
493 2032 589 2063 Idem.

220 2088 231 2108 θ’
247 2083 411 2124 Devitare]
426 2082 565 2113 Terent.
581 2081 670 2113 And.
682 2092 738 2114 111.
754 2082 874 2115 ‘Post-

177 2134 239 2164 hac
269 2134 481 2172 incolumem,
513 2138 564 2163 sat
597 2133 678 2172 scio,
705 2132 776 2164 fore
808 2144 873 2174 me,

177 2193 265 2216 nunc
290 2185 315 2215 si
340 2185 402 2215 hoc
434 2183 549 2214 devito
574 2183 717 2214 malum.’
763 2185 873 2216 Closs.

179 2237 187 2251 ⁴
200 2235 351 2270 Devitat,
361 2234 503 2269 ἐκκλίνει,
513 2234 724 2274 περικάμπτει,
735 2235 872 2266 ἐκνεύει.’

179 2286 276 2316 Idem.

222 2341 233 2354 Ζ
256 2335 358 2375 Deus]
385 2335 462 2366 Non
485 2335 572 2366 solus
600 2340 653 2366 est
676 2335 796 2366 Festus
816 2335 873 2376 qui

179 2385 234 2414 vel
256 2393 274 2414 a
300 2385 385 2423 dare,
411 2386 462 2416 vel
480 2396 499 2416 a
523 2387 637 2424 desum,
663 2385 715 2416 vel
731 2386 833 2417 etiam
856 2394 875 2415 a

181 2434 259 2474 δέος,
295 2440 419 2473 metus,
458 2436 569 2475 timor,
598 2437 684 2467 Deus
714 2435 874 2467 deducat.

182 2485 272 2516 Nam
287 2488 322 2514 et
337 2483 424 2514 idem
442 2486 549 2515 multi.
588 2485 654 2516 Sed
672 2486 759 2516 Deus
782 2491 833 2517 est
857 2495 877 2516 a

183 2535 307 2566 Graeco
320 2533 399 2572 θεὸς,
411 2537 426 2564 θ
438 2534 469 2564 in
483 2536 510 2573 δ,
523 2540 559 2565 ut
573 2545 590 2565 a
601 2534 711 2576 πέρθω,
727 2538 736 2553 ‘
751 2536 876 2576 perdo.'

181 2586 246 2616 Vel
262 2584 375 2625 potius
390 2584 432 2614 ab
449 2584 575 2615 AEolico
592 2585 670 2622 δεὺς,
688 2591 723 2617 ut
740 2587 794 2617 Fr.
814 2587 874 2619 Ju-

182 2635 240 2666 nio
257 2634 393 2675 placuit.
428 2633 505 2665 Δεὺς
525 2640 637 2666 autem
653 2637 721 2667 sive
739 2637 804 2668 θεὸς
822 2638 874 2668 vel

184 2695 203 2717 a
218 2685 285 2726 θέω,
300 2685 309 2702 ‘
327 2683 449 2726 curro,'
470 2684 549 2726 quia
565 2686 693 2727 antiqui
718 2687 764 2719 sic
782 2687 875 2719 dixe—

920 1183 999 1211 runt
1015 1179 1125 1210 sidera
1140 1182 1174 1211 et
1187 1180 1313 1220 stellas,
1332 1178 1419 1220 quod
1436 1185 1568 1217 semper
1580 1176 1614 1207 in

920 1240 1019 1262 cursu
1046 1234 1171 1261 essent.
1210 1230 1298 1261 Vide
1323 1229 1478 1261 Macrob.
1504 1227 1561 1258 lib.
1589 1236 1614 1257 ι.

919 1282 991 1313 Sat.
1017 1291 1093 1321 cap.
1117 1283 1169 1312 23.
1193 1281 1247 1312 vel
1264 1280 1306 1312 ab
1327 1279 1479 1311 Hebraeo
1495 1278 1559 1318 «lai,
1581 1277 1615 1308 id

921 1337 985 1367 est,
1001 1333 1151 1373 sufficere,
1171 1330 1260 1362 unde
1284 1329 1426 1363 shaddui,
1450 1327 1539 1369 quod
1565 1336 1616 1358 so-

921 1382 972 1412 lus
990 1382 1081 1413 Deus
1098 1379 1256 1412 sufficiat.
1292 1380 1358 1412 Vel
1382 1379 1491 1421 potius
1508 1379 1548 1409 ab
1563 1377 1616 1408 ΙΕ-

922 1432 1040 1473 gyptio
1064 1432 1228 1463 Mercurii
1251 1431 1384 1462 nomine
1411 1430 1522 1470 Thoyt,
1547 1428 1617 1459 sive

925 1481 1036 1520 Thena,
1053 1482 1123 1512 sive
1143 1481 1252 1511 Thoth.
1279 1480 1386 1511 Idem.

965 1536 978 1551 ³
1001 1531 1162 1571 Dextans]
1185 1531 1272 1561 Vide
1286 1531 1295 1547 ‘
1314 1529 1408 1562 Bes.’
1433 1530 1530 1560 Idem.

964 1582 978 1602 b
1009 1580 1211 1620 Dextz'mum]
1251 1582 1394 1619 Dexter,
1433 1578 1617 1614 dexterior,

921 1632 1103 1672 dextimus,
1127 1637 1165 1662 ut
1189 1631 1336 1670 sinister,
1354 1630 1556 1667 sinisterior,
1579 1630 1620 1659 si-

922 1683 1088 1713 nistimns.
1120 1682 1250 1712 Varro:
1274 1683 1283 1699 ⁴
1300 1681 1329 1712 A
1348 1680 1454 1721 primo
1470 1680 1618 1719 compito

924 1732 1107 1763 dextimam
1151 1732 1238 1763 viam
1285 1731 1393 1762 munit
1430 1730 1620 1771 Epicurus.’

924 1783 1013 1814 Vide
1030 1782 1193 1814 Nonium.
1217 1782 1314 1812 Idem.

970 1837 982 1852 ‘³
1006 1833 1131 1864 Dextra
1146 1830 1299 1872 auspicia]
1318 1831 1465 1870 Dexter,
1480 1835 1517 1861 ut
1531 1829 1619 1870 apud

926 1883 1066 1915 Graecos
1093 1882 1198 1922 δεξιὸς,
1228 1882 1414 1922 propitium
1441 1880 1620 1922 significat.

924 1934 980 1965 Ita
998 1933 1121 1964 dextro
1136 1933 1236 1969 Jove,
1254 1932 1376 1963 dextro
1392 1930 1563 1962 Hercule:
1589 1931 1621 1960 id

926 1989 991 2023 est,
1016 1983 1178 2024 propitio,
1201 1991 1295 2013 more
1319 1981 1516 2012 Graecorum
1533 1980 1620 2011 scili-

926 2040 993 2073 cet,
1010 2044 1086 2065 uam
1103 2033 1225 2074 alioqui
1245 2031 1384 2063 Romani
1406 2032 1549 2061 dextrum
1566 2039 1621 2060 vo-

927 2089 1004 2114 cant
1020 2082 1219 2120 infaustum,
1245 2081 1405 2111 sinistrum
1426 2089 1506 2111 vero
1533 2079 1620 2111 faus-

927 2139 1009 2164 tum.
1034 2132 1121 2163 Vide
1139 2133 1148 2149 ⁶
1167 2131 1301 2163 scaeva.'
1324 2131 1421 2163 Idem.

969 2182 982 2201 ¹¹
1006 2182 1202 2212 Dextrarum
1225 2180 1386 2221 tibiarum]
1413 2179 1553 2210 Dextrae
1582 2180 1622 2210 ti-

925 2232 1005 2271 biae,
1032 2237 1068 2262 et
1091 2231 1236 2262 sinistrae
1268 2231 1372 2269 tibiae,
1401 2239 1476 2270 quae
1503 2229 1625 2260 dextra

928 2288 1026 2324 parte
1054 2281 1120 2313 oris
1148 2286 1183 2312 et
1207 2291 1307 2312 manu
1336 2280 1470 2319 dextra,
1494 2280 1565 2311 sive
1581 2281 1622 2311 si-

928 2334 1036 2364 nistra
1052 2336 1149 2372 parte
1168 2332 1234 2362 oris
1252 2336 1286 2362 et
1301 2339 1400 2361 manu
1417 2331 1554 2361 sinistra
1574 2335 1622 2361 te-

929 2383 1107 2415 nebantur.
1154 2382 1304 2413 Sinistrae
1324 2381 1416 2412 tibiae
1433 2381 1525 2411 acuti
1551 2381 1623 2411 soni

930 2440 1025 2466 erant
1050 2439 1085 2466 et
1111 2433 1261 2474 pluribus
1285 2431 1502 2463 foraminibus
1526 2440 1623 2472 aper-

931 2491 996 2517 tae:
1023 2484 1151 2515 dextrae
1170 2493 1249 2515 vero
1275 2483 1396 2523 gravis,
1419 2487 1454 2513 et
1470 2491 1535 2512 uno
1552 2486 1623 2512 tan-

932 2542 1002 2567 tum
1019 2534 1194 2566 foramine.
1233 2534 1316 2565 Cuni
1334 2533 1456 2564 dextra
1472 2537 1507 2563 et
1527 2532 1622 2563 sinis-

932 2584 1228 2626 trajungebantiir
1242 2585 1387 2624 impares
1412 2582 1522 2616 dictae,
1546 2591 1623 2612 cuin

929 2636 1005 2667 duae
1018 2635 1243 2674 dextrae‚sive
1256 2634 1330 2665 duae
1348 2633 1493 2664 sinistrae
1511 2641 1622 2672 pares.

930 2687 1017 2718 Vide
1034 2690 1042 2705 ¹
1062 2685 1228 2726 impares!
1274 2684 1324 2715 De
1338 2682 1428 2715 tibiis
1446 2682 1574 2714 dextris
1588 2688 1623 2713 et
