1835 2906
210 156 267 196 452

663 165 812 195 SEXTI
847 167 1045 196 ΡΟΜΡΕΙΙ
1084 166 1219 196 FESTI

211 230 360 300 Adorf'
381 241 508 300 fa'r'r‘is
530 272 677 312 genus,
700 260 808 301 edor
829 261 1048 313 quondam
1073 260 1359 314 appellatum,
1381 261 1436 301 ab
1457 261 1644 309 edendo,

266 328 339 368 vel
361 327 479 380 quod
499 327 707 368 aduratur
728 333 778 369 ut
795 328 874 369 fiat
894 333 1055 369 tostum
1075 341 1085 369 ε
1108 328 1223 368 unde
1245 328 1289 368 in
1312 329 1532 369 sacrificio
1551 341 1644 368 mo-

268 395 311 435 la
330 395 449 437 salsa
469 394 665 435 efficitur.

211 462 430 504 Adorareq
466 463 584 516 apud
604 463 822 517 Antiquos
844 463 1124 516 significabat
1147 475 1290 514 agere,
1318 462 1431 503 unde
1453 467 1495 503 et
1515 463 1645 514 legati

268 534 461 571 oratores
482 531 711 581 dicuntur3
743 530 849 583 quia
868 531 1073 571 mandata
1094 530 1248 584 populi
1270 534 1419 581 agunt.

210 597 430 639 Adoream
444 604 456 620 Γ
475 597 701 648 laudem,¹⁶
728 600 822 639 sive
842 599 1021 651 gloriam
1039 599 1267 639 dicebant:
1291 598 1395 650 quia
1411 597 1643 649 gloriosum

265 679 363 706 eum
386 668 603 720 putabant
625 679 735 716 esse,
757 666 831 720 qui
853 666 978 707 farris
999 666 1130 720 copia
1149 665 1399 706 abundaret.

813 774 947 786 eeeee

950 774 1045 786 ento

254 854 292 882 16
315 851 599 892 Distinguendum
617 857 729 883 monet
747 853 832 884 Dac-
849 858 927 894 post
942 853 1118 885 Adoream:
1142 856 1306 898 Adoream,
1330 860 1460 891 laudem.

854 950 883 982 N
891 950 991 981 OTAE

210 1012 289 1053 quid
307 1022 368 1053 ego
385 1014 508 1044 audio?
552 1013 619 1045 Ao.
642 1013 900 1045 Antidamarchi

210 1068 346 1102 gnatum
379 1073 431 1093 ine
461 1063 558 1095 esse!
612 1065 653 1095 Et
682 1065 780 1104 paulo
799 1069 900 1104 post:

209 1115 217 1129 ⁴
236 1114 424 1145 Demarcho
448 1115 527 1145 item
553 1115 623 1156 ipse
645 1114 708 1146 fuit
732 1115 902 1156 adoptati·

209 1163 299 1194 tius.’
321 1164 402 1194 Duc.

251 1218 267 1238 Ρ
282 1213 386 1254 Actor]
421 1215 512 1245 Adur
545 1214 705 1246 dicebant
743 1216 900 1252 Veteres,

208 1264 297 1304 quod
315 1265 471 1296 Graecum
490 1270 553 1304 est,
577 1265 661 1305 ἆθὺρ,
687 1267 777 1297 nulla
802 1267 899 1297 litera

209 1316 383 1346 immutata
417 1322 541 1356 praeter
571 1319 597 1355 0,
630 1318 663 1347 in
687 1319 728 1348 d:
755 1323 792 1349 ut
821 1318 899 1357 θεὸς,

209 1366 315 1397 Deus.
339 1367 473 1397 Dicitur
489 1372 523 1398 et
539 1369 640 1406 Adus,
653 1368 777 1400 Aderis.
802 1369 900 1400 Glos-

208 1416 351 1447 sarium:
379 1422 387 1435 ‘
402 1417 506 1457 Adus,
521 1418 632 1449 σῖτος.’
678 1419 732 1449 Ita
748 1419 835 1450 enim
854 1419 899 1450 le·

207 1466 363 1506 gendum.
411 1468 535 1499 Postea
566 1469 771 1500 declinatum
801 1470 900 1509 Adus,

208 1518 342 1548 Adoris:
361 1523 396 1549 nt
411 1519 543 1559 pignus,
559 1521 725 1560 pigneris:
740 1521 897 1561 pignoris:

207 1573 353 1608 tempus,
371 1571 545 1610 temperis,
564 1572 739 1611 temporis,
778 1572 899 1613 Itaque

206 1617 255 1653 fit,
273 1619 358 1650 utin
376 1620 519 1661 obliquis
543 1621 693 1652 secunda
708 1632 795 1653 nunc
823 1632 898 1662 pro-

206 1668 359 1708 ducatur,
378 1680 464 1701 nunc
488 1672 703 1712 corripiatur.
750 1673 791 1704 A.
808 1673 900 1704 Gan-

207 1719 280 1749 nius
298 1726 394 1750 vetus
413 1720 512 1761 poe'ta
529 1723 668 1763 corripit
694 1724 726 1754 in
753 1724 809 1755 illo
828 1733 899 1754 vet·-

208 1779 265 1800 su:
291 1770 411 1800 ‘Illam
430 1777 548 1811 sponte
566 1778 656 1804 satos
680 1773 790 1804 adoris
815 1781 899 1804 stra-

207 1820 297 1850 visse
314 1821 499 1860 maniplos)
546 1823 656 1853 Item:
683 1823 692 1840 ‘
706 1824 771 1854 Hic
790 1824 901 1855 adoris

208 1871 267 1902 dat
299 1873 462 1912 primitias
489 1873 577 1903 tibi:
603 1875 765 1914 sanguine
794 1875 899 1906 libat)

208 1921 393 1954 Ausonius:
421 1924 521 1954 ‘Mox
549 1923 644 1962 ador,
667 1930 771 1965 atque
790 1925 899 1956 adoris

208 1972 250 2002 de
265 1973 390 2013 polline
412 1973 597 2013 pultificum
614 1973 687 2004 far.'
734 1975 900 2006 Producit

207 2022 295 2053 idem
311 2023 459 2054 Gannius
472 2024 503 2054 in
521 2024 596 2055 illo:
622 2024 631 2040 ‘
646 2025 778 2056 Emicat
795 2026 827 2056 in
843 2036 899 2056 nu·

209 2072 267 2102 bes
283 2073 458 2104 nidoribus
480 2074 579 2104 ardor
606 2074 742 2105 adoris!
785 2076 900 2108 Quare

207 2121 421 2153 doctissimus
438 2123 685 2155 Grammaticus
706 2125 900 2156 Priscianus

208 2174 454 2214 aitirregulare
471 2174 532 2205 lioc
559 2185 678 2206 nomen
707 2186 792 2216 esse,
812 2177 898 2218 quod

209 2235 283 2255 cnm
302 2225 332 2255 iu
349 2235 383 2255 ον
399 2226 609 2264 terminetur,
623 2232 734 2258 tamen
750 2227 900 2268 obliquos

208 2275 346 2314 corripit
364 2282 482 2306 contra
500 2276 639 2307 aliorum
664 2282 839 2308 naturam:
865 2283 899 2309 et

208 2334 281 2355 cum
299 2326 406 2355 neutri
426 2326 467 2356 sit
491 2327 638 2366 generis,
662 2332 775 2358 tamen
804 2329 836 2358 in
864 2338 900 2359 or

208 2374 343 2404 desinit.
371 2375 557 2415 Utrumque
575 2375 706 2408 falsum.
738 2378 825 2408 Nam
844 2388 901 2409 ne-

208 2434 273 2465 que
291 2435 365 2455 cum
383 2425 532 2465 obliquos
548 2427 714 2466 producit,
727 2433 778 2459 est
792 2429 902 2459 neutri

208 2475 351 2514 generis,
380 2475 436 2505 sed
460 2477 657 2508 masculini:
690 2488 799 2519 neque
826 2489 901 2509 cum

207 2524 320 2555 neutri
338 2529 390 2554 est
415 2525 565 2564 generis,
583 2527 613 2555 in
631 2537 665 2556 or
690 2528 899 2559 terminatur.

209 2574 372 2606 Quamvis
390 2576 477 2604 euim
495 2575 581 2606 dixit
599 2576 778 2616 Ausonius,
794 2581 802 2595 ⁶
819 2579 901 2609 Mox

209 2623 304 2662 ador,
320 2628 421 2664 atque
438 2624 572 2654 adoris:
598 2624 639 2655 de
661 2627 782 2665 polline
799 2628 901 2667 pulti-

210 2672 309 2702 ficum
333 2671 383 2702 far
399 2674 420 2701 :¹
454 2678 566 2703 tamen
591 2675 666 2704 ador
688 2674 815 2707 dictum
841 2687 901 2717 pro

211 2723 306 2752 udus:
333 2726 369 2753 ut
395 2726 403 2740 ⁴
418 2732 539 2763 corpor
554 2722 561 2735 '
583 2723 740 2756 dicebant
762 2727 795 2757 in
823 2737 901 2759 ncu-

957 1019 1031 1044 tro:
1056 1014 1114 1045 sed
1142 1017 1218 1047 udus
1245 1017 1274 1048 in
1300 1023 1419 1050 neutro
1443 1019 1584 1059 dictum,
1611 1026 1645 1052 et

954 1065 1030 1095 ador
1066 1065 1098 1095 in
1135 1068 1333 1107 masculino,
1364 1075 1401 1100 ut
1433 1071 1441 1086 ‘
1457 1070 1557 1101 decus
1573 1070 1581 1084 ’
1612 1076 1647 1101 et

954 1115 962 1130 ‘
977 1114 1099 1145 decor!
1140 1116 1244 1147 Porro
1262 1120 1337 1148 ador
1353 1124 1403 1149 est
1420 1118 1483 1158 far,
1496 1130 1552 1150 seu
1570 1118 1646 1158 ζειά.

952 1164 993 1195 In
1006 1165 1174 1196 Glossario
1189 1169 1392 1207 transposita
1407 1169 1452 1200 ita
1465 1180 1523 1200 sno
1536 1171 1646 1200 ordini

954 1216 1122 1256 restitues,
1146 1223 1178 1247 et
1209 1218 1416 1250 emendabis.
1463 1221 1517 1251 Ita
1544 1221 1645 1258 vulgo

952 1266 1096 1305 legitur:
1118 1267 1216 1307 Λαον,
1231 1267 1375 1301 videmos.
1423 1271 1520 1306 Adur,
1534 1283 1644 1311 προσε-

952 1317 1120 1356 νεγκενξία.
1162 1320 1251 1360 Lege
1266 1331 1272 1350 :
1290 1321 1478 1362 Adoptatus,
1497 1321 1644 1354 νὶόθετος.

952 1366 1051 1405 Ador,
1066 1367 1140 1406 ζειαί.
1186 1370 1341 1410 Adpnrat,
1352 1372 1574 1414 προσήνεγκεν,
1588 1386 1647 1404 πα-

950 1417 1144 1458 ρασκευάζει,
1160 1419 1333 1460 εὐτρεπίζει.
1372 1423 1412 1453 In
1428 1423 1546 1455 eodem
1565 1424 1647 1464 legl-

955 1473 1031 1498 tur:
1058 1469 1066 1484 ‘
1086 1469 1231 1506 Adonia‚
1247 1470 1327 1503 εἶδος
1342 1473 1454 1504 aimo!
1476 1475 1547 1506 dos.
1563 1475 1647 1506 Scal.

996 1519 1100 1561 Adur]
1122 1521 1241 1552 Potius
1259 1532 1275 1552 a
1294 1523 1417 1555 Graeco
1431 1525 1518 1565 ἀθὴρ,
1532 1526 1647 1562 arista,

954 1572 970 1599 0
986 1570 1017 1600 in
1034 1572 1063 1600 d.
1092 1571 1234 1603 Veteres
1252 1573 1408 1605 dicebant
1421 1577 1498 1606 udus
1511 1582 1546 1607 et
1560 1578 1646 1608 ador.

955 1620 1054 1650 Unde
1072 1621 1104 1651 in
1122 1621 1262 1663 obliquis
1278 1625 1427 1655 secunda
1452 1626 1548 1656 niodo
1572 1636 1647 1667 pro·

953 1671 1066 1706 ducta,
1095 1673 1191 1703 modo
1216 1681 1385 1715 correpta.
1442 1677 1647 1709 Producitur

955 1720 997 1750 ab
1012 1722 1085 1751 ador
1102 1723 1274 1754 masculini
1295 1726 1438 1761 cencris,
1463 1727 1647 1767 corripitur

954 1771 995 1801 ab
1008 1773 1082 1802 udus
1093 1773 1254 1804 neutrius.
1278 1775 1365 1806 Vide
1377 1775 1465 1807 infra
1479 1777 1526 1807 in‘
1537 1777 1647 1809 mola.’

954 1822 1035 1852 Dac-

996 1876 1011 1896 (ι
1036 1870 1196 1910 Adai-are]
1227 1873 1315 1905 Vide
1340 1875 1348 1892 ‘
1369 1875 1460 1907 Nec'
1487 1877 1647 1918 conjunc-

956 1920 1091 1951 tionem.
1114 1921 1192 1952 Ant.
1209 1923 1294 1962 Aug.

998 1970 1151 2010 Adorare]
1177 1972 1214 2002 In
1230 1973 1294 2013 leg.
1312 1983 1380 2005 xit.
1399 1975 1467 2008 tab.
1491 1978 1500 1994 ‘
1516 1977 1550 2008 Si
1568 1977 1647 2009 ado·

955 2026 1007 2050 rat
1025 2020 1162 2056 furtum,
1180 2022 1268 2062 quod
1287 2034 1348 2054 nec
1366 2025 1578 2058 manifestum
1595 2037 1647 2059 es-

956 2071 1014 2108 cit,
1032 2070 1225 2111 duplionem
1244 2073 1351 2105 luito.'
1375 2075 1456 2106 Dae.

998 2124 1009 2140 ¹·
1030 2120 1198 2161 Adoream]
1223 2122 1432 2155 Glossarium
1456 2131 1565 2167 vetus,
1591 2137 1646 2159 cu-

949 2170 1006 2210 jus
1024 2180 1087 2210 ope
1104 2172 1207 2202 multa
1226 2174 1401 2204 vetustatis
1425 2176 1492 2206 situ
1515 2178 1648 2217 sepulta

955 2220 1118 2250 eruimus:
1138 2222 1146 2237 ‘
1163 2220 1361 2263 Adoriosus,
1379 2223 1508 2264 ἔνδοξος,
1524 2231 1649 2265 Ασπομ·

954 2274 1043 2309 πιϊος,
1059 2273 1234 2311 αδορνικηας
1250 2274 1402 2311 πεμπιος.’
1437 2276 1544 2315 nge:
1562 2278 1646 2308 Ado-

954 2321 1064 2361 riosus,
1096 2320 1223 2362 ἔνδοξος,
1253 2323 1292 2353 ὡς
1321 2324 1487 2362 Πομπήϊος.
1546 2327 1647 2367 Adur,

956 2371 1035 2410 νίκη,
1065 2372 1104 2402 ὡς
1132 2372 1302 2410 Πομπήϊος.
1360 2376 1450 2407 Quin
1481 2377 1647 2417 intelligat

956 2428 1106 2452 nostrum
1125 2422 1244 2462 Pomp.
1265 2425 1396 2455 Festum
1424 2426 1646 2458 dubitandum

955 2481 1020 2502 non
1038 2476 1100 2503 est.
1145 2472 1247 2508 Hinc,
1262 2483 1358 2513 quam
1377 2477 1480 2505 multa
1504 2476 1543 2506 ad
1560 2478 1647 2508 arbi-

956 2522 1055 2552 trium
1085 2532 1181 2552 suuni
1210 2525 1401 2560 mutaverit,
1427 2527 1646 2567 mutilaverit,

956 2572 1159 2612 perverterit
1181 2573 1420 2612 Longobardus
1445 2575 1522 2613 iste,
1547 2575 1646 2607 facilc

956 2621 1087 2652 adverti
1107 2626 1229 2661 potest.
1266 2623 1351 2653 Nam
1367 2633 1441 2663 qua‘
1456 2624 1646 2657 Glossarius

956 2672 1011 2702 ille
1027 2677 1177 2711 annotat,
1195 2682 1235 2702 ex
1258 2672 1320 2703 lioc
1342 2673 1473 2714 integro
1496 2675 1571 2706 loco
1588 2676 1645 2707 de·

956 2728 1088 2763 promta
1104 2721 1239 2754 suerunt
1254 2723 1324 2755 sine
1338 2724 1405 2755 ullo
1420 2724 1530 2757 dubio.
1565 2729 1645 2758 Ailo-
