1835 2906
354 147 417 176 DE
451 143 721 176 VERBORUM
757 141 1166 174 SIGNlFiCATIONE
1202 142 1294 171 LlB.
1330 141 1434 170 vul.

1549 129 1631 170 301.

185 241 344 283 Hastae
367 238 730 295 subjiciebanturi
761 251 828 288 ea,
849 249 946 290 quae
966 236 1145 290 publice
1166 236 1474 276 venundabant
1493 249 1501 276 :
1532 236 1633 288 quia

242 311 416 363 signum
429 309 705 363 praecipuum
725 313 737 338 ³
769 312 836 348 est
848 307 991 346 hasta.
1043 304 1159 345 Nam
1177 309 1218 344 et
1236 303 1601 356 Carthaginenses
1618 301 1631 323 k

240 390 339 418 cum
361 376 527 417 bellum
549 377 727 424 vellent,
748 374 937 416 Romam
955 373 1128 413 hastam
1146 372 1362 412 miserunt
1380 386 1389 412 ε
1412 376 1455 412 et
1473 370 1635 412 Roma-

241 445 286 485 ni
308 444 441 485 fortes
462 444 584 485 viros
605 455 724 497 saepe
740 443 868 483 hasta
883 440 1110 481 donarunt.

185 510 385 562 ΗΕΒΕΞ,1
415 513 551 553 retusi
570 510 798 553 acuminis.

186 579 407 629 Hecatam
430 579 591 629 Diana,
608 578 761 620 eadem
778 577 1013 630 putabatur
1027 581 1045 606 4
1066 580 1108 617 et
1127 576 1243 626 luna,
1262 580 1306 617 et
1322 575 1608 628 Proserpina.

188 646 399 688 Hederan
431 645 564 696 dicta,
594 645 713 700 quod
744 645 937 696 haereat3
977 645 1069 685 sive
1103 643 1223 698 quod
1256 644 1373 686 edita
1401 647 1534 697 petat,
1561 643 1634 684 vel

244 715 347 767 quia
367 713 428 763 id,
451 714 524 755 cui
553 712 809 763 adhaeserit,
831 711 960 753 edat:
993 725 1093 765 quae
1114 712 1159 752 in
1185 712 1321 753 tutela
1343 711 1489 752 Liberi
1510 714 1639 765 puta-

243 783 374 823 batur
393 794 508 831 esse,
531 781 636 834 quia
655 785 700 822 ut
714 780 789 821 ille
801 780 980 834 juvenis
1001 793 1187 833 semper,
1210 780 1275 820 ita
1296 780 1394 820 haec
1414 779 1523 820 viret
1541 791 1551 817 τ
1574 778 1642 820 vel

245 850 347 903 quia
367 849 432 890 ita
454 851 610 900 onmia,
633 849 752 890 sicut
772 849 846 889 ille
869 852 1035 889 mentes
1052 848 1287 897 hominum,
1305 847 1457 900 illigat.

190 916 496 967 Heliconides,
515 930 655 958 musae
677 930 704 958 a
724 920 869 958 monte
894 916 1117 957 Helicone
1141 920 1325 957 vocatae.

191 984 457 1035 Heluacea,⁰
488 998 621 1038 genus
643 984 884 1026 ornamenti
913 982 1060 1037 Lydii,
1085 983 1253 1024 dictum
1275 997 1301 1024 a
1323 983 1473 1024 colore
1494 982 1641 1031 boum,

247 1052 322 1105 qui
340 1055 407 1093 est
423 1052 534 1093 inter
550 1052 693 1093 rufum
715 1058 758 1092 et
779 1052 941 1100 album,
965 1051 1303 1104 appellaturque
1326 1050 1499 1091 heluus.

192 1118 435 1169 Helucus,p
466 1120 521 1160 ab
542 1119 664 1161 hiatu
686 1125 729 1160 et
748 1118 1015 1160 oscitatione
1039 1118 1199 1159 dictus.

799 1237 937 1250 comto«
942 1237 1041 1249 OONO

191 1318 209 1346 3
225 1315 319 1348 ‘Vox
332 1316 521 1358 praecipuum
533 1315 622 1349 forte
639 1316 804 1349 mutanda
819 1317 851 1348 in
865 1316 990 1357 prcelz'i.'
1007 1317 1102 1348 Fulv.
1120 1316 1303 1347 Ursin.—-4
1319 1314 1383 1346 Ed.
1399 1314 1487 1345 Scal.
1505 1317 1644 1354 putatur.

851 1414 991 1446 NOTAE

233 1487 248 1509 ¹³
280 1488 445 1530 Harm'ga]
474 1490 576 1530 ”Αριξ,
606 1490 700 1523 aries.
758 1491 892 1522 Inserto

193 1538 315 1580 digam.
333 1539 419 1571 AEol.
436 1538 534 1580 ἄρειξ.
561 1541 679 1581 Aruix,
695 1541 773 1572 inde
786 1542 892 1572 harui-

190 1599 247 1628 ga,
264 1590 400 1630 proprie
417 1590 542 1630 hostia,
564 1601 638 1622 cum
654 1592 744 1623 aries
762 1592 894 1623 scilicet

192 1639 419 1671 mactabatur.
455 1640 522 1671 Sed
541 1646 660 1681 postea
676 1641 803 1682 quaevis
820 1642 893 1672 hos-

193 1690 254 1728 tia,
267 1689 363 1729 cujus
376 1694 457 1721 exta
470 1690 752 1731 inspiciebantur,
764 1692 895 1730 hafflig-a

195 1738 301 1769 dicta.
347 1739 390 1770 In
417 1740 554 1780 antiqua
582 1741 833 1772 Mediolanensi
851 1742 896 1773 le-

195 1790 307 1829 gitur:
336 1789 484 1829 Haruz'ga
500 1790 659 1822 dicebatur
675 1791 787 1830 hostia,
809 1791 896 1830 cujus

194 1840 235 1869 ad
261 1840 385 1879 hepatia
400 1839 591 1880 inspicienda
608 1842 818 1873 conducuntur
833 1843 895 1873 ari-

194 1889 247 1920 oli.
296 1890 396 1920 Unde
422 1890 585 1922 Vossius:
622 1892 719 1930 Cujus
742 1893 782 1923 ad
807 1892 900 1932 hepar

194 1942 224 1969 et
252 1942 326 1969 exta
350 1939 541 1979 inspicienda
564 1942 779 1972 conducuntur
795 1942 897 1972 arioli.

196 1989 305 2020 Idem.

241 2038 248 2058 ¹
273 2039 385 2070 Hastae
410 2039 667 2081 subjiciebantur]
707 2042 790 2072 Cum
817 2041 898 2083 quid

198 2089 333 2129 publice
347 2090 485 2121 venibat
501 2091 600 2122 hasta
617 2091 825 2131 erigebatur,
839 2102 899 2123 un-

198 2140 241 2170 de
269 2140 390 2180 passim
419 2140 509 2181 apud
535 2142 681 2173 Veteres
706 2142 789 2173 ‘sub
806 2143 900 2174 hasta

198 2190 333 2221 venire’
359 2192 523 2232 reperias.
576 2193 662 2224 Inde
689 2198 802 2224 autern
827 2204 898 2225 mos

200 2240 366 2271 deductus
391 2241 538 2284 videtur,
562 2244 651 2284 quod
678 2244 794 2283 primis
818 2250 900 2275 tem-

201 2288 338 2329 poribus
363 2300 403 2321 ea
429 2297 560 2323 tantum
578 2293 710 2332 publice
729 2294 900 2330 venibant,

202 2349 277 2379 quae
299 2339 388 2370 bello
414 2348 515 2381 capta
540 2342 688 2383 fuerant,
712 2344 826 2375 Graeci
844 2354 900 2375 vo-

202 2394 283 2420 cant
299 2388 482 2430 δορύκτητα.
504 2392 602 2423 Idem.

247 2438 260 2458 k
284 2441 368 2470 Nam
393 2444 423 2471 et
449 2441 726 2482 Carthaginenses]
754 2442 811 2473 Sic
838 2443 902 2473 Ro-

203 2490 292 2519 mani
321 2490 354 2519 in
380 2499 495 2521 eorum
521 2490 619 2530 fines,
639 2492 760 2532 quibus
778 2492 903 2523 bellum

203 2537 415 2578 indicebant,
433 2541 562 2571 hastam
577 2541 770 2572 mittebant.
795 2543 902 2574 Quem

205 2599 331 2620 morem
349 2590 427 2621 alibi
445 2590 560 2623 fusius.
604 2592 693 2622 Vide
717 2592 903 2624 ‘Bellona.'

209 2641 307 2672 Idem.

251 2691 257 2711 ¹
274 2691 394 2732 Hebes]
412 2693 564 2734 Corpora
580 2694 701 2725 obtusa
718 2697 752 2724 et
770 2693 903 2725 minime

949 1493 1049 1521 acuta
1065 1488 1199 1520 hebetia
1229 1487 1381 1529 proprie,
1403 1490 1437 1517 et
1466 1495 1528 1527 per
1543 1490 1649 1516 meta-

948 1541 1085 1582 phoram
1102 1540 1253 1570 homines
1270 1537 1399 1578 stupidi
1421 1542 1456 1568 et
1473 1536 1576 1568 crassi
1592 1536 1650 1567 he-

950 1591 1046 1622 betes
1063 1590 1147 1621 dicti
1165 1594 1254 1620 sunt.
1279 1588 1377 1618 Idem.

992 1646 1014 1660 ¹¹²
1038 1639 1172 1680 Hecate]
1199 1640 1281 1670 Eam
1298 1639 1331 1668 in
1354 1638 1439 1668 coelo
1459 1638 1600 1673 Lunam,
1617 1636 1649 1666 in

952 1691 1051 1722 terris
1078 1692 1238 1727 Dianam,
1262 1690 1293 1719 in
1321 1687 1445 1718 Inferis
1472 1687 1651 1726 Proserpi-

954 1751 1029 1772 nam
1041 1739 1160 1779 fuisse,
1177 1740 1288 1780 poeta:
1302 1738 1514 1769 fabulantur.
1548 1737 1650 1768 Unde

952 1796 986 1822 et
1002 1791 1175 1830 tergemina
1191 1790 1296 1820 dicta.
1322 1788 1391 1819 Alii
1411 1793 1523 1818 tamen
1541 1787 1650 1818 diver-

954 1851 1006 1871 sas
1025 1841 1166 1871 faciunt.
1192 1840 1289 1870 Idem.

1008 1896 1022 1911 n
1047 1891 1191 1931 Hedera]
1229 1890 1316 1921 vide
1345 1890 1353 1906 ‘
1373 1888 1543 1920 Ederam.'
1574 1888 1652 1919 Ant..

953 1943 1037 1980 Aug.

998 1991 1142 2032 Hedera]
1168 1991 1222 2022 Ab
1240 1990 1385 2029 edendo,
1404 1992 1508 2027 edera,
1526 1994 1561 2020 et
1577 1999 1653 2019 cum

954 2043 1176 2082 aspiratione,
1194 2046 1231 2072 ut
1255 2041 1410 2071 solebant
1432 2040 1478 2070 iili
1496 2040 1653 2073 Veteres,

953 2092 1076 2123 hedera.
1123 2091 1233 2131 quue
1251 2090 1354 2130 magis
1370 2090 1482 2129 placet
1497 2098 1594 2127 quam
1613 2088 1654 2118 ab

956 2142 1125 2177 haerendo,
1137 2152 1210 2172 uam
1224 2142 1361 2172 tertium
1380 2145 1529 2180 etymon,
1543 2141 1552 2156 ‘
1565 2138 1655 2180 quod

956 2193 1050 2224 edita
1090 2192 1209 2233 petat,'
1255 2193 1409 2232 ineptum
1456 2191 1554 2231 plane
1593 2195 1657 2221 est.

959 2244 1058 2275 Idem.

996 2300 1010 2314 ⁰
1035 2292 1208 2332 Heluacea]
1248 2292 1379 2322 Heluus
1408 2290 1532 2320 dicitur
1563 2290 1657 2320 color

956 2343 1045 2374 inter
1063 2342 1171 2373 rufum
1190 2347 1224 2372 et
1241 2341 1362 2379 album,
1381 2340 1421 2370 ab
1441 2341 1567 2371 AEoiico
1583 2339 1658 2370 πέλ-

957 2400 1026 2433 φος,
1058 2394 1165 2433 niger‚
1195 2392 1322 2429 fuscus,
1352 2391 1507 2431 pallidus.
1558 2391 1657 2421 Varr.

957 2445 1016 2474 lib.
1033 2453 1071 2474 11.
1097 2443 1139 2473 de
1158 2444 1197 2473 R.
1216 2442 1256 2472 R.
1281 2442 1290 2456 ‘
1304 2441 1425 2471 Colore
1446 2440 1657 2480 potissimum

958 2495 1067 2534 nigro,
1106 2492 1232 2523 deinde
1264 2492 1381 2529 rubeo,
1412 2492 1514 2522 tertio
1547 2492 1657 2530 heluo,

958 2548 1079 2584 quarto
1110 2542 1210 2573 albo.’
1266 2541 1321 2572 Ab
1352 2542 1468 2580 heluus,
1494 2541 1659 2577 heluohm,

959 2593 1123 2626 heluinus,
1154 2597 1188 2622 et
1221 2592 1414 2631 heluaceus,
1437 2592 1492 2633 qui
1522 2592 1656 2622 heluum

959 2645 1106 2674 colorem
1125 2641 1242 2673 refert.
1260 2643 1357 2672 Idem.

1003 2700 1017 2719 Ρ
1044 2693 1194 2734 Helacus]
1218 2693 1305 2724 Vide
1325 2698 1332 2711 ¹
1348 2692 1495 2724 Eiucus.’
1520 2693 1615 2723 Idem.
