1835 2906
261 409 525 485 SEX..
600 396 1160 484 POMPEII
1233 392 1578 480 FESTI

883 591 945 619 DE

195 731 756 794 VERBORUM
813 717 1643 790 SIGNIFICATIONE

715 910 934 958 LIBER

990 907 1136 954 VIII.

203 1191 517 1254 ΙΓΙΑΒιΤιοΒ,ἆ
548 1202 765 1257 pinguior.

202 1271 476 1322 Habitudo,b
506 1272 680 1312 habitus
703 1279 951 1321 corporum.

203 1341 460 1394 Halapanta
478 1343 488 1359 ¹
505 1345 518 1361 0
550 1337 768 1391 significat
788 1334 935 1375 omnia
956 1330 1233 1373 mentientem
1252 1341 1261 1369 z
1302 1329 1357 1368 ab
1374 1340 1425 1368 eo
1446 1323 1563 1380 quod
1578 1324 1655 1365 han

258 1408 320 1448 let
341 1408 489 1448 onmia
507 1421 516 1448 ε
549 1406 640 1454 ἄλην
663 1404 778 1445 enim
799 1401 948 1444 Graeci
974 1402 1037 1450 τὴν
1059 1397 1223 1448 πλάνην;
1254 1396 1299 1436 id
1320 1400 1401 1446 est,
1419 1394 1657 1439 fallentem2

261 1476 502 1529 appellant.

811 1544 950 1558 were
954 1543 989 1555 eo
993 1543 1029 1554 ’φ
1033 1543 1051 1553 ο

250 1631 263 1658 l
291 1632 299 1646 ‘
318 1628 356 1659 L.
374 1637 418 1658 m.
442 1626 658 1666 Holaphanta:
684 1623 787 1663 forte,
815 1622 972 1663 Holpata,
1000 1631 1041 1652 ex
1064 1620 1189 1651 Graeco
1216 1616 1300 1655 ὅλος,
1330 1618 1366 1645 et
1390 1610 1539 1644 ἀπατάω.’
1568 1609 1660 1640 Fuzv0

211 1671 317 1702 Ursiu.
363 1670 451 1701 Vide
470 1670 591 1700 Notas.

863 1740 895 1771 N
904 1739 1008 1771 OTAE

257 1837 270 1851 Β
297 1829 457 1868 Habitior]
482 1828 634 1869 Respicit
650 1827 759 1858 locum
773 1826 911 1856 Terent.

211 1882 363 1915 Eunuch.
382 1890 420 1911 11.
438 1883 470 1911 3.
504 1881 513 1897 ⁴
532 1880 566 1909 Si
595 1888 661 1919 qua
687 1883 737 1908 est
763 1876 911 1907 habitior

212 1932 324 1973 paulo,
342 1931 490 1971 pugilem
514 1938 589 1960 esse
615 1928 722 1966 aiunt,
739 1925 912 1957 deducunt

213 1981 349 2013 cibum.'
375 1982 457 2011 Dae.

254 2032 267 2052 b
287 2030 464 2069 Habitudo]
480 2027 668 2068 Pinguedo.
694 2026 785 2057 Gall.
800 2025 910 2056 eubon-

210 2082 308 2123 poz'nt.
353 2081 497 2111 Terent.
524 2078 606 2109 ibid.
623 2086 665 2108 ιι.
682 2079 712 2107 2.
738 2076 746 2092 ‘
765 2076 832 2108 Qui
857 2084 911 2105 co-

214 2133 276 2168 lor,
293 2132 395 2169 nitor,
412 2130 572 2167 vestitus,
585 2137 659 2168 quae
681 2125 845 2157 habitudo
862 2130 913 2155 est

215 2180 393 2221 corporis.'
419 2181 518 2210 Idem.

258 2237 271 2252 ⁰
296 2230 492 2271 Halapanta]
523 2230 596 2269 Ego
627 2227 782 2267 suspicor
813 2226 914 2257 Plau-

219 2287 290 2313 tum
318 2281 492 2321 scripsisse
522 2280 705 2319 Halopunta
732 2287 793 2318 per
820 2288 849 2313 o,
880 2282 919 2308 ut

218 2334 299 2372 παρὰ
324 2330 380 2367 τὴν
407 2329 469 2360 ἅλα
494 2330 602 2360 simile
624 2328 768 2364 faceret,
785 2337 824 2358 ac
838 2326 920 2366 παρὰ

219 2381 256 2412 τὸ
272 2379 368 2412 σύκον
382 2379 508 2410 factum
525 2384 576 2409 est
593 2379 816 2418 sycophanta·
861 2377 921 2408 Ni·

220 2433 265 2463 hil
291 2430 460 2471 significat
478 2429 678 2469 Halopanta:
703 2428 761 2458 sed
781 2428 920 2458 Comice

220 2489 257 2514 et
275 2487 428 2522 tempore
445 2481 551 2510 lusum
578 2484 642 2514 est,
671 2483 813 2518 propter
829 2478 923 2508 habi-

223 2538 294 2564 tum
308 2532 485 2568 marinum,
501 2534 535 2560 et
550 2533 643 2559 recte
657 2528 756 2558 hodie
774 2528 806 2557 in
821 2528 925 2557 Plau„

225 2583 304 2613 tinis
328 2580 501 2612 codicibus
525 2578 650 2618 legitur
668 2586 728 2617 per
745 2586 775 2615 0,
790 2580 798 2593 ‘
816 2576 922 2607 Halo-

224 2634 394 2673 phantam,
414 2641 453 2661 an
471 2629 713 2670 sycophantam
742 2627 830 2657 hunc
854 2636 922 2656 ma-

225 2684 276 2723 ms
308 2691 381 2713 esse
410 2682 533 2720 dicam,
563 2677 698 2718 nescio‚'
732 2678 764 2707 in
785 2676 923 2707 Curcul.

226 2735 293 2764 Jos.
307 2732 388 2764 Scac.

1008 1820 1207 1864 Halapanta]
1217 1818 1319 1851 Liber
1330 1816 1485 1857 antiquus
1500 1814 1665 1853 holaphan-

966 1879 1010 1906 ta.
1026 1875 1119 1905 Male
1132 1872 1229 1902 Fulv.
1241 1868 1356 1900 Ursin.
1374 1866 1510 1906 Holpata
1522 1873 1564 1894 ex
1574 1862 1668 1894 Grae·

966 1935 1006 1956 co
1018 1923 1105 1961 ὅλος,
1115 1928 1220 1959 totus,
1231 1925 1264 1950 et
1274 1916 1415 1956 ἀπατάω,
1426 1916 1519 1947 fallo.
1538 1915 1667 1953 Legen-

966 1976 1045 2006 dnm
1058 1973 1257 2013 halophanta.
1276 1967 1432 2008 Respicit
1445 1966 1558 1996 locum
1568 1963 1670 1994 Plau-

969 2026 994 2056 ti
1006 2023 1144 2055 Curcul.
1158 2031 1208 2053 1v.
1220 2023 1250 2051 1.
1267 2021 1275 2036 ‘
1289 2016 1543 2057 Halophantam
1561 2023 1600 2044 an
1615 2023 1668 2052 sy·-

969 2075 1174 2115 cophantam
1197 2071 1286 2101 hunc
1313 2067 1419 2108 magis
1451 2074 1523 2096 esse
1547 2063 1670 2100 dicam,

968 2122 1108 2156 nescio.’
1141 2121 1207 2152 Sed
1226 2119 1370 2161 pessime
1388 2117 1509 2147 Festus
1525 2114 1670 2152 halapan-

969 2180 1033 2206 tam
1049 2175 1104 2216 (ut
1121 2174 1192 2214 ipse
1204 2169 1305 2212 legit)
1322 2168 1432 2199 omnia
1448 2165 1671 2195 mentientem

971 2227 1231 2264 interpretatur,
1254 2220 1295 2250 ab
1321 2217 1394 2253 ἅλη,
1425 2213 1542 2254 πλάνη,
1565 2221 1672 2246 error,
1716 2210 1731 2224 ⁸

973 2281 1008 2307 et
1037 2273 1151 2311 πάντα,
1180 2270 1304 2302 omnia.
1362 2268 1437 2298 Nec
1467 2264 1585 2295 melius
1610 2262 1674 2293 viri

974 2323 1172 2362 doctissimi,
1187 2329 1328 2362 quorum
1343 2317 1411 2354 alii,
1424 2319 1462 2346 ut
1475 2314 1626 2355 Scaliger
1640 2318 1675 2344 et

974 2377 1155 2407 canterus,
1177 2370 1394 2410 halophantam
1416 2367 1481 2397 dici
1500 2365 1616 2396 volunt
1633 2363 1675 2394 ab

975 2425 1044 2463 ἃλς,
1060 2432 1165 2461 mare,
1182 2425 1217 2452 et
1231 2419 1403 2459 φαίνεσθαι,
1419 2415 1611 2449 ostendere,
1633 2414 1676 2444 ob

976 2474 1136 2506 vestitum
1151 2470 1338 2501 nauticum.
1387 2466 1468 2504 Alii,
1483 2471 1519 2496 ut
1531 2464 1679 2503 Nonius,

979 2525 1021 2555 ab
1039 2523 1100 2559 ἄλη
1117 2527 1151 2552 et
1168 2519 1293 2559 ὑφαίνω,
1315 2523 1404 2557 texo,
1425 2516 1481 2556 qui
1497 2513 1677 2546 mendacia

979 2575 1078 2613 texit,
1093 2571 1240 2603 consuit.
1278 2568 1347 2600 Alii
1363 2566 1524 2606 denique,
1539 2569 1577 2595 ut
1592 2564 1678 2595 Tur-

979 2624 1097 2660 nebus,
1127 2621 1168 2651 ab
1199 2619 1283 2658 ὅλος,
1313 2622 1417 2656 totus,
1439 2621 1475 2646 et
1504 2612 1678 2654 φαίνεσθαι,

981 2674 1073 2713 quasi
1103 2671 1158 2712 qui
1186 2670 1228 2700 sit
1253 2673 1345 2700 totus
1377 2667 1411 2698 in
1440 2664 1680 2696 ostentatione„

981 2725 1104 2756 Mirum
1125 2722 1158 2753 in
1183 2720 1286 2753 tantis
1311 2718 1402 2750 viris.
1448 2715 1677 2755 Halophantae
