1835 2906
223 95 308 136 480

671 103 818 133 SEXTI
852 102 1051 132 POMPEll
1087 101 1223 132 FESTI

226 184 520 240 meutiquam?
545 200 624 240 pro
646 185 756 226 nullo
777 183 891 226 modo
924 183 1002 224 diez·
1023 183 1132 224 testis
1152 190 1222 233 est,
1244 196 1342 224 cum
1363 183 1439 232 ait,
1470 183 1547 223 sed
1569 182 1666 223 mihi

280 256 511 310 neutiquam
529 269 596 295 cor
616 254 821 299 consentit,
839 267 927 293 cum
949 253 1161 293 oculorum
1181 255 1377 304 aspectu,
1398 249 1530 292 Cicer.

1593 249 1666 290 In-

279 321 524 362 dissolubiles
553 320 714 377 quidem
737 336 812 362 esse
838 335 918 362 non
945 319 1125 375 potestis,
1149 319 1404 372 neutiquam
1433 324 1568 358 tamen
1589 317 1668 357 dis-

280 389 500 431 salvemini.

224 457 509 512 Neutiquam‚
529 471 606 511 pro
627 457 744 497 nullo
765 455 909 495 modo.

1492 453 1668 506 [PAUL.

224 523 434 566 Nexumk
467 529 548 574 est,
577 526 639 565 ait
666 523 825 564 Gallus
859 522 1021 570 AElius‚
1054 520 1363 575 quodcumque
1394 532 1474 573 per
1508 520 1670 573 [FEST.

279 606 342 633 aes
362 598 407 633 et
436 594 592 634 libram
621 592 794 645 geritur,
816 589 946 642 idque
966 589 1082 629 necti
1115 588 1303 628 dicitur:
1335 599 1425 640 quo
1446 587 1490 626 in
1512 600 1667 639 genere

279 664 378 701 sunt
408 661 530 702 haec:
563 658 811 700 testamenti
841 654 1002 706 factio,I
1032 656 1139 696 nexi
1173 655 1339 704 dati0‚¹¹¹
1371 654 1478 694 nexi
1510 655 1669 695 libera—

279 729 373 768 ti0.³

279 808 357 848 per
377 807 543 835 nexum
565 793 799 845 obligatur.

438 727 616 768 Nexum
639 738 703 765 aes
725 723 844 778 apud
865 724 1074 777 antiquos
1093 722 1320 763 dicebatur
1339 723 1546 774 pecunia,
1569 735 1668 775 quae

224 862 458 903 NICTARE
474 866 490 882 ¹¹
520 866 564 901 et
585 859 826 908 oculorum,
848 861 893 899 et
914 858 1096 898 aliorum
1118 857 1407 897 membrorum
1426 855 1525 895 nisu
1545 868 1667 908 saepe

280 929 444 983 aliquid
475 928 641 977 conari,
662 927 831 968 dictum
861 931 930 966 est
960 927 1015 966 ab
1044 925 1257 978 antiquis,
1276 928 1325 964 ut
1358 922 1590 963 Lucretius
1624 923 1669 963 in

830 1044 1066 1056 ‘mmo

264 1127 282 1155 3
307 1123 370 1155 Ed.
383 1122 473 1154 Scal.
489 1123 564 1153 nexi
579 1123 685 1162 danto,
698 1121 772 1152 nexi
788 1121 949 1152 liberanto.

879 1227 1020 1259 NOTAE

221 1313 398 1336 svn'r.1N.
431 1312 631 1335 ΑνΕΝΤῐΝο.
667 1313 804 1336 MONTE.
840 1312 917 1334 mc-

221 1363 286 1386 TAE.
312 1356 394 1386 Dac.

264 1405 272 1425 ¹
297 1404 502 1445 Neutiquam]
538 1404 606 1436 Hic
633 1414 761 1440 versus,
785 1405 920 1437 ‘neuti-

220 1465 320 1496 quam
338 1455 422 1495 cor,’
443 1458 509 1486 διο.
533 1456 660 1487 citatur
673 1466 692 1486 a
710 1456 872 1488 Cicerone
887 1457 920 1487 in

219 1504 328 1536 Acad.
351 1505 422 1535 sine
439 1504 550 1545 poiitae
570 1510 684 1536 tamen
700 1506 845 1536 nomine.
868 1506 924 1537 Ci-

219 1555 351 1587 ceronis
369 1560 484 1586 autem
502 1556 593 1586 locus
611 1562 708 1587 extat
725 1556 757 1586 in
776 1556 861 1588 libro
878 1556 921 1587 de

219 1605 457 1637 universitate.
482 1606 581 1636 Idem.

261 1655 275 1675 k
301 1655 443 1695 Nexum]
485 1656 639 1686 Solennis
673 1656 758 1687 ritus
790 1661 827 1687 et
855 1655 923 1687 for-

218 1706 310 1737 mula
351 1706 612 1737 abalienationis
643 1707 716 1747 ejus
746 1707 807 1742 rei,
848 1717 921 1748 qnae

218 1758 387 1797 mancipio
405 1756 550 1787 dabatur
564 1758 615 1788 vel
635 1758 778 1798 pignori.
811 1757 921 1788 Cicer.

221 1818 278 1840 111.
306 1808 347 1838 de
367 1808 537 1839 Oratore:
578 1808 586 1824 ‘
602 1809 738 1839 Nexum
765 1812 817 1839 est
833 1808 922 1849 quod

219 1869 280 1900 per
297 1859 416 1889 libram
433 1858 571 1898 agitur?
596 1860 698 1890 Idem.

262 1909 271 1929 ¹
298 1909 486 1940 Testamenti
515 1909 635 1949 factio]
667 1910 921 1941 Testamentum

218 1969 280 2000 per
296 1969 342 1989 aes
359 1964 391 1990 et
409 1958 524 1989 libram
543 1960 710 1999 intellige,
725 1970 790 2001 quo
808 1965 923 2000 pater-

218 2009 365 2040 familias
390 2009 434 2044 ei,
462 2018 561 2049 quern
590 2018 817 2040 successorem
855 2010 922 2040 ele-

219 2064 331 2101 gerat,
355 2057 516 2089 familiam
543 2069 634 2089 suam
658 2069 696 2090 ac
729 2060 921 2090 uuiversum

215 2110 273 2150 jus
306 2108 497 2149 patrisfam.
525 2110 697 2150 mancipio
736 2109 920 2149 vendebat,

219 2159 261 2190 ab
291 2159 347 2189 illo
372 2168 543 2189 nummum
581 2168 723 2197 aeneum,
751 2160 807 2199 qui
835 2159 920 2190 libra

218 2209 444 2249 pendebatur,
463 2209 651 2250 imaginarii
663 2210 763 2250 pretii
774 2209 919 2248 nomine,

220 2261 404 2300 accipiens.
430 2261 528 2292 Idem.

261 2315 283 2330 ¹¹¹
309 2310 397 2341 Nexi
420 2308 522 2348 datio]
559 2311 696 2341 Nexum
724 2310 819 2349 dare,
847 2312 921 2342 don-

218 2370 274 2390 ‘ner
285 2361 411 2400 quelque
427 2360 515 2391 chose
528 2370 565 2391 en
581 2360 782 2401 hypotheque,
795 2370 831 2390 en
838 2371 921 2400 gage

211 2414 340 2451 jusqnes
355 2413 375 2441 ὰ
397 2411 519 2442 l'enlier
536 2415 710 2452 payement,
723 2422 782 2452 par
795 2411 919 2442 l’eutre-

220 2461 296 2490 mise
311 2462 347 2491 de
372 2463 400 2492 la
427 2462 550 2493 balance
576 2466 606 2493 et
643 2464 679 2493 de
705 2463 735 2493 la
760 2472 917 2503 monnoye.

221 2511 267 2540 Et
290 2509 464 2548 differunt,
496 2515 504 2530 ‘
520 2523 643 2544 nexum
662 2513 742 2543 dare
771 2512 917 2554 aliquid'

220 2565 257 2591 et
271 2560 280 2576 ‘
297 2569 386 2590 nexu
403 2562 541 2593 tradere
557 2562 713 2604 aliquid!
756 2564 764 2580 ‘
782 2563 917 2594 Nexum

221 2610 327 2650 dare‚'
358 2616 411 2641 est
437 2621 506 2642 rem
540 2614 686 2653 tradere,
712 2614 761 2645 ita
790 2619 828 2645 ut
855 2624 920 2644 non

222 2661 321 2701 plane
338 2671 377 2692 ac
396 2662 501 2694 solide
520 2668 671 2695 trauseat
684 2664 725 2696 ad
743 2670 920 2704 emtorem,

975 1304 1033 1335 sed
1062 1314 1150 1336 nexa
1175 1309 1209 1336 et
1230 1303 1376 1336 obnoxia
1396 1305 1529 1333 maneat
1556 1301 1673 1332 vendi-

975 1355 1052 1386 tori.
1097 1357 1106 1373 ‘
1123 1356 1224 1387 Nexu
1247 1352 1407 1393 tradere,'
1434 1352 1482 1383 ita
1509 1362 1577 1382 reni
1595 1351 1671 1382 aba·

975 1406 1113 1445 lienare,
1131 1411 1166 1436 ut
1191 1416 1231 1436 ea
1251 1404 1452 1445 accipientis
1469 1403 1528 1434 fiat
1544 1403 1577 1433 in
1594 1402 1672 1433 soli-

975 1456 1065 1487 dum.
1090 1457 1189 1487 Idem.

1018 1511 1032 1526 ¹¹
1058 1508 1206 1548 Nictare]
1246 1506 1403 1547 Proprie,
1430 1505 1520 1547 quod
1558 1504 1673 1536 Graeci

975 1555 1179 1597 πτερυγίζειν.
1202 1557 1328 1587 Versus
1344 1556 1471 1587 Caecilii
1490 1559 1525 1586 et
1543 1554 1673 1594 reliqua

975 1607 1024 1638 ita
1058 1607 1145 1638 bene
1182 1607 1376 1638 habebunt:
1440 1604 1572 1636 Garruli
1608 1605 1674 1634 sine

975 1658 1235 1696 dentesjactent:
1258 1657 1324 1688 sine
1352 1656 1513 1687 nictentur
1536 1654 1674 1695 perticis.

976 1709 1097 1739 Novius
1124 1709 1157 1739 in
1184 1708 1313 1739 Maccho
1342 1716 1475 1747 copone:
1526 1697 1675 1737 Actutum

972 1758 1076 1796 scibis,
1090 1768 1158 1789 cum
1174 1759 1206 1788 in
1223 1768 1314 1788 nervo
1329 1756 1494 1788 niclabere.
1530 1757 1582 1787 De
1599 1765 1674 1786 ver-

977 1809 1069 1839 sibus
1087 1808 1186 1840 Eunii
1198 1808 1273 1839 vide
1288 1808 1320 1838 in
1333 1807 1580 1847 Conjectaneis.
1604 1807 1674 1837 Jos.

966 1860 1057 1891 ’ΔςδίῑῘ-

1020 1910 1169 1950 Niclare]
1203 1909 1232 1940 A
1254 1910 1347 1945 nitor,
1375 1917 1498 1948 nempe
1516 1917 1534 1938 a
1551 1907 1673 1946 supino

972 1961 1090 1992 niolam
1108 1970 1169 2001 pro
1184 1961 1304 1991 nixum.
1352 1960 1411 1990 Est
1427 1963 1539 1990 autem
1556 1959 1676 1988 nictare

963 2017 1000 2042 et
1022 2011 1138 2041 nictari
1156 2011 1293 2050 proprie
1311 2009 1401 2050 quod
1429 2009 1542 2040 Gr‘aeci
1565 2019 1673 2047 πτερυ-

972 2060 1083 2101 γίζειν,
1101 2071 1175 2093 cum
1192 2071 1271 2091 aves
1287 2060 1530 2091 volaturientes
1548 2059 1608 2090 alis
1627 2060 1672 2089 la-

974 2118 1048 2143 tera
1065 2111 1256 2142 verberant.
1280 2111 1325 2141 Et
1341 2120 1380 2140 eo
1397 2119 1492 2140 sensu
1510 2120 1587 2140 usus
1609 2111 1674 2140 Lu·-

973 2166 1059 2193 cret.
1077 2161 1172 2201 cujus
1192 2161 1359 2200 integrum
1384 2160 1495 2190 locum
1522 2159 1598 2190 vide
1617 2160 1674 2191 lib.

975 2222 1024 2243 vr.
1048 2212 1162 2242 Verba
1179 2211 1307 2242 Caecilii
1324 2211 1372 2241 sic
1389 2210 1561 2250 Scaliger:
1590 2211 1674 2240 Gar·-

972 2263 1033 2293 ruli
1056 2262 1122 2293 sine
1145 2263 1250 2292 dentes
1268 2261 1401 2299 jactent,
1430 2260 1495 2290 sine
1518 2260 1674 2290 nictentur

971 2313 1113 2353 perticis.
1158 2311 1225 2343 Sed
1252 2321 1317 2341 non
1339 2312 1461 2351 placet.
1485 2310 1671 2341 Tentabam

975 2363 1054 2393 olim
1069 2373 1077 2393 :
1103 2363 1224 2393 Granis
1238 2362 1514 2400 sedentes-jactent,
1529 2361 1595 2391 sine
1610 2362 1673 2391 nic-

974 2417 1079 2444 tentur
1092 2413 1231 2453 perticis.
1277 2413 1385 2442 Locus
1404 2411 1505 2442 Novii
1528 2411 1560 2441 in
1578 2412 1670 2441 Mac-

973 2464 1035 2494 clro
1058 2463 1216 2503 Copone:
1255 2462 1405 2493 Actutum
1423 2461 1527 2500 scibis,
1555 2471 1622 2491 cum
1638 2462 1671 2491 in

974 2523 1065 2544 nervo
1093 2513 1257 2543 nictabere.
1305 2512 1343 2542 Id
1378 2517 1441 2550 est,
1472 2520 1548 2540 mox
1584 2511 1670 2540 scios

974 2574 1049 2595 cnm
1084 2564 1217 2594 vinculo
1267 2563 1436 2593 cervicem
1478 2560 1670 2600 impeditus,

975 2614 1121 2645 omnium
1151 2613 1371 2644 membrorum
1395 2611 1466 2640 nisu
1494 2609 1620 2642 frustra
1638 2618 1669 2641 te

976 2665 1137 2705 expedire
1151 2662 1339 2695 conaberis.
1365 2661 1443 2691 Dae.
