1835 2906
383 125 445 155 ΒΕ
478 121 752 153 vnussoRUM
785 119 1190 151 sicumicATioNu
1224 120 1319 150 [AB.
1353 119 1460 150 xxv.
1551 110 1636 151 585

250 219 345 274 cogi
372 219 415 259 in
437 232 570 261 scena
590 230 749 272 ponere
766 229 1010 271 personam,
1029 215 1148 269 quod
1171 215 1324 257 ceteris
1351 215 1634 256 histrionibus

249 288 340 340 pati
361 299 538 327 necesse
555 289 633 326 est.

194 354 435 395 Pertisumt
455 366 536 407 pro
558 356 776 407 pertesum
797 352 998 393 dixerunt
1020 351 1199 404 antiqui.

247 420 317 474 qui
329 420 471 474 paulo.
505 451 514 459 .

1454 351 1634 406 [PAUL-

971 418 1027 459 do
1053 431 1135 459 me.
1470 419 1634 473 [FEST.

968 488 1088 528 licet.

973 567 1069 595 sum
1090 553 1149 594 di.

973 622 1047 675 qui
1069 621 1189 675 paul.
1250 651 1260 661 .

190 689 455 731 Pertusumu
488 689 652 731 dolium
687 689 865 739 dicitur,
905 703 1003 730 cum
1044 692 1234 731 ventrem
1269 688 1402 741 signi·
1450 687 1634 742 [PAUL.

246 757 387 799 ficat.⁸

189 825 438 867 Pertusumx
459 824 610 866 dolium
632 840 718 866 cum
739 826 914 868 dicimus
943 831 1122 867 ventrem
1151 823 1419 879 signficamus
1469 823 1638 876 [FEST-

191 959 461 1003 Perdicicur.²

711 991 869 1070 Ennius
892 1029 941 1070 L.
966 993 1003 1070 Ι.
1024 992 1272 1069 Aniialium.

793 1137 1014 1150 eueeeeooeae

229 1227 248 1256 8
273 1223 313 1255 In
329 1224 382 1255 ed.
396 1224 491 1256 Rom.
509 1234 569 1265 pro
585 1229 721 1256 ventrem
746 1225 870 1265 legitur
893 1235 1053 1263 venenum,
1069 1226 1170 1265 male,
1193 1229 1354 1257 censente
1376 1225 1464 1256 Dae.
1480 1224 1536 1266 qui
1564 1224 1638 1265 ipse

185 1267 365 1307 legendum
379 1268 571 1307 suspicatur
587 1278 594 1299 :
622 1269 790 1300 Pertusum
804 1269 920 1299 dolium
945 1278 1014 1299 cum
1030 1269 1158 1304 dicitur,
1175 1271 1313 1300 ventrem
1329 1268 1446 1300 lenonis
1465 1267 1637 1309 significat,

187 1311 239 1342 vel
254 1312 391 1342 lenonem
405 1310 578 1353 significat.

843 1409 986 1442 NOTAE

227 1494 236 1512 1
266 1492 442 1533 Pertisum]
481 1493 568 1525 Vide
602 1494 611 1512 ‘
632 1494 884 1535 Redarguisse.’

186 1543 264 1575 Ant.
281 1544 368 1582 Aug.

229 1594 405 1635 Pertisum]
429 1594 544 1626 Infra:
570 1596 730 1627 Pertisum
745 1596 884 1637 aliquan-

184 1648 222 1677 ‹Io
238 1647 339 1679 media
363 1648 374 1677 z'
394 1657 455 1678 non
481 1658 497 1679 e
524 1648 694 1679 dixerunt.-
717 1648 787 1679 licet
809 1648 884 1679 irri-

184 1699 296 1730 deatur
322 1709 341 1729 α
366 1698 500 1739 Lucilio,
523 1700 603 1739 quod
623 1699 777 1739 pertisum
802 1699 884 1730 dice-

183 1752 243 1789 ret,
273 1748 378 1790 Scipio
392 1749 577 1790 Africanus,
603 1750 656 1790 qui
681 1750 777 1781 Pauli
791 1750 885 1793 filius

176 1798 256 1836 fuit.
286 1799 372 1830 Vide
389 1801 398 1816 ‘
412 1799 671 1841 Redarguesse.’
702 1801 798 1832 Idem
817 1801 884 1832 Lu-

184 1850 282 1881 cilius
310 1850 396 1881 libro
413 1859 464 1883 lx.
492 1855 611 1883 contra
634 1851 719 1883 hanc
744 1852 885 1884 Cacoze-

183 1900 262 1931 liam
277 1901 326 1931 ita
337 1901 448 1941 legem
464 1901 715 1942 orthographiae
730 1903 886 1943 praescri-

184 1950 256 1982 bit:
282 1951 377 1984 ‘Jam
401 1952 517 1992 puerei
534 1962 678 1984 venere:
704 1962 723 1984 e
752 1958 885 1993 postre-

182 2011 272 2033 mum
299 2001 414 2038 facito,
431 2006 534 2044 atque
550 2002 572 2040 i,
595 2003 643 2034 Ut
660 2003 786 2044 plureis
803 2014 884 2044 pue-

183 2051 362 2083 rei-fiant:
397 2052 407 2082 i
438 2053 465 2083 si
495 2052 577 2084 faci’
608 2054 713 2085 solum
744 2054 885 2095 Papini,

183 2103 293 2143 pueri,
318 2103 447 2135 Lucili:
473 2104 534 2136 hoc
560 2105 651 2136 uniu'
679 2105 750 2137 fiet.
808 2106 885 2138 Hoc

181 2153 228 2183 illi
245 2152 373 2184 factum
389 2158 441 2185 est
467 2155 543 2185 uni:
571 2159 672 2188 tenue
702 2156 763 2187 hoc
780 2155 885 2188 facies

182 2202 205 2233 i.
229 2202 316 2234 Haec
340 2204 408 2234 illei
433 2203 547 2236 fecere
565 2215 572 2236 :
599 2206 703 2238 addes
720 2216 738 2238 e
758 2212 795 2238 ut
814 2207 886 2248 pin-

184 2252 276 2292 guiu'
293 2253 375 2284 fiat.'
420 2255 465 2285 Et
488 2255 537 2286 ita
560 2264 694 2296 semper
715 2256 747 2287 in
766 2257 885 2288 eodem

182 2312 272 2333 nono
302 2303 388 2334 libro
415 2304 536 2335 Lucilii
561 2305 604 2336 de
631 2307 887 2348 Orthographia

183 2357 367 2383 tractatum
399 2353 504 2385 fuisse
536 2357 740 2387 notavimus.
785 2356 885 2389 Adde

183 2403 272 2444 quod
312 2402 463 2434 Isidorus
501 2405 640 2437 scribit:
675 2407 684 2423 ‘
703 2406 886 2447 Orthogra·

183 2454 306 2494 phiam,
323 2454 356 2485 id
373 2460 438 2494 est,
459 2457 664 2497 scripturam
680 2463 799 2490 contra
827 2459 886 2489 iin-

183 2505 340 2545 peritiam
371 2506 582 2538 librariorum
601 2508 751 2540 Lucilius
779 2509 886 2550 poeta

184 2555 328 2596 primum
364 2557 521 2598 scripsit!
581 2558 668 2590 Haec
699 2560 769 2593 ille.
817 2562 887 2592 Jos.

184 2607 268 2639 Scal.

230 2679 414 2691 .........
429 2660 467 2689 do
482 2669 538 2690 me.
556 2683 562 2690 .
577 2682 584 2691 .
600 2661 624 2700 .]
643 2662 734 2702 Lege
748 2671 789 2692 ex
802 2662 881 2693 Sca-

185 2707 291 2748 ligero
306 2719 313 2740 ;
332 2709 489 2740 Pereisum
502 2710 664 2750 aliquando
681 2712 779 2743 mediis
797 2712 805 2743 i
822 2723 881 2744 non

938 1505 955 1526 e
971 1495 1139 1527 dixerunt:
1167 1495 1239 1527 licet
1263 1495 1437 1527 irrideatur
1462 1506 1481 1526 α
1505 1494 1640 1534 Lucilio,

937 1547 1018 1586 quod
1028 1546 1179 1586 pertisum
1193 1546 1323 1586 diceret,
1335 1546 1439 1586 Scipio
1455 1546 1639 1587 Africanus,

936 1597 988 1637 qui
1006 1597 1288 1639 Paulifilz‘usfuit.
1312 1597 1432 1628 Lucilii
1445 1596 1548 1628 verba
1567 1597 1639 1628 Sci-

937 1647 1070 1688 pionem
1088 1648 1257 1680 irridentis
1273 1659 1280 1679 :
1307 1650 1315 1665 ‘
1335 1649 1410 1681 Quo
1435 1647 1578 1679 facetior
1594 1648 1641 1679 vi-

938 1698 1039 1729 deare
1057 1703 1092 1729 et
1108 1698 1195 1730 scire
1214 1698 1288 1739 plus
1306 1708 1405 1740 qnam
1422 1698 1541 1737 ceteri,
1558 1707 1635 1738 per·

939 1748 1038 1779 tisum
1055 1748 1233 1788 hominem,
1244 1757 1309 1779 non
1326 1753 1509 1789 pertaesum
1523 1747 1638 1779 dicere

937 1797 1074 1831 ferunt!
1120 1798 1207 1830 Vide
1224 1799 1234 1815 ‘
1249 1798 1490 1839 redarguesse.'
1514 1799 1598 1830 Dae.

981 1855 994 1870 ¹¹
1020 1849 1201 1889 Pertusum]
1219 1850 1260 1880 In
1278 1849 1362 1880 edit.
1379 1849 1475 1880 Rom.
1491 1859 1553 1889 pro
1569 1858 1643 1880 ven-

938 1904 1026 1936 trem,
1051 1901 1174 1941 legitur
1189 1910 1350 1932 venenum.
1383 1900 1488 1931 Male.
1526 1899 1642 1940 Suspi-

938 1951 1040 1982 cabar
1070 1951 1251 1992 legendum
1268 1962 1276 1982 z
1317 1951 1487 1982 Pertusum
1527 1950 1642 1981 dolium

937 2012 1007 2033 cum
1022 2002 1150 2043 dicitur,
1176 2006 1315 2033 ventrem
1331 2001 1449 2032 lenonis
1470 2000 1644 2042 significat,

939 2053 991 2083 vel
1008 2054 1143 2083 lenonem
1153 2052 1333 2093 significat:
1353 2061 1428 2083 nam
1445 2051 1548 2082 dubio
1566 2061 1641 2092 pro-

938 2104 994 2135 cul
1012 2104 1131 2134 alludit
1148 2103 1256 2134 locum
1271 2103 1385 2134 Plauti
1401 2102 1559 2134 Pseudol.
1578 2111 1599 2132 ι.
1611 2105 1642 2133 3.

939 2155 995 2185 ubi
1021 2164 1095 2185 curn
1118 2153 1309 2185 Pseudolus
1333 2160 1368 2185 et
1385 2153 1575 2185 Callidorus
1592 2155 1640 2185 le-

939 2215 1060 2237 nonem
1086 2204 1218 2246 probris
1233 2209 1444 2245 onerassent,
1466 2214 1576 2246 neque
1601 2205 1641 2236 iis

937 2257 1011 2297 ipse
1023 2256 1372 2292 commoveretur,sed
1388 2265 1429 2287 ea
1445 2256 1546 2287 etiam
1560 2256 1640 2287 laete

938 2308 1058 2347 ferret,
1083 2307 1271 2338 Pseudolus
1297 2307 1359 2337 ait:
1383 2306 1444 2337 ‘In
1464 2311 1641 2347 pertusum

939 2359 1121 2399 ingerimus
1138 2357 1232 2389 dicta
1256 2357 1381 2388 dolium
1397 2367 1406 2395 3
1436 2366 1576 2397 operam
1593 2356 1642 2387 lu-

939 2407 1071 2440 dimus.’
1096 2408 1193 2439 Idem.

982 2463 996 2479 x
1019 2459 1194 2498 Perta...]
1220 2457 1332 2488 Notas
1359 2458 1396 2489 L.
1419 2457 1448 2489 Ι.
1472 2457 1576 2488 habes
1605 2454 1639 2488 ἦ]

938 2510 947 2527 ‘
968 2508 1109 2539 Manes-⁷
1155 2507 1245 2541 Quid
1273 2509 1327 2547 sit,
1352 2513 1535 2549 quaeratur.
1565 2509 1636 2539 Jos.

939 2559 1022 2591 Scal.

981 2615 992 2629 ⁷¹
1016 2632 1024 2640 .
1043 2632 1051 2640 .
1070 2631 1078 2640 .
1094 2618 1146 2649 pes
1160 2608 1278 2639 dicitur
1294 2629 1302 2638 .
1319 2630 1327 2639 .
1347 2607 1372 2648 .]
1392 2608 1514 2639 Sched.
1539 2610 1550 2626 ‘
1568 2609 1635 2640 Pes

938 2659 1064 2692 dicitur
1081 2681 1089 2689 .
1108 2679 1116 2688 .
1134 2681 1142 2689 .
1159 2658 1246 2699 pede
1263 2658 1332 2689 ruit
1349 2680 1358 2688 .
1376 2680 1385 2690 .
1403 2680 1412 2690 .
1429 2658 1557 2689 Ennius
1574 2658 1633 2689 lib.

936 2721 959 2742 1.
984 2709 1187 2741 Annalium.
1206 2730 1213 2739 .
1229 2708 1249 2739 .’
1272 2708 1384 2740 forsan
1413 2709 1554 2740 notabat
1580 2709 1634 2739 hie
