1835 2906
208 106 291 148 176

649 112 796 144 SEXTI
832 109 1032 142 POMPEII
1068 109 1205 141 FES'rl

209 209 504 253 Conciliatrix
518 209 529 231 ‘
557 208 729 259 dicitur,
751 220 852 262 quae
879 207 986 250 viris
1015 204 1222 246 conciliat
1244 215 1420 253 uxores,
1443 206 1487 245 et
1506 204 1657 244 uxori-

268 280 354 319 bus
372 278 505 318 viros.

212 345 495 387 Conciliumu
526 344 684 385 dicitur
705 356 732 384 a
756 343 912 396 populi
942 354 1188 384 consensu:
1219 340 1314 381 sive
1335 338 1571 381 concilium
1594 337 1660 378 di-

269 413 386 453 citur
408 425 434 452 a
454 411 740 459 concalando‚
758 410 804 450 id
825 414 908 458 est,
928 406 1167 450 vocando-⁶

217 480 523 521 Concinnare*
555 484 626 520 est
653 482 757 531 apte
792 489 1071 530 componere.

273 547 421 587 venire
443 549 525 587 est.

1130 474 1366 517 Concinere
1380 478 1395 504 ⁷
1427 473 1545 513 enim
1565 484 1667 512 con-

217 614 386 656 Concio
403 620 419 643 Υ
451 617 698 654 conventus
719 610 851 658 dicta,
874 610 1002 663 quasi
1022 609 1294 651 convocatio.
1346 605 1515 648 Concio
1537 605 1670 658 signi-

275 681 384 722 ficat
403 684 682 727 conventum,
701 689 785 717 non
810 680 954 718 tamen
975 676 1126 725 alium,
1146 688 1279 730 quam
1297 687 1413 724 eum,
1436 673 1509 727 qui
1531 685 1558 713 a
1578 684 1670 712 ma-

277 750 476 801 gistratu,
498 747 569 788 vel
590 758 616 786 a
637 743 864 786 sacerdote
886 744 1069 797 publico
1092 756 1168 796 per
1186 754 1434 797 praeconem
1455 751 1672 781 convoca-

277 818 359 855 tur.

421 813 688 855 Concionem
712 810 880 863 antiqui
899 810 1142 850 masculino
1163 821 1317 862 genere
1337 820 1542 862 posuere.

222 880 590 936 Concipilavisti2
620 879 785 920 dictum
813 890 842 918 a
878 877 1041 918 Naevio
1073 889 1169 930 pro,
1193 875 1456 929 corripuisti,
1477 878 1522 915 et
1551 873 1676 914 invo-

280 949 396 991 lasti.

835 1030 1076 1044 OWOO‘MO‘O

268 1125 288 1153 6
311 1121 383 1153 Alii
397 1121 664 1152 convocanda—7
689 1119 758 1151 Alii
775 1120 924 1161 conciere,
939 1119 1029 1161 quod
1047 1117 1240 1159 improbant
1251 1115 1343 1147 Scai.
1359 1118 1396 1146 et
1414 1115 1499 1146 Dae.

886 1227 1031 1259 NOTlE

269 1306 279 1326 ²
308 1302 534 1342 Concilium-isc]
564 1303 731 1335 Lucilius:
757 1306 765 1321 ⁸
781 1303 931 1334 AEtatem

233 1360 272 1388 et
294 1355 429 1390 faciem,
445 1359 483 1386 ut
505 1364 586 1394 saga
602 1358 638 1384 et
661 1353 750 1384 bona
773 1352 933 1384 concilia-

232 1405 326 1437 triii.¹
380 1405 536 1436 Glossae:
573 1405 582 1420 ‘
600 1403 836 1438 Conciliatrix,
861 1414 933 1441 προ·

234 1455 394 1495 ξενήτρια.’
418 1456 487 1485 Jos-
504 1454 586 1485 Scal-

282 1505 510 1545 Conciliatrix]
537 1504 566 1535 A
588 1504 692 1535 verbo
707 1503 884 1542 conciliare,
901 1502 935 1532 id

237 1561 303 1595 est,
318 1556 493 1596 copulare,
509 1554 600 1595 quod
623 1559 659 1584 et
676 1553 708 1583 in
723 1553 844 1584 bonam
861 1562 938 1593 par-

237 1610 308 1637 tem
324 1605 479 1644 sumitur,
505 1613 568 1635 nec
586 1612 721 1643 semper
744 1602 787 1633 de
811 1601 939 1633 lenoci-

238 1655 308 1686 nio.
368 1654 422 1684 De
457 1653 619 1693 legitimis
656 1652 785 1692 nuptiis
823 1652 940 1682 Plani.

237 1704 393 1736 Trinum.
412 1712 454 1734 11.
469 1705 502 1734 2.
526 1703 536 1719 ‘
549 1703 638 1733 Tute
663 1701 705 1732 ad
722 1710 799 1732 eum
824 1700 939 1736 adeas,

241 1758 316 1784 tute
340 1752 516 1791 concilies,
534 1757 608 1783 tute
632 1749 779 1792 poscas)
824 1750 938 1781 Catul.

239 1805 249 1820 ⁸
264 1804 313 1834 Ut
336 1803 441 1834 semel
465 1812 502 1832 es
523 1803 628 1833 Flavo
650 1801 832 1832 conciliata
848 1800 941 1832 viro.’

243 1853 326 1885 Dac.

288 1908 303 1923 υ
329 1900 517 1941 Concilium]
542 1901 622 1931 Non
646 1910 666 1931 a
687 1909 866 1938 consensu,
885 1900 945 1930 sed

246 1963 267 1985 a
290 1951 513 1986 concalando,
539 1951 604 1982 hoe.
632 1954 696 1990 est,
718 1950 949 1989 convocando,

247 2003 343 2045 quasi
357 2002 538 2033 com-alium.
562 2001 682 2040 Supra.
708 2000 806 2030 Idem.

290 2056 307 2072 ¹
326 2050 534 2091 Concinnare]
549 2050 736 2090 Perper-am
746 2050 863 2079 volunt
876 2058 946 2078 mu-

250 2107 326 2135 tare
352 2102 510 2133 concinere
535 2100 569 2131 in
591 2099 737 2130 conciere.
782 2098 872 2129 Vide
895 2107 947 2128 se-

250 2153 396 2185 cundum
412 2151 682 2192 conjectaneum
697 2153 862 2180 nostrum.
879 2148 948 2178 Jos.

250 2203 336 2233 Scal.

297 2250 506 2290 concinnare]
543 2250 600 2282 Ita
628 2259 700 2281 rem
731 2256 949 2289 componere,

251 2305 291 2333 ut
307 2306 388 2342 apte
403 2300 586 2333 conveniat
601 2304 638 2332 et
651 2300 794 2338 haereat,
811 2308 830 2329 a
846 2298 949 2329 verbo

252 2352 425 2390 concinere,
449 2351 555 2392 (male
581 2351 637 2382 alii
652 2349 820 2388 comere.)
836 2348 869 2379 id
886 2353 950 2383 est,

254 2402 449 2440 convenire,
486 2400 578 2442 quod
610 2400 748 2432 verbum
786 2398 951 2429 musicum

256 2456 332 2483 est:
371 2451 486 2491 piures
513 2451 602 2482 enim
628 2450 760 2481 diverse
789 2452 951 2479 canentes

255 2500 413 2531 concinere
429 2499 586 2530 dicuntur
609 2509 686 2531 cum
707 2500 797 2530 inter
813 2507 849 2529 se
874 2506 953 2529 con-

258 2549 412 2581 veniunt.
458 2549 559 2579 Unde
581 2550 738 2581 concinere
754 2558 816 2589 pro
832 2556 954 2579 conve-

258 2601 344 2640 nire,
359 2599 564 2636 consentire,
587 2604 625 2630 ut
647 2600 780 2632 Graecis
803 2597 955 2639 συνᾴδειν.

259 2651 391 2682 Tamen
406 2650 513 2691 magis
538 2650 652 2690 placet
675 2649 806 2681 Nonius
828 2648 886 2690 qui
906 2648 956 2679 ait

986 1310 1060 1332 esse
1079 1309 1098 1330 a
1112 1299 1235 1330 cinnus.
1267 1297 1276 1315 ‘
1292 1295 1445 1337 Cinnus,’
1469 1294 1591 1334 inquit,
1612 1294 1620 1310 ‘
1635 1298 1687 1324 est

987 1349 1183 1381 commixtio
1200 1348 1433 1388 plurimorum,
1447 1345 1536 1375 unde
1557 1349 1593 1375 et
1610 1354 1689 1375 con-

989 1400 1130 1430 cinnare
1168 1397 1316 1429 dicitur!
1383 1396 1511 1427 Cinnus
1551 1393 1688 1434 quidem

989 1450 1078 1480 idem
1095 1448 1184 1489 quod
1210 1451 1354 1479 cocetum.
1399 1444 1535 1477 Graecis
1561 1442 1690 1474 κυκεών.

993 1499 1020 1530 Α
1033 1498 1206 1530 ιεοέἑιιῐιόο
1221 1497 1228 1510 ’
1244 1499 1253 1515 ‘
1270 1495 1411 1535 coinus‚’
1424 1495 1512 1526 unde
1527 1494 1536 1511 ‘
1550 1492 1692 1531 cinnus,‘

993 1548 1081 1590 quod
1099 1549 1133 1579 in
1151 1557 1226 1579 eum
1241 1546 1334 1577 varia
1350 1545 1472 1576 coeant
1486 1554 1497 1582 ;
1519 1547 1571 1574 est
1587 1543 1692 1583 igitur

992 1599 1201 1630 concinnare
1217 1608 1259 1629 ex
1278 1596 1430 1638 pluribus
1447 1594 1547 1625 rebus
1564 1592 1692 1634 aliquid

994 1649 1131 1680 efficere
1148 1653 1184 1680 et
1200 1654 1278 1689 apte
1296 1654 1512 1686 componere.
1544 1643 1618 1675 Etsi
1635 1643 1695 1673 ali-

993 1699 1128 1740 quando
1155 1708 1216 1740 pro
1241 1697 1387 1738 simpiici
1412 1693 1572 1726 ‘facere'
1596 1702 1690 1724 usur·

995 1754 1108 1791 petur.
1133 1749 1216 1780 Dae.

1037 1806 1051 1827 Υ
1071 1798 1201 1838 Concio]
1218 1797 1249 1829 A
1266 1796 1369 1828 verbo
1384 1795 1518 1834 concieo,
1535 1801 1698 1825 convoco.

999 1851 1044 1882 Et
1073 1853 1126 1880 est
1152 1849 1256 1879 concio
1281 1851 1468 1878 conventus
1495 1855 1515 1875 a
1542 1844 1698 1874 Praetore

1000 1900 1055 1931 vel
1066 1899 1254 1930 Sacerdote
1270 1900 1476 1928 convocatus
1491 1905 1499 1926 ι
1526 1899 1561 1925 et
1574 1892 1699 1924 frustra

1001 1954 1053 1980 est
1068 1949 1177 1979 Varro
1193 1947 1249 1988 qui
1268 1946 1465 1978 concionem
1483 1943 1577 1985 quasi
1600 1951 1697 1973 coac-

1001 2000 1128 2029 tionem
1145 1997 1214 2028 dici
1232 2001 1344 2037 putat.
1369 1995 1445 2025 ‘Sic
1462 2004 1481 2024 a
1496 1995 1586 2024 lacte
1602 2002 1700 2023 coac-

1001 2048 1062 2087 to,'
1079 2048 1198 2089 inquit,
1213 2049 1222 2063 ‘
1238 2054 1355 2077 caseus
1372 2043 1577 2081 nominatus,
1593 2042 1641 2072 sic
1655 2051 1698 2072 ex

1001 2097 1191 2132 hominibus
1206 2095 1325 2126 concio
1341 2092 1456 2124 dicta!
1481 2093 1579 2123 Idem.

1044 2153 1057 2168 ²
1093 2143 1344 2186 Concipilavisei]
1379 2142 1476 2173 Idem
1505 2151 1544 2172 ac
1577 2142 1585 2158 ‘
1604 2141 1702 2172 Com·

1003 2197 1116 2239 pilasti
1133 2196 1152 2225 :’
1168 2200 1207 2227 ut
1220 2196 1229 2212 ‘
1244 2191 1459 2235 reciprocus,’
1477 2192 1486 2208 ‘
1502 2201 1665 2232 reprocus
1682 2192 1701 2221 :¹

1005 2253 1013 2266 ⁴
1030 2244 1244 2286 reciperare‚’
1271 2241 1486 2284 ‘repararez’
1518 2241 1703 2281 ‘incitege·

1005 2297 1065 2337 re‚'
1081 2298 1089 2314 ‘
1104 2293 1281 2335 integere!
1306 2294 1374 2323 JoS.
1393 2292 1479 2322 Scal.

1050 2342 1303 2385 Concipilavisti]
1333 2340 1549 2381 Corripuisti.
1596 2340 1703 2370 Locus

1007 2397 1118 2429 Naevii
1131 2405 1196 2427 non
1208 2398 1327 2425 extat:
1344 2401 1385 2423 ea
1399 2401 1482 2423 voce
1495 2400 1574 2421 usus
1590 2390 1703 2420 I’laut.

1005 2447 1143 2479 'ri-ueni.
1169 2454 1209 2476 n.
1233 2447 1265 2476 4.
1297 2448 1306 2461 ‘
1321 2451 1418 2483 quem
1447 2450 1511 2481 ego
1541 2439 1702 2477 Ostatim,

1002 2497 1075 2537 jam
1099 2495 1171 2535 jam
1206 2489 1440 2532 concipiiabo.'
1511 2488 1704 2528 concipilare

1008 2546 1098 2577 idem
1113 2544 1202 2585 quod
1217 2542 1390 2581 compilare,
1407 2543 1442 2569 ut
1455 2539 1464 2554 ‘
1484 2537 1704 2577 reciprocus,·

1012 2601 1020 2614 ‘
1034 2604 1194 2636 reprocus
1208 2593 1228 2625 ε’
1253 2594 1262 2610 ‘
1279 2588 1486 2629 incitegere,'
1511 2588 1706 2628 ‘integerel

1011 2645 1100 2678 Vide
1114 2646 1123 2663 ‘
1138 2641 1308 2684 incitega.'
1331 2641 1413 2672 Dae.
