1835 2906
347 156 409 185 DE
443 153 712 184 VERBORUM
748 149 1155 181 SlGNlFlGATlONE
1191 148 1285 177 Llss.
1320 149 1370 178 X.

1508 136 1594 178 365

206 265 436 306 puerorum
463 263 617 299 nouus,
648 248 752 303 quia
785 247 852 289 his
888 246 1138 293 lustrantur,
1161 247 1293 298 atque
1323 245 1386 286 eis
1416 243 1592 284 nomina

207 321 502 373 imponuntur.

150 388 279 428 Luxa
293 392 309 415 g
327 386 521 427 membra
542 397 565 424 e
587 383 678 424 suis
699 383 810 424 locis
825 386 962 431 mota,
978 386 1021 421 et
1043 379 1192 420 soluta
1210 392 1220 430 ;
1243 391 1269 419 a
1291 391 1379 432 quo
1400 378 1594 420 luxurio-

208 466 285 493 sus
307 453 350 493 in
372 466 416 493 re
440 451 646 492 familiari
663 450 848 491 solutus.

150 518 410 569 Luxantur,h
429 533 455 561 a
473 520 583 560 luxu
598 518 776 567 dictum,
793 517 836 557 id
862 520 945 566 est,
968 514 1261 555 luxuriantur.

149 587 294 627 LYcu
317 585 541 639 Apollinis
560 584 785 626 oraculum
800 580 808 604 i
823 583 867 623 in
890 582 1032 636 Lycia
1053 580 1260 622 maximae
1278 579 1493 620 claritatis
1514 579 1596 621 fuit

206 655 261 695 ob
281 654 488 708 luporum
511 651 857 693 interfectionem
875 665 884 692 ε
916 649 1026 696 λύκος
1046 649 1157 690 enim
1178 648 1311 702 lupus
1327 652 1406 689 est.

804 764 944 796 NOTAE

150 831 358 862 Glossarium
377 843 385 863 ι
427 832 436 848 ‘
454 831 658 868 Nominalia,
699 829 845 867 ὀνοματο«

304 883 420 914 Graeci
459 881 652 921 ἀμφιδρόμια.
715 881 845 912 Glossae

150 933 348 964 Graecorum
367 944 374 964 :
413 932 606 972 ἀμφιδρόμια,
623 931 720 971 ἡμέρα
734 931 846 970 ἀγομέ-

150 996 186 1021 νη
202 986 267 1015 τοῖς
281 984 421 1023 παιδίοις,
438 986 471 1015 ἐν
485 982 505 1026 ᾗ
518 984 555 1015 τὸ
576 983 689 1025 βρέφος
703 983 773 1024 περ).
788 983 848 1020 τὴν

150 1034 257 1066 ἑστίαν
272 1035 380 1076 ἔφερον
393 1035 562 1077 τρέχοντες
582 1035 696 1074 κύκλῳ,
711 1034 762 1065 καὶ
778 1036 846 1066 ἐπε-

149 882 259 913 θεσία.’

148 1086 274 1117 τίθεσαν
291 1087 372 1126 αὐτῷ
387 1088 492 1126 ὄνομα,
515 1087 568 1117 ὅτε
585 1086 641 1116 ὑπὸ
654 1087 716 1117 τῶν
731 1084 848 1116 οἰκείων

151 1137 200 1168 καὶ
214 1138 314 1177 φίλων
329 1140 408 1178 δῶρα
423 1137 587 1177 ἐπέμπετο.
633 1138 716 1170 Quae
737 1137 848 1168 onmia

150 1189 326 1229 explicant
359 1199 485 1220 morem
509 1188 767 1220 Atheniensium
791 1188 847 1229 qui

150 1244 246 1271 extat
272 1239 362 1280 apud
384 1240 596 1276 Terentium,
618 1240 650 1270 in
678 1239 847 1280 protatica

151 1299 297 1330 persona
327 1291 444 1331 primae
480 1300 592 1321 scenae
631 1289 847 1321 Phormionis

150 1339 347 1371 Comoediae.
393 1341 470 1372 Non
503 1346 613 1372 tamen
644 1341 677 1371 in
708 1340 849 1381 Amphi-

150 1390 287 1421 dromiis
310 1390 530 1431 imponebant
555 1392 702 1430 nomina,
729 1396 767 1422 ut
795 1391 849 1422 hic

150 1440 298 1473 dicitur:
321 1442 380 1473 sed
395 1442 525 1474 decima
542 1448 618 1484 post
632 1447 749 1473 natum
767 1452 847 1482 pue·

152 1501 223 1522 rum
247 1492 314 1523 die.
358 1493 480 1535 Itaque
501 1494 590 1535 apud
607 1493 744 1525 Suidam
762 1494 848 1524 inte-

150 1543 263 1583 griora
289 1544 360 1575 liaec
392 1545 496 1576 verba
522 1545 701 1585 habentur,
726 1544 776 1575 καὶ
807 1545 848 1585 τῇ

150 1594 264 1636 δεκάτῃ
290 1594 432 1627 ἐτίθεσαν
455 1596 542 1635 αὐτῷ
563 1596 668 1634 ὄνομα.
712 1595 780 1626 Sed
804 1595 847 1626 de

149 1646 287 1677 lustrico
305 1647 358 1678 die
374 1648 515 1687 amplius
531 1647 607 1677 vide
624 1646 845 1677 Plutarchum

151 1696 184 1726 in
203 1697 428 1729 Qtiaestionib.
451 1702 485 1728 et
508 1697 719 1728 Macrobium
743 1697 800 1729 lib.
822 1707 845 1729 1.

151 1746 419 1778 saturnaliorum
437 1747 477 1778 de
496 1747 656 1779 Nundina
674 1749 757 1778 Dea.
777 1748 845 1778 Jos.

153 1799 237 1829 Scul.

195 1847 349 1886 Lusci-ici]
374 1848 548 1880 Lustricus
562 1848 645 1885 dies,
658 1858 724 1889 quo
740 1847 847 1879 infans

151 1900 328 1938 lustratur,
350 1899 382 1929 id
410 1905 473 1938 est,
497 1900 666 1939 expiatur,
690 1898 845 1940 purifica-

154 1956 221 1980 tur.
267 1950 408 1981 Sueton.
426 1950 553 1981 Neron.
569 1960 643 1990 cap.
659 1952 690 1980 6.
725 1951 734 1966 ‘
751 1950 847 1990 Ejus-

152 2001 229 2031 dem
247 2000 369 2031 futnrae
396 2000 607 2031 infelicitatis
629 2000 759 2040 signum
778 2001 848 2030 evi-

152 2051 234 2082 dens
251 2051 305 2082 die
321 2052 461 2082 lusti-ico
477 2049 616 2081 extitit.y
661 2050 744 2081 Ideo
761 2056 769 2069 ‘
781 2051 846 2081 lus-

152 2103 246 2133 tralis
263 2102 458 2133 solemnitas
470 2101 478 2114 ’
497 2101 619 2132 dicitur
634 2101 847 2141 Symmacho.

152 2153 197 2183 Et
225 2154 313 2184 hunc
343 2153 529 2193 puellarum
560 2156 715 2183 octavum
744 2151 846 2182 fuisse

153 2214 342 2245 nonumque
397 2213 576 2244 puerorum
631 2202 846 2234 consentiunt

154 2255 331 2285 Plutarch.
363 2260 397 2285 et
426 2253 582 2285 Macrob.
619 2253 846 2284 Tertullianus

154 2313 226 2334 eam
243 2303 330 2334 diem
343 2303 561 2334 hebdomadae
574 2304 725 2334 ultimam
736 2309 846 2338 vocat,

154 2354 240 2395 quod
258 2363 322 2385 non
349 2359 527 2394 repugnat.
574 2355 667 2385 Nihil
686 2355 774 2385 enim
792 2365 846 2385 ve-

154 2409 217 2443 tat,
239 2410 276 2434 ut
306 2404 432 2444 optime
464 2403 602 2434 doctiss.
628 2404 846 2435 Casaubonus

153 2456 186 2485 in
218 2455 383 2490 Persium,
413 2454 500 2484 diem
528 2453 666 2484 eandem
696 2455 846 2485 ultimam

155 2503 463 2535 essehebdomadae
482 2508 515 2534 et
541 2504 729 2534 nativitatis
754 2509 846 2535 octa·

154 2565 227 2585 vam
257 2555 309 2584 vel
332 2564 464 2584 nonam.
509 2553 563 2584 Ita
589 2559 700 2584 autem
727 2563 846 2584 nomen

156 2605 395 2645 imponebant:
428 2605 601 2644 eligebant
636 2605 766 2635 scilicet
790 2605 846 2635 ali-

157 2665 266 2695 quem,
283 2656 337 2695 qui
355 2660 516 2694 praeesset
534 2655 609 2686 huic
627 2655 768 2685 nominis
787 2655 846 2685 im-

158 2705 327 2745 positioni,
351 2705 490 2747 ejusque
507 2706 599 2747 qnasi
618 2705 776 2746 magister
799 2705 846 2736 fo-

902 834 965 868 ret,
995 834 1032 861 ut
1070 829 1168 860 hodie
1204 828 1294 868 apud
1332 837 1405 858 nos,
1441 826 1595 867 Polyaen.

901 881 1008 912 Strat.
1040 880 1098 910 lib.
1132 888 1182 911 Π.
1221 877 1334 918 Κύριον
1365 876 1439 908 εἶναι
1465 878 1522 914 τῆς
1551 875 1598 907 θέ-

901 942 977 962 σεως
999 931 1054 961 τοῦ
1082 929 1230 968 ὀνόματος
1255 929 1312 959 τοῦ
1338 927 1467 958 παιδίου.
1500 928 1597 958 ‘Ma-

902 983 1043 1023 gistrum
1062 992 1135 1012 esse
1157 981 1381 1022 impositionis
1403 979 1544 1010 nominis
1560 979 1598 1009 fi-

902 1034 935 1064 lii
953 1033 979 1064 ς’
1010 1044 1046 1065 en
1077 1033 1142 1065 &tre
1169 1034 1195 1064 le
1219 1032 1361 1072 parrain.
1406 1030 1598 1071 Aliquando

901 1086 1003 1116 etiam
1030 1086 1142 1117 oniina
1175 1085 1374 1125 captabant,
1407 1090 1443 1114 ut
1475 1092 1596 1113 nomen

900 1137 1124 1176 imponerent.
1171 1135 1336 1166 Act-ensis
1364 1134 1453 1164 enim
1483 1133 1598 1163 multis

900 1187 1080 1217 luminibus
1099 1187 1280 1227 unicuique
1307 1195 1429 1216 nomen
1450 1184 1599 1224 assigna—

900 1236 993 1276 bant,
1010 1242 1111 1278 atque
1128 1237 1198 1278 ejus
1208 1236 1356 1276 demum,
1369 1234 1457 1276 quod
1475 1235 1598 1265 ceteris

899 1287 1062 1318 extinctis
1090 1286 1339 1328 supervixerat,
1367 1295 1486 1316 nomen
1517 1285 1598 1316 arri-

900 1338 1101 1378 piebant,ac
1116 1347 1219 1378 puero
1232 1336 1462 1378 imponebant.
1487 1335 1598 1376 quue

897 1397 958 1418 sua
985 1393 1087 1419 aetate
1115 1387 1221 1419 adhuc
1247 1388 1466 1419 observatum
1492 1385 1598 1416 fuisse

898 1439 1051 1481 queritur
1078 1439 1119 1470 D.
1143 1440 1403 1480 chrysostomus
1429 1438 1462 1468 in
1487 1441 1519 1469 4.
1544 1446 1597 1468 ca-

900 1494 962 1530 put
979 1490 1098 1530 prioris
1114 1490 1155 1521 ad
1173 1490 1378 1521 Corinthios.
1402 1489 1485 1520 Dae.

943 1546 958 1567 ἕ
981 1541 1088 1582 Luxu]
1115 1541 1270 1572 Glossae:
1297 1541 1305 1557 ‘
1326 1541 1471 1579 Luxnm,
1487 1537 1598 1578 στρέμ-

900 1603 954 1630 μα,
971 1591 990 1629 ἢ
1006 1591 1170 1631 λογισμὸς,
1185 1590 1205 1628 ἢ
1221 1590 1362 1622 &erm-la!
1385 1591 1452 1621 Jos.
1471 1589 1554 1620 Scal-

943 1643 1036 1674 Luxa
1051 1643 1201 1684 membra]
1233 1642 1263 1674 A
1279 1643 1341 1681 luo,
1357 1642 1455 1672 lutum
1471 1644 1506 1670 et
1529 1640 1598 1670 lux-

900 1703 961 1724 um.
1006 1693 1105 1724 Unde
1134 1693 1239 1732 luxus,
1263 1702 1294 1731 a,
1310 1702 1373 1731 um,
1393 1689 1482 1732 quod
1509 1690 1597 1720 solu-

901 1748 984 1778 tum,
1015 1752 1073 1773 suo
1102 1743 1176 1773 loco
1206 1748 1332 1772 motum
1369 1745 1442 1778 est3
1482 1749 1501 1770 a
1531 1749 1597 1780 quo

901 1795 1005 1834 luxus,
1028 1804 1075 1833 us,
1106 1794 1206 1825 animi
1232 1792 1386 1824 dissoluti
1410 1797 1446 1823 et
1467 1801 1527 1822 suo
1552 1791 1598 1820 lo-

902 1855 940 1876 co
959 1845 1037 1875 moti
1054 1845 1170 1875 vitium
1189 1855 1193 1872 z
1213 1844 1289 1874 inde
1303 1842 1442 1874 luxuries
1457 1846 1492 1872 et
1508 1843 1597 1871 luxu-

901 1896 1012 1935 riosus,
1028 1898 1080 1934 ἅμ’.
1105 1897 1193 1927 Dae.

941 1946 955 1966 ¹¹
993 1945 1174 1984 Luxantur]
1214 1945 1366 1976 Glossae:

899 1995 1092 2028 ἀναπάσσει]
1115 1998 1185 2027 Jos.
1203 1996 1286 2026 Scal.

942 2047 1123 2087 Luxantzlr]
1147 2047 1258 2078 Gloss.
1277 2046 1445 2083 ‘luxatur‚
1460 2044 1596 2075 ἀνασάσ·

900 2098 977 2130 σει;’
1003 2098 1153 2135 infarcit,
1179 2097 1308 2137 implet.
1355 2096 1462 2127 Quem
1487 2096 1596 2126 locum

898 2149 1022 2180 frustra
1039 2149 1221 2179 solicitavit
1239 2147 1453 2178 doctissimus
1473 2147 1596 2177 Vulca-

899 2201 985 2231 nius.
1031 2200 1155 2231 ‘Nunc
1187 2197 1291 2237 ver0‚’
1320 2203 1357 2229 ut
1382 2200 1429 2228 ait
1454 2197 1598 2236 Nonius,

900 2252 908 2267 ‘
925 2251 1052 2282 vulsum
1081 2255 1116 2280 et
1142 2259 1202 2280 suo
1231 2250 1304 2280 loco
1332 2254 1460 2279 motum
1486 2248 1595 2278 luxari

902 2302 1008 2341 ignari
1028 2301 1148 2332 Latine
1165 2298 1331 2330 dicimus.’
1356 2299 1436 2329 Dac.

942 2351 950 2371 ¹
973 2351 1065 2392 Lycii
1081 2350 1234 2390 Apollinis
1257 2348 1426 2388 oraculum]
1454 2348 1596 2388 ‘Lycias

901 2409 1008 2433 sortes
1022 2402 1029 2414 ’
1047 2405 1146 2432 vocat
1162 2400 1284 2440 Virgil.
1308 2399 1462 2430 ‘Italiam
1482 2399 1594 2439 Lyciae

895 2454 1028 2493 jussere
1045 2460 1224 2491 capessere
1241 2449 1370 2481 sortes?
1395 2449 1474 2490 Ipse
1491 2449 1594 2488 Apol-

901 2505 933 2535 lo
955 2506 963 2520 ‘
980 2503 1103 2543 Lycius
1128 2500 1257 2532 Λύκιος’
1281 2500 1426 2539 Graecis,
1449 2499 1538 2541 quod
1561 2500 1593 2530 in

1408 1950 1416 1963 ‘
1437 1945 1597 1983 Luxatur,

904 2555 1008 2594 Lycia
1024 2554 1147 2590 cultus,
1158 2562 1223 2583 non
1238 2561 1315 2582 vero
1329 2552 1371 2582 ob
1385 2552 1478 2591 lupos
1492 2551 1594 2581 inter-

902 2604 1024 2642 fectos,
1041 2604 1104 2634 etsi
1129 2603 1171 2633 ob
1193 2602 1334 2633 eandem
1361 2612 1494 2633 causam
1519 2611 1593 2631 euni

901 2653 1090 2685 λυκοκτόνου
1128 2653 1253 2684 dictum
1292 2653 1396 2686 fuisse
1433 2654 1590 2694 reperias.

901 2705 988 2737 Vide
1004 2704 1151 2746 Hesych.
1175 2705 1254 2736 Duc.
