1835 2906
363 176 425 204 DE
461 171 731 204 VERBORUM
765 166 1172 199 SIGNIFICATIONE
1209 166 1301 195 [ΑΒ.
1334 165 1406 194 Xl.

1540 154 1624 193 397

232 283 421 324 Romam
443 280 679 326 conditam,
704 291 756 318 eo
780 275 897 330 quod
921 287 1023 326 gens
1045 277 1137 314 erat
1164 270 1516 319 bellicosissima,
1550 282 1625 309 cu-

229 351 306 405 jus
328 351 387 390 rei
408 348 696 389 testimonium
719 350 801 395 est,
823 343 942 397 quod
966 341 1233 396 posteriores
1254 352 1438 387 mense&
1456 338 1531 392 qni
1550 351 1626 378 an-

234 431 349 458 num-
369 416 540 464 finiunt,
583 429 610 455 a
639 426 820 455 numero
854 410 1078 464 appellati,
1110 409 1311 449 ultimum
1342 407 1507 448 habent
1538 405 1628 445 De-

234 485 470 526 cembrem.

179 553 282 594 Mas
304 552 570 593 deminutive
591 551 699 592 facit
719 547 956 590 masculus..

1463 541 1628 595 [Fsss'r.

179 618 461 670 Masculinaj
482 626 525 661 et
553 618 784 661 foeminina
816 613 1040 656 vocabula
1069 611 1160 653 dici
1189 611 1349 652 melius
1379 614 1447 650 est
1478 622 1629 649 secun-

236 689 339 729 dum
361 688 619 729 Graecorum
643 697 822 740 quoque
852 680 1229 728 consuetudinem,
1258 680 1335 732 qui
1364 691 1451 719 non
1478 677 1630 732 ἀνδρικοὶ

238 762 282 797 et
301 757 508 810 γυναικεῖα,
530 754 608 795 sed
629 753 820 807 ἀρσενικὰ,
843 751 1011 798 dicunt,
1031 754 1074 789 et
1095 745 1285 796 θηλυκά.18

183 823 433 865 Masculino
475 819 660 876 generek
701 824 922 874 parentem
957 816 1250 871 appellabant
1289 813 1461 868 antiqui
1496 813 1630 854 etiam

791 952 808 962 ο
812 948 866 960 ‘es‘
870 947 1023 959 enemo

227 1035 265 1063 18
290 1033 298 1049 ‘
316 1031 509 1071 masculina]
535 1028 680 1060 Videtur
700 1027 836 1058 deesse:
863 1022 1006 1065 ἀρσενικὰ
1021 1022 1072 1054 καὶ
1099 1022 1218 1060 θηλυκὰ
1243 1021 1375 1054 dicunt!
1408 1020 1492 1053 Ant.
1510 1021 1597 1062 Aug.

841 1122 982 1156 NOTAE

185 1205 335 1236 omnibus
363 1204 470 1235 Italiae
499 1203 632 1244 populis
664 1202 788 1242 primus
805 1199 881 1231 fuit.

186 1259 273 1289 Nam
290 1255 432 1286 Albanis
459 1260 532 1285 erat
556 1254 690 1289 tertia&
715 1252 881 1283 phaliscis

185 1309 335 1349 quintus,
353 1311 470 1337 sextus
482 1306 652 1337 Hernicis.
674 1303 763 1335 Vide
780 1303 883 1335 Ovid.

187 1359 279 1390 Fast.
297 1367 352 1389 ιιι.
373 1358 476 1388 Idem.

228 1407 237 1428 ἰ
258 1408 450 1447 Masculina]
475 1407 618 1438 Constat
644 1407 732 1438 enim
757 1410 792 1437 et
817 1404 884 1436 Ve-

187 1464 275 1490 teres
294 1458 417 1489 dixisse
434 1458 570 1488 nomina
584 1458 703 1497 virilia,
716 1462 751 1488 et
769 1456 885 1487 mulie-

186 1509 270 1549 bria,
287 1513 324 1539 ut
341 1509 461 1539 varro.
506 1508 594 1539 Item
618 1508 754 1539 nomina
769 1506 887 1544 virilis,

187 1566 221 1591 et
249 1559 422 1590 muliebris
450 1569 561 1589 sexus,
608 1560 735 1589 Deesse
763 1557 798 1587 in
818 1556 885 1586 fine

187 1611 258 1642 haee
276 1621 340 1642 non
358 1610 517 1641 dubium:
543 1610 668 1650 quinon
685 1608 822 1649 ἆνδρικὰ,
836 1606 887 1637 καὶ

187 1661 347 1699 ’γυναικεῖα
369 1670 416 1696 ea,
437 1662 490 1691 sed
517 1659 672 1700 ἀῤῥενικὰ,
695 1658 744 1690 καὶ
770 1657 888 1695 Θηλυκὰ

190 1716 310 1743 vocant.
327 1712 400 1744 JOS.
416 1712 505 1742 Scal-

232 1763 410 1794 Masculina
425 1761 645 1801 etfoemz'nina]
670 1762 721 1792 Ex
734 1761 889 1792 Varrone

190 1819 328 1844 constat
349 1813 494 1843 Veteres
517 1812 642 1843 dixisse
664 1812 800 1842 nomina
816 1811 824 1827 ‘
844 1812 890 1842 vi-

190 1863 281 1895 rilia'
294 1868 329 1895 et
345 1864 354 1880 ⁴
367 1862 566 1900 muliebria,’
580 1863 658 1894 item
671 1854 806 1893 nomina
822 1866 830 1880 ‘
844 1862 890 1892 vi-

189 1915 260 1945 rilis
287 1913 294 1925 ¹
311 1919 344 1944 et
371 1913 568 1945 ‘muliebris
592 1912 712 1944 sexus!
755 1912 822 1943 Sed
849 1922 891 1942 ex

192 1965 285 1996 Festi
304 1965 438 2005 judicio
458 1965 576 1996 melius
600 1964 769 1995 masculina
785 1963 890 2001 etsoe-

192 2016 313 2047 minima
340 2016 509 2055 dicuntur,
538 2015 720 2046 secundnm
752 2015 891 2046 Graeco-

193 2076 266 2098 rum
282 2066 641 2106 consuetudinem‚qui
658 2075 698 2096 ea
712 2075 777 2096 non
794 2065 891 2106 ἀνδρι-

193 2120 246 2159 κὰ,
261 2117 293 2148 id
311 2123 378 2158 est,
400 2118 521 2157 virilia,
539 2122 573 2147 et
587 2118 757 2156 γυναικεῖα,
774 2116 806 2147 id
825 2121 891 2155 est,

195 2169 384 2209 muliebria,
401 2168 462 2199 sed
479 2167 620 2208 ἀῤῥενικὰ
634 2166 684 2198 καὶ
702 2166 820 2204 θηλυκὰ
836 2176 893 2197 vo-

195 2223 288 2255 cant,
304 2219 366 2250 hoc
380 2225 443 2259 est,
455 2219 641 2250 masculina
658 2222 693 2249 et
708 2217 895 2249 foeminina.

195 2268 277 2299 Dae.

240 2317 254 2337 k
279 2319 456 2350 Masculino
475 2319 603 2360 genere]
625 2319 817 2351 Masculino
839 2327 895 2357 ge-

198 2378 276 2401 nere
305 2371 353 2400 ait
376 2371 500 2402 dixisse
526 2373 605 2402 malo
627 2381 715 2402 cruce
731 2372 770 2402 C.
788 2370 896 2401 Grac·

199 2421 296 2451 chum
314 2421 348 2452 in
365 2431 418 2461 ea,
431 2422 487 2452 ‘in
501 2421 669 2461 Popilium
685 2418 896 2461 posteriore,'

198 2476 233 2502 et
250 2481 317 2503 non
341 2472 480 2503 adducit
503 2473 706 2512 exemplum.
753 2472 841 2502 Item
865 2471 898 2501 in

200 2531 251 2560 ea,
273 2525 283 2538 ‘
300 2523 333 2552 in
355 2522 525 2563 Popilium
550 2528 586 2553 et
607 2521 800 2553 matronas.’
844 2521 898 2552 Ci-

200 2576 320 2613 tatqne
331 2573 538 2612 exemplum,
548 2572 604 2602 ubi
620 2574 701 2602 malo
712 2582 800 2602 cruce
814 2581 900 2601 mas-

203 2622 315 2652 culino
345 2631 469 2661 genere
500 2622 677 2662 usurpavit
711 2621 898 2652 Gracchus.

203 2671 293 2703 Quid
319 2677 385 2711 est,
407 2672 514 2703 citare
536 2672 585 2703 bis
609 2671 752 2702 eandem
775 2671 900 2702 oratio-

205 2730 280 2752 nem
304 2731 368 2753 non
393 2728 550 2764 tanquam
573 2721 728 2762 eandem,
744 2721 804 2752 sed
827 2726 901 2753 tan-

938 1207 1037 1240 quam
1062 1196 1228 1229 alteram?
1271 1193 1420 1234 Deinde,
1441 1192 1519 1234 qnid
1546 1192 1638 1223 istud

939 1249 986 1279 rei
1004 1253 1067 1288 est,
1081 1249 1112 1279 in
1127 1246 1294 1287 Popilium,
1311 1249 1340 1276 et
1358 1247 1536 1276 matronas?
1559 1249 1639 1274 nota

937 1304 991 1330 est
1015 1309 1117 1330 causa
1144 1297 1395 1329 inimicitiarum
1426 1297 1515 1326 inter
1537 1295 1640 1334 Popi-

937 1351 1031 1386 lium,
1054 1354 1089 1381 et
1113 1348 1324 1384 Gracchum,
1344 1346 1386 1376 de
1410 1345 1573 1376 matronis
1597 1353 1640 1375 ne

939 1401 1078 1431 verbum
1104 1399 1253 1440 quidem.
1299 1399 1415 1430 Quare
1435 1396 1497 1427 hoc
1525 1394 1641 1432 ἇτόπη-

938 1464 981 1491 μα
992 1452 1084 1482 docti
1095 1451 1156 1481 viri
1170 1460 1244 1480 cum
1258 1448 1423 1481 viderent,
1436 1447 1548 1478 conati
1563 1451 1642 1477 snut

940 1502 1123 1534 emendare
1142 1501 1211 1531 ita:
1239 1500 1319 1530 Item
1335 1508 1403 1529 cum
1425 1498 1507 1528 idem
1529 1497 1563 1527 in
1580 1497 1644 1527 Po-

937 1553 1048 1594 pilium
1071 1556 1099 1583 et
1126 1551 1306 1581 Mathonem
1329 1550 1385 1580 ait.
1431 1548 1478 1579 Ut
1503 1547 1584 1578 illud
1609 1548 1643 1578 in

940 1604 1122 1634 IlIntlwnem
1138 1600 1342 1632 successerit
1362 1601 1393 1629 in
1411 1599 1522 1630 locum
1538 1599 1595 1628 τοῦ
1610 1599 1645 1629 in

942 1658 1108 1685 matronas.
1156 1651 1274 1682 Laudo
1306 1655 1481 1687 conatum,
1508 1649 1644 1679 mallem

943 1711 1056 1736 tamen
1075 1713 1139 1734 non
1157 1702 1371 1742 conjecturas
1392 1710 1481 1739 snas,
1497 1700 1556 1730 sed
1575 1709 1644 1730 rem

944 1757 1052 1797 ipsam
1083 1754 1226 1794 margini
1258 1754 1387 1783 chartae
1414 1750 1646 1782 commendas-

945 1810 1032 1837 sent.
1058 1805 1145 1836 Nam
1163 1813 1243 1834 sane
1259 1803 1304 1833 ita
1319 1800 1534 1832 scribendum
1549 1805 1645 1831 erat:

946 1859 1027 1889 Item
1041 1867 1107 1888 cum
1122 1857 1203 1887 idem
1219 1856 1253 1885 in
1272 1854 1428 1896 populum,
1445 1857 1474 1884 et
1491 1856 1649 1883 matronas

946 1910 1011 1940 ait.-
1044 1918 1078 1939 eo
1103 1907 1241 1947 exemplo
1265 1905 1411 1936 instituto
1438 1905 1552 1944 dignus
1565 1903 1647 1943 fuit,

946 1959 1000 2000 qui
1028 1959 1106 1989 malo
1135 1967 1223 1988 cruce
1252 1957 1381 1997 periret.
1427 1956 1515 1986 Vide
1547 1965 1647 1996 quam

946 2011 1124 2042 dissimilia
1139 2011 1212 2040 haec
1230 2010 1298 2040 sint
1314 2009 1468 2049 pristinae
1486 2008 1646 2039 lectioni:

946 2063 1068 2104 partim
1086 2062 1173 2092 enim
1192 2061 1297 2092 verba
1321 2059 1415 2090 Festi
1439 2059 1649 2099 putabantur

947 2124 1033 2149 esse,
1051 2123 1124 2153 quae
1143 2121 1231 2142 nunc
1256 2110 1367 2142 onmia
1386 2115 1464 2140 sunt
1482 2108 1649 2139 Gracchi:

948 2164 1134 2205 exprobrat
1158 2161 1352 2192 adversario
1378 2159 1443 2190 duo
1461 2158 1651 2196 Gracchus,

949 2221 986 2247 et
1002 2213 1091 2256 quod
1109 2214 1142 2244 in
1160 2212 1322 2253 populum
1339 2210 1568 2241 debacchatus
1593 2208 1650 2243 sit,

952 2276 1050 2307 quem
1076 2264 1131 2305 qui
1155 2262 1347 2300 offendunt,
1364 2260 1551 2301 majestatis
1576 2268 1650 2298 pos·

952 2318 1117 2355 tulantur,
1135 2320 1170 2345 et
1193 2314 1227 2343 in
1251 2319 1437 2351 matronas,
1452 2311 1510 2352 qui
1535 2319 1651 2349 sexus,

950 2368 1097 2400 omnium
1123 2374 1299 2404 consensu,
1318 2363 1431 2394 multis
1458 2361 1653 2402 privilegio·

951 2427 1023 2448 runi
1035 2415 1202 2457 praesidiis
1215 2414 1381 2443 munitur:
1401 2417 1584 2453 propterea
1599 2420 1652 2442 vo-

953 2474 1010 2501 cat
1037 2469 1157 2499 malurn
1186 2466 1393 2505 exemplum,
1421 2469 1474 2495 est
1505 2464 1591 2493 enim
1617 2467 1653 2493 et

954 2525 1075 2550 contra
1099 2519 1202 2556 leges,
1220 2521 1254 2546 et
1271 2521 1388 2546 contra
1412 2515 1515 2545 bonos
1533 2523 1656 2544 mores.

956 2570 1065 2609 Hujus
1081 2567 1241 2598 orationis
1266 2566 1411 2597 Gracchi
1431 2567 1464 2596 in
1481 2565 1652 2605 Popilium

956 2619 1083 2650 mentio
1114 2621 1209 2647 extat
1238 2616 1340 2646 etiam
1372 2616 1460 2656 apud
1492 2615 1653 2646 Gellium.

957 2671 1028 2701 Jos.
1046 2670 1128 2701 Scal.

1002 2717 1308 2758 Mascuzz'nogenere]
1335 2719 1500 2750 Parentem
1512 2725 1572 2758 pro
1587 2726 1655 2747 ma-
