1835 2906
183 140 267 182 208

471 147 609 179 Fsssrl
645 148 707 178 Du
741 147 886 176 VERE.
918 145 1098 176 stcNir.
1132 135 1225 174 121ss.
1258 143 1330 175 ιιι.

238 245 455 299 significat
476 244 536 294 id,
560 243 680 297 quod
702 243 811 283 solet
831 241 923 283 fieri
945 242 987 282 in
1008 241 1155 281 insula
1178 239 1343 293 Cypro,
1366 239 1409 280 in
1432 252 1522 293 qua
1541 241 1621 281 bo-

236 327 315 354 ves
337 313 521 353 humano
544 316 736 352 stercore
758 313 1007 364 pascuntur.

1078 306 1202 348 Idem
1224 320 1324 348 cum
1344 307 1462 356 dicit,
1484 306 1622 361 Prop-

234 389 300 423 ter
320 385 509 432 stagna‚¹¹
531 379 607 419 ubi
626 379 867 431 lanigerum
889 390 1026 430 genus
1048 375 1251 429 piscibus
1268 375 1489 428 pascitur:
1522 388 1621 415 esse

235 447 441 502 paludem
477 446 761 493 demonstrat,
798 445 842 485 in
878 456 964 497 qua
995 447 1235 484 nascuntur
1270 442 1419 496 pisces
1457 442 1622 484 similes

232 514 495 563 ranunculis,
518 526 632 567 quos
654 525 763 553 oves
785 515 1054 553 consectatae
1076 509 1224 551 edunt.

179 584 431 637 Cytherea‚⁰
450 583 617 629 VenuS‚
633 581 689 621 ab
707 581 812 621 urbe
827 579 1030 634 Cythera,
1047 579 1090 619 in
1106 590 1237 632 quam
1256 577 1447 631 primum
1463 576 1622 618 devec-

233 656 280 693 ta
299 663 400 692 esse
424 649 584 690 dicitur
605 649 787 699 concha,
808 661 908 689 cum
928 648 971 688 in
993 646 1104 687 mari
1124 650 1241 686 esset
1260 648 1486 698 concepta.

829 781 971 813 NOTAE

220 870 335 911 Cyprio
351 869 433 909 bovi]
460 870 543 901 Tam
569 878 683 900 verum
707 872 759 898 est
787 868 871 898 ullos

174 922 278 952 boves
303 919 524 960 σκατοφάγους
548 929 634 957 esse,
661 928 759 959 quam
787 917 872 948 ullas

174 981 253 1002 oves
271 969 467 1010 ὠμοφάγους.
485 971 676 1010 Utrumque
690 968 780 999 enim
794 977 871 999 con-

174 1022 312 1052 trarium
330 1021 465 1052 animali
483 1019 676 1051 ruminanti.
708 1018 784 1049 Scio
801 1018 874 1059 qui-

173 1072 250 1102 dem
266 1071 300 1101 in
318 1071 518 1112 quibusdam
542 1069 735 1100 nationibus
763 1069 875 1109 pisces

174 1122 358 1162 arefactos,
385 1132 423 1153 ac
444 1124 512 1154 sale
539 1122 674 1153 duratos
692 1121 799 1152 bubus
815 1131 873 1162 ap-

173 1173 267 1212 poni.
310 1173 375 1204 Sed
406 1173 496 1203 alind
527 1178 578 1203 est
610 1171 719 1212 pisces
760 1172 874 1212 pecori

173 1223 269 1262 dare,
294 1233 370 1254 cum
396 1224 470 1264 jam
502 1223 644 1263 amplius
672 1222 781 1262 pisces
808 1232 872 1253 nou

172 1280 263 1314 sunt,
285 1273 374 1305 aliud
401 1284 504 1314 pecus
519 1274 609 1313 ipsos
624 1273 717 1304 vivos
734 1282 871 1304 consec-

173 1325 239 1355 tari
266 1330 301 1355 et
329 1325 432 1365 pasci.
478 1324 545 1355 Sed
573 1323 641 1364 περὶ
663 1322 872 1363 σκατοφάγων

172 1376 254 1409 βοῶν
279 1384 344 1405 non
371 1375 476 1404 solum
513 1373 631 1404 Festus
656 1374 715 1411 ait,
748 1373 808 1404 sed
836 1380 871 1404 et

172 1424 288 1455 Graeci
338 1421 609 1463 παροιμιογράφοι,
658 1427 872 1463 exponentes

171 1474 389 1515 proverbium
409 1474 541 1515 Κύπριος
567 1475 652 1510 βοῦς.
677 1475 765 1506 Vide
786 1475 872 1507 iilos.

169 1526 240 1556 Jos.
255 1525 342 1556 Scal.

217 1574 335 1614 Cyprio
351 1574 419 1604 bovi
436 1574 627 1614 merendam]
651 1575 796 1615 Cyprios
811 1575 871 1606 bo-

170 1633 229 1654 ves
252 1628 405 1654 stercore
432 1624 520 1653 vesci
536 1624 683 1664 antiquis
702 1624 870 1664 proditum

170 1682 234 1715 est,
270 1675 360 1706 uude
387 1675 555 1716 ‘Cyprius
595 1675 667 1706 bos‘
700 1676 870 1716 proverbii

170 1727 243 1757 vice
266 1725 297 1756 in
321 1725 506 1766 quemlibet
521 1725 729 1765 jactabatur,
757 1726 813 1767 qui
837 1736 872 1756 se

171 1775 262 1806 foedo
294 1776 386 1806 victu
427 1776 675 1807 imhnlbitaret.
722 1776 872 1816 Hesych.

172 1825 304 1865 Κύπριος
340 1826 427 1862 βοῦς,
459 1825 508 1855 ἐπὶ
531 1826 733 1865 κοπροφάγου
760 1826 873 1857 εἷκαιόυ

169 1875 321 1906 τάσσεται
343 1875 450 1912 τοῦτο,
472 1875 575 1911 ἐπειδὴ
600 1875 630 1905 οἱ
649 1875 775 1915 Κύπριοι
799 1876 872 1911 βόες

174 1925 418 1965 κοπροφαγοῦσι.
444 1924 476 1954 id
494 1930 561 1963 est,
575 1928 583 1941 ⁶
598 1925 744 1965 Cyprius
763 1926 821 1956 bos
837 1927 869 1956 in

170 1977 426 2016 merdiphagum
455 1973 644 2015 quemlibet
674 1975 796 2006 dicitur
830 1977 870 2006 is·

171 2027 245 2063 tud,
263 2026 351 2066 quod
367 2025 471 2056 boves
487 2025 604 2065 Cyprii
630 2029 779 2056 stercore
796 2035 867 2057 ves-

170 2076 313 2107 cuntur!
371 2077 574 2116 Quanquam
609 2076 640 2105 id
668 2081 786 2106 contra
813 2086 865 2107 ru-

171 2127 329 2158 minantis
354 2132 510 2157 naturam
525 2136 599 2158 esse
616 2131 761 2158 constat.
786 2128 866 2159 Duc.

972 872 986 887 ¹¹
1009 869 1145 908 Propter
1173 868 1300 908 stagna]
1350 867 1417 897 Hic
1446 865 1623 898 Sotadicus

928 927 1042 949 versus
1058 919 1106 949 sic
1120 918 1186 958 legi
1211 917 1338 949 debet:
1363 917 1497 957 Propter
1511 920 1624 955 stagna

928 978 1027 1007 genus
1037 968 1089 999 ubi
1104 969 1277 1007 lanigerum
1288 967 1417 1008 piscibu'
1427 967 1539 1007 pascit.
1564 967 1623 997 Et-

929 1018 956 1048 si
975 1017 1095 1049 falsum
1117 1024 1171 1050 est
1190 1028 1269 1049 oves
1291 1018 1375 1049 ullas
1399 1027 1471 1048 esse
1501 1015 1623 1055 ὠμοφά-

927 1079 1013 1107 γους.
1041 1069 1136 1100 Idem.

970 1123 984 1138 0
1009 1118 1180 1159 Cytherea]
1213 1117 1269 1150 Ab
1308 1118 1392 1149 urbe
1419 1118 1526 1158 Cypri
1557 1118 1623 1157 Cy-

929 1171 1037 1206 thera,
1067 1171 1100 1201 in
1125 1181 1224 1213 quam
1254 1171 1325 1202 salo
1352 1174 1482 1204 exorta,
1509 1169 1624 1199 statim

928 1221 1041 1252 delata
1055 1220 1130 1254 fuit.
1175 1222 1395 1262 Quapropter
1411 1224 1445 1251 et
1463 1220 1496 1250 in
1510 1220 1623 1260 Cypro

927 1276 1008 1303 nata
1021 1271 1153 1303 dicitur.
1179 1271 1278 1303 Unde
1296 1270 1509 1312 Cyprogeneia
1521 1269 1624 1313 dicta.

926 1323 1065 1359 Verum,
1098 1324 1176 1363 quia
1198 1322 1297 1362 hujus
1326 1321 1484 1361 Cytherae
1513 1329 1623 1354 nemo,

927 1374 1015 1414 quod
1046 1374 1164 1413 sciam,
1189 1379 1316 1413 praeter
1350 1371 1494 1404 Hesiodi
1520 1371 1623 1402 Scho-

926 1425 1048 1456 liasteu
1065 1426 1229 1460 meminit.
1253 1434 1311 1455 eos
1334 1432 1469 1464 sequor,
1486 1422 1542 1463 qui
1557 1422 1623 1462 Cy-

928 1475 1078 1505 theream
1115 1475 1242 1507 dictam
1271 1473 1410 1504 tradunt
1439 1472 1482 1503 ab
1513 1472 1624 1502 insuta

926 1525 1088 1565 Cythera,
1106 1525 1138 1555 in
1160 1524 1233 1554 sinu
1249 1523 1431 1562 Laconico,
1447 1521 1546 1553 hodie
1566 1523 1622 1551 Ce-

925 1574 1006 1613 rigo.
1053 1574 1140 1605 Vide
1164 1573 1326 1604 Bocharti
1342 1572 1502 1603 Chanaan
1526 1572 1586 1603 lib.
1601 1581 1625 1602 1.

926 1633 1001 1664 cap.
1014 1627 1067 1654 22.
1101 1623 1221 1664 Neque
1238 1622 1318 1653 illud
1337 1621 1623 1662 praetereundum,

925 1673 1135 1704 Scholiasten
1159 1672 1299 1703 Hesiodi
1330 1672 1496 1712 Cytheras
1529 1681 1625 1702 acce-

929 1724 1019 1764 pisse
1036 1723 1079 1754 de
1097 1722 1178 1753 urbe
1192 1722 1296 1763 Cypri
1310 1720 1491 1752 manifesto
1504 1727 1624 1752 contra

927 1781 1074 1806 mentem
1103 1773 1258 1809 Hesiodi,
1285 1773 1341 1814 qui
1365 1772 1483 1803 scribit
1514 1773 1625 1802 Vene-

928 1836 1011 1865 rem,
1029 1826 1083 1856 nbi
1102 1825 1245 1865 primum
1263 1829 1345 1854 nata
1361 1822 1622 1863 fuit„Cythe1·as

928 1878 1136 1907 advectam:
1177 1874 1300 1905 deinde
1331 1879 1367 1905 et
1391 1872 1622 1904 circumfluam

926 1926 968 1956 ad
984 1928 1133 1967 Cyprum
1151 1924 1358 1966 pervenisse.
1397 1924 1518 1964 Neque
1533 1923 1622 1953 enim

925 1982 1086 2016 poterant
1122 1977 1155 2006 in
1193 1976 1308 2016 Cypro
1345 1983 1419 2006 esse
1451 1975 1623 2014 Cyssnerae,

923 2037 999 2058 cum
1037 2037 1054 2058 e
1084 2027 1244 2067 Cytheris
1268 2026 1382 2056 Venus
1407 2025 1439 2055 in
1471 2026 1619 2065 Cyptum

922 2076 1038 2108 delata
1053 2078 1109 2117 sit,
1123 2079 1186 2107 &c.
1212 2076 1309 2106 Idem.
