1835 2906
209 100 295 142 374

653 112 802 144 SEXTI
837 115 1040 145 POMPEH
1076 116 1209 146 FES'ri

269 198 542 256 solem'nes,w
564 220 620 248 an
640 210 756 261 quod
779 210 865 263 ipsi
888 211 996 251 Deae
1018 210 1064 250 in
1095 211 1248 252 multis
1271 212 1443 253 Latinis
1465 213 1659 256 civitati-

266 275 348 315 bus
368 274 587 316 sacrificia
606 275 772 318 fiebant
791 277 914 332 (ipso
934 290 1097 318 mense.
1118 307 1127 317 .
1148 309 1157 318 .
1175 277 1208 332 .)

211 342 356 396 Major
372 347 595 395 patruus?
617 345 689 384 avi
710 349 753 385 et
774 347 887 386 aviae
909 349 1108 398 patruus.

211 408 359 462 Major
376 410 528 460 amita,
550 411 624 452 avi
644 415 685 452 et
705 413 818 453 aviae
840 413 989 453 amita.

1479 416 1605 467 [ΡΛυ
1616 428 1659 457 L.

210 474 358 529 Major
378 479 637 527 avunculus,
660 479 732 519 avi
752 485 797 519 et
819 479 933 520 aviae
956 479 1218 520 avunculus.

209 542 358 597 Major
378 544 585 587 Graeciaa
620 546 743 587 dicta
774 551 844 586 est
869 546 1019 597 Italia,
1057 547 1177 600 quod
1211 561 1307 589 eam
1343 547 1480 589 Siculi
1524 563 1659 603 quon-

812 666 1026 679 aeneomeee
1032 669 1050 680 e

251 732 290 760 10
313 729 400 762 Vide
427 731 546 763 Notas.

857 844 995 876 NOTAE

202 925 317 956 divinae
332 925 432 957 idibus
440 927 525 968 fiant
540 929 689 968 solennes,
699 939 739 959 an
752 931 829 970 quod
842 930 902 971 ipsi

202 978 286 1009 Deae
302 978 332 1009 in
345 980 453 1010 multis
468 979 597 1011 Latinis
613 982 792 1013 ciuitatibus
807 984 902 1014 sacri-

193 1028 402 1070 ficiafiebant
418 1031 483 1071 ipso
498 1041 609 1065 mense.
648 1034 742 1064 Nihil
759 1035 902 1075 amplius

202 1079 310 1112 deest.
334 1081 416 1113 Dae.

245 1135 256 1149 ²
280 1131 386 1169 Major
410 1133 555 1173 patruus]
582 1133 726 1174 Proprie
744 1134 810 1173 avi,
833 1144 898 1165 non

202 1181 286 1212 aviae
314 1189 464 1221 patruus,
487 1183 549 1215 hoc
565 1190 629 1224 est,
647 1185 763 1224 proavi
780 1183 900 1225 frater,

201 1236 238 1261 ut
255 1232 358 1262 amita
374 1233 470 1273 avite,
495 1244 559 1265 uon
584 1235 637 1265 avi
663 1236 776 1265 amita.
822 1235 899 1266 Hoc

199 1286 264 1321 est,
288 1284 435 1323 proaviae
461 1294 565 1315 soror.
610 1285 657 1316 At
673 1285 899 1325 majoravun·

198 1333 306 1373 culus,
322 1335 419 1374 aviae,
435 1346 500 1366 non
514 1337 566 1367 avi
585 1338 784 1373 avunculus,
802 1348 898 1377 proa-

198 1383 262 1414 viae
281 1383 400 1416 frater.
447 1386 514 1417 Sed
542 1397 607 1418 non
630 1397 763 1427 semper
779 1388 897 1419 discri-

198 1442 274 1463 men
301 1434 382 1464 illud
409 1435 551 1467 Veteres
568 1436 803 1468 observarunt.
849 1438 898 1469 Ut

195 1482 249 1513 hic
277 1493 318 1514 ex
343 1485 443 1515 Festo
467 1491 503 1516 et
518 1485 598 1516 alibi
617 1496 658 1516 ex
677 1487 749 1517 aliis
765 1492 895 1518 certum

198 1536 260 1563 est.
286 1534 383 1566 Idem.

241 1589 255 1603 ὃ
269 1584 377 1623 Major
391 1585 532 1625 Groecz’a]
550 1587 664 1619 Quare
678 1587 815 1618 Graecia
826 1588 896 1619 ‹lic-

197 1638 230 1663 ta
246 1635 303 1674 sit,
319 1645 383 1666 non
401 1636 591 1675 dubitatur,
609 1637 666 1667 sed
683 1648 786 1678 quare
799 1639 896 1677 major

200 1685 335 1716 (ἐνατία.
360 1687 595 1718 Certissimum
610 1694 662 1719 est
679 1689 726 1719 ita
739 1695 894 1722 vocatam

195 1744 213 1763 a
228 1735 400 1776 Romanis,
413 1736 488 1777 quia
504 1739 642 1777 propior
657 1748 696 1769 ea
712 1745 802 1770 esset
816 1741 894 1776 iuis.

195 1794 294 1823 quam
313 1786 536 1817 transmarina
555 1787 710 1819 Gr'aer‘cia:
737 1790 894 1829 quemad-

196 1834 330 1864 modum
360 1841 491 1876 contra‚
523 1837 664 1868 Graecos
695 1839 802 1870 Italos
832 1841 894 1880 ipsi

195 1883 310 1916 Graeci
325 1887 536 1917 transmarini
550 1888 717 1919 vocabant
729 1889 896 1931 ἐξωτικοὺς,

193 1934 226 1965 id
259 1941 323 1976 esi,
354 1936 528 1967 barbaros.
591 1938 677 1968 Nam
710 1940 896 1980 Messenio,

194 1995 312 2017 servus
331 1987 419 2027 apud
437 1988 614 2028 Plautum,
640 1995 740 2020 vocat
764 1992 772 2006 ‘
787 1992 896 2022 exoti-

193 2045 266 2067 cam
284 2037 478 2073 Graeciam,’
502 2048 599 2079 quam
626 2039 768 2069 Romani
793 2041 893 2081 majo-

192 2095 263 2117 rem
288 2087 471 2123 Graeciam,
497 2098 562 2119 nou
588 2089 723 2130 quidem
750 2100 791 2121 ex
817 2101 891 2131 per-

193 2147 275 2168 sona
300 2148 379 2177 sua;
405 2148 480 2169 nam
508 2144 583 2170 erat
610 2140 756 2179 Siculus,
780 2151 889 2182 neque

193 2194 350 2219 vocasset
359 2190 512 2220 consulto
523 2200 557 2220 se
569 2191 676 2229 ipsum
691 2190 889 2230 barbarum3

191 2239 250 2269 sed
273 2241 452 2279 μιμητικῶς,
469 2250 510 2271 ex
533 2250 678 2280 persona
694 2241 889 2273 Gra‘corum

192 2289 351 2328 ipsorum,
377 2292 432 2332 qui
453 2292 584 2322 Siculos
602 2296 637 2322 et
655 2292 816 2324 Calabros
834 2304 889 2325 vo-

191 2339 482 2378 οῆὺειιῑἛλληνας
497 2340 672 2380 ἐξωτικούςε
691 2348 725 2372 ut
736 2342 890 2379 Plautus,

191 2398 265 2419 cum
280 2400 315 2421 se
330 2398 429 2423 vocat
444 2393 633 2431 barbarum,
644 2399 678 2423 et
692 2394 753 2424 Bai
764 2393 890 2425 bariani

192 2438 339 2477 Italiam,
364 2452 429 2473 non
449 2454 489 2473 ex
506 2444 751 2475 consuetudine
770 2445 890 2476 Roma-

191 2499 309 2520 norum
327 2491 432 2530 dieit3
451 2495 522 2534 quis
541 2495 629 2524 enim
647 2504 747 2525 sanus
763 2505 797 2525 se
815 2496 889 2525 bar-

191 2539 307 2570 barum
325 2544 448 2572 vocet?
473 2545 531 2574 sed
559 2555 601 2574 ex
630 2555 771 2585 persona
793 2546 888 2578 Grae-

191 2599 322 2629 corum,
355 2592 412 2631 qni
443 2594 626 2633 βαρβάρους,
652 2595 702 2626 καὶ
731 2596 889 2635 ἐξωτικοὺς

191 2639 297 2670 Italos
315 2641 479 2672 vocabant
496 2654 503 2679 3
523 2646 610 2683 quod
629 2647 731 2676 ctiam
750 2657 791 2677 ex
810 2648 889 2678 l'lu-

192 2690 307 2720 {archo
337 2690 367 2721 in
400 2692 469 2722 vita
498 2692 619 2732 Pyrrhi
646 2698 888 2736 cognoscimus.

959 931 1032 970 Ego
1055 930 1118 961 hoc
1144 930 1259 962 monui
1287 929 1328 961 de
1357 929 1492 961 exotica
1509 929 1657 970 Gr‘aecia,

958 991 999 1012 ne
1014 980 1307 1012 forteannebum
1324 988 1517 1020 sequamur,
1528 985 1562 1009 et
1577 989 1658 1010 auc-

957 1032 1097 1063 toritate
1115 1031 1202 1062 tanti
1219 1031 1280 1061 viri
1299 1030 1441 1070 permoti
1461 1029 1656 1070 impruden-

957 1086 1008 1113 tes
1025 1082 1168 1113 eundem
1186 1081 1332 1121 lapidem
1354 1078 1575 1114 offendamus,
1599 1080 1656 1120 qui

955 1134 1124 1164 exoticam
1153 1133 1325 1164 Graeciam
1348 1142 1412 1162 non
1437 1132 1478 1162 de
1503 1141 1555 1169 ea,
1580 1140 1655 1170 (ιιι-«ε

953 1185 1046 1216 dicta
1069 1190 1120 1216 est
1145 1185 1271 1224 Magna
1296 1183 1445 1221 Gmcia,
1468 1181 1526 1212 sed
1552 1182 1657 1220 illam,

954 1245 1029 1276 quae
1060 1236 1091 1266 in
1124 1235 1227 1275 Epiro
1255 1239 1342 1271 erat,
1372 1232 1557 1263 intellexit.
1613 1232 1654 1262 In

954 1295 1020 1326 quo
1037 1284 1193 1325 profecto
1210 1294 1275 1315 non
1293 1284 1416 1315 leviter
1432 1283 1571 1314 erravit.
1585 1283 1654 1313 Jos.

953 1336 1035 1366 Scal.

997 1386 1102 1424 Major
1128 1385 1272 1425 Graecia]
1306 1384 1396 1417 Quid
1426 1393 1556 1424 magnae
1581 1383 1652 1415 sive

953 1436 1090 1476 majoris
1108 1436 1254 1467 Graeciae
1274 1436 1407 1466 nomine
1433 1434 1580 1464 Veteres
1606 1435 1654 1464 in-

954 1487 1161 1523 tellexerint,
1185 1496 1250 1516 non
1275 1487 1356 1516 satis
1381 1485 1540 1515 convenit
1565 1485 1654 1515 inter

953 1542 1121 1567 auctores,
1161 1537 1282 1567 Festus
1301 1537 1347 1566 ait
1364 1535 1496 1566 Italiam
1515 1535 1652 1566 dictam.

953 1587 1149 1626 Athen-(vus,
1161 1597 1291 1618 omnem
1306 1586 1376 1617 fere
1390 1587 1536 1618 Italiam.
1562 1587 1653 1618 Stra-

951 1637 1006 1676 bo,
1034 1638 1197 1676 Siciliam,
1223 1643 1257 1668 et
1281 1647 1352 1667 eam
1383 1641 1513 1677 partem
1538 1637 1651 1669 Italiae

950 1698 1025 1728 quae
1042 1689 1165 1719 Siciliae
1184 1688 1331 1719 obversa
1342 1692 1406 1718 est.
1424 1687 1566 1723 Plinius,
1581 1687 1651 1719 Ita-

950 1740 1003 1769 liae
1018 1745 1148 1770 tautum
1169 1744 1297 1779 partem
1316 1738 1472 1778 aliquam.
1500 1739 1653 1778 Servius,

955 1801 972 1821 a
988 1791 1135 1821 Tarruto
1151 1800 1255 1831 usque
1269 1790 1310 1820 ad
1329 1789 1464 1820 Cumas,
1509 1789 1651 1823 Seneca,

955 1847 1061 1872 totuin
1080 1841 1187 1872 Italia²
1208 1842 1306 1879 latus,
1330 1840 1417 1880 quod
1444 1839 1551 1871 infero
1569 1841 1652 1871 mari

953 1892 1101 1922 alluitur.
1148 1892 1262 1924 Quare
1279 1895 1390 1921 autem
1406 1890 1542 1921 Gra¹cia
1559 1890 1652 1921 dicta

950 1943 992 1972 sit
1018 1951 1082 1972 non
1113 1941 1303 1980 dubitatur,
1327 1940 1386 1971 sed
1415 1950 1517 1980 quare
1541 1941 1650 1981 major

951 1992 1097 2022 Graecia.
1129 1992 1282 2030 Scaliger
1300 1998 1392 2021 recte
1405 1990 1538 2031 quidem
1553 1990 1650 2021 Grae-

950 2044 1035 2072 ciam
1068 2042 1254 2079 exoticam,
1279 2041 1434 2072 Italicam
1466 2041 1647 2079 Graeciam,

948 2093 1019 2123 sive
1032 2092 1194 2132 majorem
1208 2092 1391 2130 Graeciam,
1402 2091 1646 2131 interpretatus

948 2146 1010 2173 est.
1041 2142 1108 2172 Sed
1127 2135 1246 2172 falsum
1264 2141 1309 2171 ita
1325 2150 1396 2171 cam
1411 2140 1538 2171 dixisse
1555 2141 1647 2171 Mes-

945 2192 1117 2222 senionem
1135 2201 1175 2221 ex
1194 2200 1336 2231 persona
1350 2190 1548 2221 Graecorum
1563 2201 1572 2228 ;
1589 2200 1646 2220 ne-

945 2252 1010 2282 que
1025 2241 1112 2272 enim
1131 2241 1316 2283 antiquitus
1332 2241 1378 2271 ita
1393 2240 1482 2270 fmda
1497 2250 1547 2270 res
1561 2246 1651 2281 erat,

945 2301 980 2322 se
998 2292 1105 2331 ipsum
1122 2299 1241 2321 vocare
1258 2290 1435 2320 barbarum
1453 2291 1522 2320 sive
1540 2291 1647 2320 exoli-

946 2352 1034 2377 cum,
1052 2346 1087 2371 nt
1106 2351 1204 2372 nemo
1221 2350 1320 2371 sanus
1338 2351 1372 2370 se
1389 2350 1462 2371 eum
1476 2350 1548 2371 esse
1567 2350 1645 2380 pro-

946 2391 1115 2429 fiteretur,
1153 2401 1228 2421 rum
1261 2391 1410 2421 barbarus
1438 2398 1471 2421 et
1508 2392 1644 2421 exoticus

947 2443 1027 2473 nihil
1045 2442 1135 2473 aliud
1151 2448 1311 2473 sonarent
1326 2452 1437 2482 quam,
1450 2447 1646 2481 extraneus,

945 2495 1145 2533 alienigena.
1192 2492 1280 2523 Illud
1311 2493 1388 2522 olim
1417 2492 1566 2531 pluribus
1585 2501 1643 2521 ex-

945 2546 1063 2584 emplis
1087 2543 1263 2575 ostendam
1293 2542 1380 2582 apud
1408 2542 1565 2572 Plautum
1590 2542 1640 2580 ip-

945 2604 1029 2632 sum,
1053 2592 1191 2624 favente
1218 2594 1303 2624 Deo.
1350 2592 1449 2622 Nunc
1465 2590 1507 2620 de
1524 2592 1642 2632 majori

944 2645 1093 2676 Graecia.
1154 2644 1335 2683 Nunquam
1367 2651 1447 2672 sane
1479 2643 1639 2683 majorem

944 2705 1092 2726 errorem
1119 2695 1245 2725 erravit
1262 2693 1428 2733 Scaliger,
1445 2703 1544 2734 quam
1563 2704 1638 2725 cum
