1835 2906
175 81 259 124 526

610 87 763 120 SEXTI
796 86 1003 118 ΡΟΜΡΕΙῙ
1039 86 1180 117 FESTI

176 185 448 242 Opigenam‘
478 183 699 225 Junonem
735 187 950 223 matronae
986 181 1209 229 colebant,
1238 177 1357 233 quod
1393 177 1504 219 ferre
1525 191 1621 221 eam

232 268 361 308 opem
383 254 427 293 in
449 256 580 306 partu
600 251 908 293 laborantibus
932 248 1187 290 credebant.

178 322 345 376 Opilio,
367 333 505 374 genus
527 321 640 361 avis.

178 389 367 443 Opimau
381 388 527 442 spolia
540 387 742 429 dicuntur
757 385 964 439 originem
981 382 1160 439 quidem
1173 381 1387 425 trahentia
1398 381 1452 422 ab
1468 379 1633 433 [FEST.

831 500 974 534 NOTAE

220 573 229 591 ῑ
254 571 442 612 Opigenam]
465 571 634 604 ,Iunonem
660 567 749 599 enim
779 571 878 598 utero

177 622 369 653 laborantes
381 622 599 654 invocabant.
625 618 725 659 Apud
740 618 880 648 Terent.

176 674 187 690 ‘
199 673 291 704 Jnno
305 673 434 704 Lucina
450 671 502 703 fer
518 668 641 710 opem!
665 668 762 699 Idem.

223 728 235 743 ¹¹
262 723 390 764 Opima]
415 721 555 753 Carolus
577 718 747 759 Sigonius,
772 727 791 748 a
815 726 881 759 quo

179 773 287 804 multa
318 773 351 803 in
377 773 440 803 hoc
468 771 553 802 libro
581 769 763 801 emendata
792 772 882 807 sunt,

180 823 269 864 quod
309 823 408 854 deest
437 826 515 863 post
551 821 610 851 illa
647 820 762 859 verba,
799 819 883 850 intra

179 883 287 908 annos,
314 873 364 904 ita
408 882 505 913 posse
542 870 659 903 sarciri
697 870 884 908 existimat,

178 928 214 956 ut
226 925 312 955 intra
327 933 422 955 annos
434 924 525 963 paulo
552 923 664 954 minus.
683 922 731 954 D.
757 920 883 952 XXX.

178 978 301 1006 tantum
339 975 424 1006 trina
465 974 667 1014 contigerint,
708 975 761 1014 Syc.
821 972 884 1003 Su-

180 1026 284 1057 mitur
307 1031 419 1056 autem
457 1025 490 1056 id
519 1035 562 1055 ex
592 1024 701 1055 Fastis
743 1022 883 1063 Capito-

179 1077 270 1114 linis,
291 1077 323 1107 in
351 1076 472 1117 quibus
504 1085 591 1106 anno
615 1084 652 1107 1).
674 1082 779 1105 xxxr.
806 1073 884 1104 Kal.

181 1128 287 1159 Mart.
306 1128 355 1158 M.
374 1127 535 1158 Claudius
546 1126 732 1157 Marcellus
749 1125 825 1156 Cos.
841 1123 884 1154 de

181 1178 291 1210 Gallis
326 1178 530 1209 Insubribus
575 1175 810 1217 triumphavit,
850 1179 885 1205 et

180 1229 271 1261 idem
292 1230 400 1270 spolia
426 1230 539 1270 opima
555 1228 684 1267 retulit,
702 1228 789 1258 duce
813 1227 886 1257 hos-

183 1280 267 1311 tium
298 1280 501 1310 Virdnmaro
534 1277 576 1309 ad
608 1277 810 1309 Clastidium
836 1276 882 1307 in·

183 1330 344 1362 tert'ecto.
390 1330 491 1363 Quod
509 1339 590 1360 vero
612 1329 764 1370 postilla
780 1328 883 1359 verba

182 1382 253 1412 duci
281 1381 416 1412 hostium
452 1381 680 1415 desideratur,
716 1379 765 1411 ita
793 1378 882 1410 idem

183 1432 399 1463 doctissimus
418 1431 467 1461 vir
494 1429 711 1461 scribendum
738 1438 811 1459 esse
836 1438 888 1458 ar-

183 1483 351 1514 bitratur:
409 1482 480 1513 duci
513 1481 647 1512 hostium
699 1479 888 1511 detraxerit.

186 1535 278 1570 Quod
300 1537 403 1564 autem
427 1533 528 1564 omnia
550 1533 642 1563 solita
674 1541 733 1562 non
761 1531 824 1561 sint
847 1531 887 1561 ad

183 1586 279 1616 oedem
295 1585 398 1625 Jovss,
412 1586 464 1624 &a
504 1583 604 1614 Hanc
615 1582 886 1613 emendationem

180 1637 294 1677 juvat,
320 1635 408 1676 qnod
439 1639 560 1675 postea
587 1633 710 1664 dicitur
739 1631 888 1664 secunda

185 1687 294 1726 spolia
320 1687 352 1716 in
382 1685 503 1716 Martis
526 1694 632 1723 aram,
667 1683 770 1714 tertia
801 1683 888 1714 Jano

186 1737 328 1769 Quirino
342 1735 496 1767 ferenda.
541 1735 608 1766 Sed
634 1735 714 1765 milii
738 1735 799 1765 lioc
824 1743 890 1764 non

186 1787 267 1818 satis
296 1786 485 1827 probatur:
529 1796 604 1817 cnm
632 1795 697 1816 non
734 1785 767 1815 in
800 1784 890 1815 libris

185 1837 408 1875 Pontificum,
432 1837 491 1868 sed
519 1837 552 1867 in
589 1837 664 1877 lege
692 1836 816 1867 Nnmae
848 1835 891 1866 de

186 1888 359 1928 secundis,
377 1893 413 1919 et
441 1887 553 1919 tertiis
578 1886 708 1927 spoliis,
732 1885 820 1927 qnod
839 1895 890 1916 re-

187 1939 337 1977 tulimus,
353 1938 405 1968 sit.
450 1937 571 1968 Eidem
597 1936 710 1977 placet
733 1935 821 1976 quod
849 1935 890 1965 ad

186 1993 377 2020 extremum
401 1988 443 2019 de
460 1988 575 2028 opima,
605 1987 656 2017 vel
684 1986 803 2027 optima
825 1986 892 2025 lege

186 2041 325 2081 dicitur,
354 2039 626 2081 conjungendum
655 2049 728 2070 esse
746 2038 892 2079 muniis,

189 2102 264 2133 quae
282 2091 324 2122 ab
349 2091 414 2122 illis
443 2090 566 2125 verbis,
597 2089 725 2128 Optima
753 2090 815 2129 Iex,
844 2089 890 2119 in-

188 2144 363 2175 choantur,
408 2141 492 2173 Mihi
513 2150 594 2171 vero
618 2140 651 2171 id
679 2140 813 2180 quidem
842 2139 891 2170 ita

188 2195 366 2236 probatur,
398 2193 425 2223 si
457 2201 499 2223 ex
524 2192 589 2222 hoc
622 2196 766 2231 uterque
797 2191 891 2221 locus

189 2245 321 2276 restitui
354 2247 480 2284 posset.
539 2242 637 2275 Quod
667 2250 747 2272 vero
772 2240 814 2272 ad
841 2240 889 2271 in-

190 2294 448 2336 terpretationis
475 2292 639 2323 rationem
668 2292 806 2330 attinet,
834 2301 890 2322 ve-

189 2347 362 2377 liementer
381 2344 487 2386 probo
500 2345 570 2385 ejus
587 2343 789 2384 opinionem.
807 2344 891 2373 Sunt

191 2400 304 2427 tamen
329 2397 410 2427 satis
435 2395 608 2434 mendosa,
635 2398 669 2425 et
698 2394 829 2428 mutila,
856 2398 893 2424 et

190 2447 278 2484 haec,
294 2452 329 2477 et
345 2447 414 2478 illa.
438 2447 516 2477 Ant.
533 2446 619 2485 Aug.

239 2497 353 2537 Opima
374 2497 488 2537 spolia]
520 2496 691 2537 Pompelli
715 2496 768 2527 vel
793 2496 893 2527 Pom-

193 2547 265 2588 pilii
296 2547 416 2578 Nnmae
442 2547 530 2587 regis
558 2548 669 2587 legem
705 2547 891 2588 opimorum

192 2597 376 2637 spoliorum
400 2598 688 2637 corruptissimam
718 2598 815 2629 nobis
844 2607 893 2628 re-

193 2648 309 2681 lictam
336 2657 411 2679 esse
442 2657 538 2679 nemo
559 2658 625 2679 non
655 2648 760 2682 videt.
807 2649 894 2681 Nam

933 577 1000 599 non
1031 568 1138 600 solum
1165 566 1270 598 verba
1292 565 1494 606 depravata,
1517 562 1575 594 sed
1600 565 1635 592 et

935 620 1138 661 trajectione
1154 619 1231 649 loco
1247 622 1338 648 mota
1362 618 1452 655 sunt,
1479 624 1518 645 ae
1541 613 1636 644 luxa-

935 675 980 701 ta.
1026 670 1099 701 Nos
1117 679 1169 708 ea,
1187 673 1224 699 ut
1240 668 1319 699 olim
1343 666 1528 707 reliquerat
1556 663 1636 694 Fes-

937 724 1003 759 tus,
1026 718 1115 750 infra
1141 727 1324 759 ponemus:

979 778 1126 803 Qvows.
1157 777 1338 800 Avsmcro.
1378 774 1513 798 CLASSE.
1549 774 1638 796 PRO-

934 829 1077 853 cmcrA.
1089 828 1245 851 οΡΕιΜΛ.
1263 826 1404 850 spotia.
1420 824 1633 848 CAP1VNTVR

938 881 1052 904 lovm.
1083 879 1275 903 FERETRIO.
1320 877 1458 900 ΒονΕΜ.
1492 875 1635 898 cAEm‘ro

937 931 1035 956 va.
1049 928 1277 953 CEP1T.AER15.
1296 926 1476 950 DVCENTA.
1493 924 1637 948 DARiER

937 981 1143 1004 OPORTETO.

994 1031 1169 1055 SECVNDA.
1221 1029 1357 1052 spomA.
1409 1027 1460 1050 IN.
1506 1025 1639 1049 MARTIS

937 1083 1046 1106 ASAM.
1094 1082 1145 1105 lx.
1193 1080 1330 1103 CAMPo.
1384 1076 1640 1102 SOLlTAVRlLIA

940 1135 1048 1157 VTRA.
1067 1132 1258 1157 vowmur.
1275 1130 1427 1155 CAEDrro.

982 1186 1125 1208 TERTIA.
1164 1183 1300 1207 SPOLIA.
1338 1181 1437 1204 ῐΑΝο.
1481 1179 1637 1205 Qvlmno

940 1237 1085 1259 AGNVM.
1121 1235 1266 1258 MAREM.
1300 1232 1453 1256 CAEDlTO.
1491 1230 1642 1253 CENTVM

938 1288 1039 1314 va.
1057 1286 1224 1310 CEPERrr.
1242 1285 1300 1308 Ex.
1318 1284 1409 1306 AERE.
1428 1281 1538 1305 DATO.

979 1330 1105 1362 Janum
1144 1327 1322 1361 Quirinum
1370 1325 1473 1356 etiam
1517 1323 1641 1356 Janum

940 1380 1073 1413 Quirini
1100 1387 1237 1410 vocasse
1260 1378 1418 1416 Veteres,
1433 1374 1642 1416 antiquitatis

942 1431 1102 1461 Romanae.
1119 1428 1339 1460 mediocriter
1360 1426 1459 1457 docto
1475 1434 1540 1456 non
1559 1423 1643 1455 diffi-

945 1481 1008 1512 cile
1021 1481 1085 1511 erit
1102 1478 1319 1520 persuadere.
1364 1476 1406 1507 In
1424 1474 1572 1507 secundo
1589 1483 1644 1504 ca-

944 1532 1015 1572 pite
1051 1532 1132 1562 Utra
1157 1528 1345 1561 solitaurilia
1373 1527 1472 1566 dixit,
1501 1535 1563 1567 pro
1592 1524 1645 1557 vel

942 1582 1086 1623 majora,
1102 1581 1153 1612 vel
1180 1579 1356 1611 lactentia.
1403 1578 1500 1616 Cato,
1519 1576 1644 1607 Livius.

943 1632 1012 1665 Sed
1031 1632 1072 1663 ad
1101 1631 1218 1663 ultima
1241 1629 1358 1670 capita
1387 1628 1485 1668 hujus
1512 1626 1643 1667 hydrae,

945 1693 1020 1724 quae
1037 1683 1183 1714 nondum
1199 1681 1298 1722 plane
1314 1677 1471 1711 confecta
1485 1681 1551 1716 est,
1568 1686 1645 1717 per-

945 1733 1090 1774 gendum
1120 1732 1197 1763 erit.
1242 1731 1334 1770 Lego
1363 1729 1467 1768 igitur
1503 1735 1647 1768 sequen-

947 1783 1015 1815 tia:
1064 1781 1168 1823 Hujus
1211 1780 1289 1811 oed1's
1325 1780 1377 1810 Iex
1414 1778 1500 1809 nulla
1536 1780 1647 1808 extat:

945 1844 1039 1875 neque
1069 1834 1217 1873 templum
1247 1830 1372 1868 lrabeat,
1400 1838 1506 1867 necne,
1537 1827 1648 1858 scitur·

947 1888 1040 1919 Olim
1073 1888 1163 1926 leges
1186 1883 1309 1916 aedium
1335 1884 1368 1913 in
1398 1881 1528 1912 aedibus
1551 1880 1645 1920 ipsis,

944 1938 977 1968 in
992 1937 1123 1978 postico
1146 1944 1262 1967 earum
1293 1932 1515 1974 ponebantur.
1561 1931 1647 1960 Var-

946 2000 1004 2021 ro:
1066 1989 1172 2029 ‘Ejus
1219 1985 1362 2026 vestigia
1408 1985 1509 2015 etiam
1556 1991 1646 2013 nunc

945 2046 1085 2071 manent
1118 2039 1208 2070 tria:
1245 2037 1334 2078 quod
1365 2035 1503 2066 Saturni
1529 2032 1646 2064 fanum

946 2091 980 2122 in
1010 2090 1189 2127 faucibus:
1227 2087 1316 2129 quod
1346 2085 1505 2117 Saturnia
1537 2088 1649 2124 porta,

945 2152 1043 2183 qnam
1059 2141 1179 2173 Junius
1196 2138 1326 2179 scribit,
1353 2146 1452 2177 quam
1476 2145 1565 2166 nunc
1591 2144 1648 2165 vo-

945 2197 1026 2224 cant
1051 2191 1274 2223 Pandanam:
1315 2188 1406 2229 quod
1434 2192 1510 2227 post
1540 2185 1648 2217 aedem

946 2242 1085 2274 Saturni
1114 2242 1147 2272 in
1178 2239 1398 2272 aedificiorum
1429 2236 1563 2278 legibus
1589 2245 1648 2276 pa-

946 2295 1050 2325 rietes
1083 2291 1205 2333 postici
1246 2289 1333 2320 muri
1375 2292 1455 2319 sunt
1502 2283 1648 2326 scripti.¹

948 2344 1177 2376 Continebaut
1200 2345 1310 2372 antem
1329 2339 1422 2378 leges
1448 2337 1570 2368 aedium
1600 2336 1649 2366 in-

948 2401 1000 2426 ter
1017 2395 1094 2430 alia,
1110 2398 1222 2425 utrum
1250 2390 1340 2421 aedes
1364 2389 1421 2420 illa
1447 2392 1538 2419 esset
1564 2392 1649 2418 tem-

949 2447 1054 2486 plum,
1084 2452 1218 2475 necne:
1249 2445 1284 2471 et
1312 2440 1374 2470 hoc
1399 2442 1449 2469 est
1479 2436 1567 2478 quod
1600 2436 1649 2466 ait

949 2499 1084 2529 Festus.
1120 2496 1210 2527 Nam
1226 2502 1294 2524 non
1311 2500 1426 2523 omnes
1444 2489 1534 2520 aedes
1550 2493 1648 2520 erant

948 2547 1096 2587 templa:
1122 2548 1241 2576 auctor
1255 2542 1365 2572 Varro
1379 2540 1421 2570 de
1438 2538 1560 2570 Latino
1577 2548 1648 2568 ser-

947 2607 1047 2629 mone
1065 2596 1124 2627 lib.
1144 2604 1195 2625 vr.
1212 2599 1246 2624 et
1270 2590 1400 2622 Gellius
1420 2589 1505 2620 libro
1525 2597 1599 2619 xrv.
1616 2591 1647 2619 7.

950 2647 1225 2689 Apponebantur
1243 2648 1277 2674 et
1304 2643 1395 2682 leges
1411 2639 1645 2679 dedicationis,
