<?xml version="1.0" encoding="UTF-8"?>
<!DOCTYPE html PUBLIC "-//W3C//DTD XHTML 1.0 Transitional//EN"
    "http://www.w3.org/TR/xhtml1/DTD/xhtml1-transitional.dtd">
<html xmlns="http://www.w3.org/1999/xhtml" xml:lang="en" lang="en">
 <head>
  <title>
</title>
<meta http-equiv="Content-Type" content="text/html;charset=utf-8" />
  <meta name='ocr-system' content='tesseract 3.04.00' />
  <meta name='ocr-capabilities' content='ocr_page ocr_carea ocr_par ocr_line ocrx_word'/>
</head>
<body>
  <div class='ocr_page' id='page_1' title='image "./mverriiflacciqua01verruoft_0650.png"; bbox 0 0 1835 2906; ppageno 0'>
   <div class='ocr_carea' id='block_1_1' title="bbox 180 119 264 162">
    <p class='ocr_par' dir='ltr' id='par_1_1' title="bbox 180 119 264 162">
     <span class='ocr_line' id='line_1_1' title="bbox 180 119 264 162; baseline 0 0"><span class='ocrx_word' id='word_1_1' title='bbox 180 119 264 162; x_wconf 71' lang='lat'>628</span> 
     </span>
    </p>
   </div>
   <div class='ocr_carea' id='block_1_2' title="bbox 620 123 1184 157">
    <p class='ocr_par' dir='ltr' id='par_1_2' title="bbox 620 123 1184 157">
     <span class='ocr_line' id='line_1_2' title="bbox 620 123 1184 157; baseline -0.005 0"><span class='ocrx_word' id='word_1_2' title='bbox 620 126 768 157; x_wconf 81' lang='lat' dir='ltr'>SEXTI</span> <span class='ocrx_word' id='word_1_3' title='bbox 804 125 1007 156; x_wconf 82' lang='lat' dir='ltr'>POMPEII</span> <span class='ocrx_word' id='word_1_4' title='bbox 1045 123 1184 154; x_wconf 82' lang='lat' dir='ltr'>FESTI</span> 
     </span>
    </p>
   </div>
   <div class='ocr_carea' id='block_1_3' title="bbox 182 218 1632 343">
    <p class='ocr_par' dir='ltr' id='par_1_3' title="bbox 182 218 1632 343">
     <span class='ocr_line' id='line_1_3' title="bbox 182 218 1630 276; baseline -0.003 -12"><span class='ocrx_word' id='word_1_5' title='bbox 182 223 444 266; x_wconf 63' lang='lat' dir='ltr'>Pullariumt</span> <span class='ocrx_word' id='word_1_6' title='bbox 466 237 489 263; x_wconf 85' lang='grc' dir='ltr'><em>α</em></span> <span class='ocrx_word' id='word_1_7' title='bbox 507 219 634 276; x_wconf 77' lang='lat' dir='ltr'>pullis</span> <span class='ocrx_word' id='word_1_8' title='bbox 654 218 906 276; x_wconf 78' lang='lat' dir='ltr'>appellatum</span> <span class='ocrx_word' id='word_1_9' title='bbox 927 219 1108 273; x_wconf 82' lang='lat' dir='ltr'>quidam</span> <span class='ocrx_word' id='word_1_10' title='bbox 1128 222 1298 273; x_wconf 79' lang='lat' dir='ltr'>putant,</span> <span class='ocrx_word' id='word_1_11' title='bbox 1321 221 1425 274; x_wconf 83' lang='lat' dir='ltr'>quia</span> <span class='ocrx_word' id='word_1_12' title='bbox 1464 219 1630 274; x_wconf 77' lang='lat' dir='ltr'>[FEs‘r.</span> 
     </span>
     <span class='ocr_line' id='line_1_4' title="bbox 238 286 1632 343; baseline -0.004 -11"><span class='ocrx_word' id='word_1_13' title='bbox 238 307 318 333; x_wconf 77' lang='lat' dir='ltr'>non</span> <span class='ocrx_word' id='word_1_14' title='bbox 354 289 485 341; x_wconf 73' lang='lat' dir='ltr'>aliud,</span> <span class='ocrx_word' id='word_1_15' title='bbox 519 288 588 330; x_wconf 85' lang='lat' dir='ltr'>sed</span> <span class='ocrx_word' id='word_1_16' title='bbox 618 288 691 329; x_wconf 83' lang='lat' dir='ltr'>lzoc</span> <span class='ocrx_word' id='word_1_17' title='bbox 723 289 759 329; x_wconf 81' lang='lat' dir='ltr'>ei</span> <span class='ocrx_word' id='word_1_18' title='bbox 792 286 999 343; x_wconf 77' lang='lat' dir='ltr'><em>peculiare</em></span> <span class='ocrx_word' id='word_1_19' title='bbox 1032 291 1099 328; x_wconf 87' lang='lat' dir='ltr'>est</span> <span class='ocrx_word' id='word_1_20' title='bbox 1130 300 1255 329; x_wconf 84' lang='lat' dir='ltr'>avem</span> <span class='ocrx_word' id='word_1_21' title='bbox 1277 286 1632 341; x_wconf 63' lang='lat' dir='ltr'>auspicando‘ob-</span> 
     </span>
    </p>
   </div>
   <div class='ocr_carea' id='block_1_4' title="bbox 238 373 410 400">
    <p class='ocr_par' dir='ltr' id='par_1_4' title="bbox 238 373 410 400">
     <span class='ocr_line' id='line_1_5' title="bbox 238 373 410 400; baseline -0.006 0"><span class='ocrx_word' id='word_1_22' title='bbox 238 373 410 400; x_wconf 70' lang='lat' dir='ltr'>servare.</span> 
     </span>
    </p>
   </div>
   <div class='ocr_carea' id='block_1_5' title="bbox 186 422 1636 954">
    <p class='ocr_par' dir='ltr' id='par_1_5' title="bbox 186 422 1631 550">
     <span class='ocr_line' id='line_1_6' title="bbox 186 422 1631 482; baseline -0.004 -13"><span class='ocrx_word' id='word_1_23' title='bbox 186 427 390 482; x_wconf 77' lang='lat' dir='ltr'>Praepetes</span> <span class='ocrx_word' id='word_1_24' title='bbox 412 439 519 468; x_wconf 84' lang='lat' dir='ltr'>aves</span> <span class='ocrx_word' id='word_1_25' title='bbox 540 426 741 468; x_wconf 88' lang='lat' dir='ltr'>dicuntur</span> <span class='ocrx_word' id='word_1_26' title='bbox 761 437 861 478; x_wconf 88' lang='lat' dir='ltr'>quae</span> <span class='ocrx_word' id='word_1_27' title='bbox 885 437 929 464; x_wconf 88' lang='lat' dir='ltr'>se</span> <span class='ocrx_word' id='word_1_28' title='bbox 950 426 1041 465; x_wconf 80' lang='lat' dir='ltr'>ante</span> <span class='ocrx_word' id='word_1_29' title='bbox 1057 422 1510 507; x_wconf 79' lang='lat' dir='ltr'>auspicantemferunt:</span> <span class='ocrx_word' id='word_1_30' title='bbox 1531 435 1631 464; x_wconf 81' lang='lat' dir='ltr'>nam</span> 
     </span>
     <span class='ocr_line' id='line_1_7' title="bbox 239 491 1186 550; baseline -0.004 -14"><span class='ocrx_word' id='word_1_31' title='bbox 239 495 408 549; x_wconf 82' lang='lat' dir='ltr'>antiqui</span> <span class='ocrx_word' id='word_1_32' title='bbox 430 499 674 550; x_wconf 76' lang='lat' dir='ltr'>praepetere</span> <span class='ocrx_word' id='word_1_33' title='bbox 695 491 880 533; x_wconf 81' lang='lat' dir='ltr'><em>dicebant</em></span> <span class='ocrx_word' id='word_1_34' title='bbox 898 505 973 545; x_wconf 86' lang='lat' dir='ltr'>pro</span> <span class='ocrx_word' id='word_1_35' title='bbox 994 498 1089 532; x_wconf 81' lang='lat' dir='ltr'>ante</span> <span class='ocrx_word' id='word_1_36' title='bbox 1111 491 1186 532; x_wconf 84' lang='lat' dir='ltr'>ire.</span> 
     </span>
    </p>

    <p class='ocr_par' dir='ltr' id='par_1_6' title="bbox 186 559 1636 954">
     <span class='ocr_line' id='line_1_8' title="bbox 186 559 1633 617; baseline -0.003 -12"><span class='ocrx_word' id='word_1_37' title='bbox 186 563 416 617; x_wconf 86' lang='lat' dir='ltr'>Praepetes</span> <span class='ocrx_word' id='word_1_38' title='bbox 436 576 544 605; x_wconf 83' lang='lat' dir='ltr'>aves</span> <span class='ocrx_word' id='word_1_39' title='bbox 567 561 744 616; x_wconf 84' lang='lat' dir='ltr'>quidam</span> <span class='ocrx_word' id='word_1_40' title='bbox 759 566 789 590; x_wconf 81' lang='lat'>¹³</span> <span class='ocrx_word' id='word_1_41' title='bbox 816 560 906 601; x_wconf 86' lang='lat' dir='ltr'>dici</span> <span class='ocrx_word' id='word_1_42' title='bbox 928 560 1066 611; x_wconf 81' lang='lat' dir='ltr'>aiunt,</span> <span class='ocrx_word' id='word_1_43' title='bbox 1098 560 1203 614; x_wconf 81' lang='lat' dir='ltr'>quia</span> <span class='ocrx_word' id='word_1_44' title='bbox 1224 559 1462 600; x_wconf 82' lang='lat' dir='ltr'>secundum</span> <span class='ocrx_word' id='word_1_45' title='bbox 1483 559 1633 613; x_wconf 85' lang='lat' dir='ltr'>auspi-</span> 
     </span>
     <span class='ocr_line' id='line_1_9' title="bbox 239 627 1634 683; baseline -0.004 -9"><span class='ocrx_word' id='word_1_46' title='bbox 239 634 354 674; x_wconf 87' lang='lat' dir='ltr'><strong>cium</strong></span> <span class='ocrx_word' id='word_1_47' title='bbox 375 631 542 672; x_wconf 82' lang='lat' dir='ltr'>faciant</span> <span class='ocrx_word' id='word_1_48' title='bbox 562 628 937 683; x_wconf 68' lang='lat' dir='ltr'><strong>praetervolantes,</strong></span> <span class='ocrx_word' id='word_1_49' title='bbox 969 628 1044 668; x_wconf 81' lang='lat' dir='ltr'>alii</span> <span class='ocrx_word' id='word_1_50' title='bbox 1071 627 1190 681; x_wconf 82' lang='lat' dir='ltr'>quod</span> <span class='ocrx_word' id='word_1_51' title='bbox 1214 630 1341 668; x_wconf 83' lang='lat' dir='ltr'>antea</span> <span class='ocrx_word' id='word_1_52' title='bbox 1360 638 1490 679; x_wconf 80' lang='lat' dir='ltr'>quam</span> <span class='ocrx_word' id='word_1_53' title='bbox 1513 631 1634 679; x_wconf 83' lang='lat' dir='ltr'>peta-</span> 
     </span>
     <span class='ocr_line' id='line_1_10' title="bbox 236 694 1634 750; baseline -0.003 -10"><span class='ocrx_word' id='word_1_54' title='bbox 236 704 391 749; x_wconf 82' lang='lat' dir='ltr'>mus‚¹4</span> <span class='ocrx_word' id='word_1_55' title='bbox 419 698 614 739; x_wconf 83' lang='lat' dir='ltr'>indicent</span> <span class='ocrx_word' id='word_1_56' title='bbox 650 702 728 738; x_wconf 85' lang='lat' dir='ltr'>aut</span> <span class='ocrx_word' id='word_1_57' title='bbox 762 696 881 750; x_wconf 86' lang='lat' dir='ltr'>quod</span> <span class='ocrx_word' id='word_1_58' title='bbox 917 696 1241 750; x_wconf 70' lang='lat' dir='ltr'>praetervolent,</span> <span class='ocrx_word' id='word_1_59' title='bbox 1277 697 1353 735; x_wconf 82' lang='lat' dir='ltr'>aut</span> <span class='ocrx_word' id='word_1_60' title='bbox 1386 707 1444 735; x_wconf 83' lang='lat' dir='ltr'>ex</span> <span class='ocrx_word' id='word_1_61' title='bbox 1474 694 1634 737; x_wconf 86' lang='lat' dir='ltr'>Graeco</span> 
     </span>
     <span class='ocr_line' id='line_1_11' title="bbox 242 763 1636 819; baseline -0.004 -11"><span class='ocrx_word' id='word_1_62' title='bbox 242 771 429 809; x_wconf 83' lang='lat' dir='ltr'>tractum</span> <span class='ocrx_word' id='word_1_63' title='bbox 460 768 635 819; x_wconf 82' lang='lat' dir='ltr'>putant,</span> <span class='ocrx_word' id='word_1_64' title='bbox 667 764 787 818; x_wconf 90' lang='lat' dir='ltr'>quod</span> <span class='ocrx_word' id='word_1_65' title='bbox 822 769 925 805; x_wconf 81' lang='lat' dir='ltr'>ante</span> <span class='ocrx_word' id='word_1_66' title='bbox 948 769 1231 817; x_wconf 85' lang='lat' dir='ltr'>conspectum</span> <span class='ocrx_word' id='word_1_67' title='bbox 1252 763 1402 803; x_wconf 88' lang='lat' dir='ltr'>volent</span> <span class='ocrx_word' id='word_1_68' title='bbox 1421 768 1636 813; x_wconf 86' lang='lat' dir='ltr'>nostrum,</span> 
     </span>
     <span class='ocr_line' id='line_1_12' title="bbox 238 831 1635 887; baseline -0.003 -12"><span class='ocrx_word' id='word_1_69' title='bbox 238 835 386 887; x_wconf 88' lang='lat' dir='ltr'>inepte</span> <span class='ocrx_word' id='word_1_70' title='bbox 410 834 580 874; x_wconf 84' lang='lat' dir='ltr'>scilicet</span> <span class='ocrx_word' id='word_1_71' title='bbox 601 845 657 873; x_wconf 85' lang='lat' dir='ltr'>ex</span> <span class='ocrx_word' id='word_1_72' title='bbox 684 831 1007 886; x_wconf 77' lang='lat' dir='ltr'>praepositione</span> <span class='ocrx_word' id='word_1_73' title='bbox 1041 831 1200 872; x_wconf 84' lang='lat' dir='ltr'>Latina</span> <span class='ocrx_word' id='word_1_74' title='bbox 1233 835 1562 884; x_wconf 85' lang='lat' dir='ltr'>componentes,</span> <span class='ocrx_word' id='word_1_75' title='bbox 1594 835 1635 871; x_wconf 89' lang='lat' dir='ltr'>et</span> 
     </span>
     <span class='ocr_line' id='line_1_13' title="bbox 239 899 1634 954; baseline -0.004 -10"><span class='ocrx_word' id='word_1_76' title='bbox 239 903 404 944; x_wconf 85' lang='lat' dir='ltr'>Graeco</span> <span class='ocrx_word' id='word_1_77' title='bbox 424 901 644 944; x_wconf 84' lang='lat' dir='ltr'>vocabulo</span> <span class='ocrx_word' id='word_1_78' title='bbox 663 913 673 940; x_wconf 78' lang='lat' dir='ltr'><strong><em>z</em></strong></span> <span class='ocrx_word' id='word_1_79' title='bbox 707 907 898 942; x_wconf 90' lang='lat' dir='ltr'>ceterum</span> <span class='ocrx_word' id='word_1_80' title='bbox 931 899 1077 953; x_wconf 80' lang='lat' dir='ltr'>po&#39;etae</span> <span class='ocrx_word' id='word_1_81' title='bbox 1098 900 1345 954; x_wconf 85' lang='lat' dir='ltr'>promiscue</span> <span class='ocrx_word' id='word_1_82' title='bbox 1365 911 1513 940; x_wconf 88' lang='lat' dir='ltr'>omnes</span> <span class='ocrx_word' id='word_1_83' title='bbox 1532 911 1634 940; x_wconf 82' lang='lat' dir='ltr'>aves</span> 
     </span>
    </p>
   </div>
   <div class='ocr_carea' id='block_1_6' title="bbox 237 969 567 1024">
    <p class='ocr_par' dir='ltr' id='par_1_7' title="bbox 237 969 567 1024">
     <span class='ocr_line' id='line_1_14' title="bbox 237 969 567 1024; baseline -0.006 -13"><span class='ocrx_word' id='word_1_84' title='bbox 237 970 302 1011; x_wconf 84' lang='lat' dir='ltr'>ita</span> <span class='ocrx_word' id='word_1_85' title='bbox 325 969 567 1024; x_wconf 81' lang='lat' dir='ltr'>appellant.</span> 
     </span>
    </p>
   </div>
   <div class='ocr_carea' id='block_1_7' title="bbox 778 1067 917 1079">
    <p class='ocr_par' dir='ltr' id='par_1_8' title="bbox 778 1067 917 1079">
     <span class='ocr_line' id='line_1_15' title="bbox 778 1067 917 1079; baseline -0.007 0"><span class='ocrx_word' id='word_1_86' title='bbox 778 1067 917 1079; x_wconf 56' lang='lat' dir='ltr'>uena»</span> 
     </span>
    </p>
   </div>
   <div class='ocr_carea' id='block_1_8' title="bbox 919 1066 1017 1078">
    <p class='ocr_par' dir='ltr' id='par_1_9' title="bbox 919 1066 1017 1078">
     <span class='ocr_line' id='line_1_16' title="bbox 919 1066 1017 1078; baseline 0 0"><span class='ocrx_word' id='word_1_87' title='bbox 919 1066 1017 1078; x_wconf 61' lang='grc' dir='ltr'>ΝΟΜ</span> 
     </span>
    </p>
   </div>
   <div class='ocr_carea' id='block_1_9' title="bbox 225 1141 1635 1185">
    <p class='ocr_par' dir='ltr' id='par_1_10' title="bbox 225 1141 1635 1185">
     <span class='ocr_line' id='line_1_17' title="bbox 225 1141 1635 1185; baseline -0.004 -9"><span class='ocrx_word' id='word_1_88' title='bbox 225 1148 264 1176; x_wconf 80' lang='grc'><strong>13</strong></span> <span class='ocrx_word' id='word_1_89' title='bbox 290 1144 352 1177; x_wconf 86' lang='lat' dir='ltr'>Ed.</span> <span class='ocrx_word' id='word_1_90' title='bbox 367 1144 457 1175; x_wconf 86' lang='lat' dir='ltr'>Scal.</span> <span class='ocrx_word' id='word_1_91' title='bbox 472 1145 722 1184; x_wconf 64' lang='lat' dir='ltr'>quandam—14</span> <span class='ocrx_word' id='word_1_92' title='bbox 746 1141 808 1177; x_wconf 79' lang='lat' dir='ltr'>vir</span> <span class='ocrx_word' id='word_1_93' title='bbox 825 1145 915 1177; x_wconf 87' lang='lat' dir='ltr'>doct.</span> <span class='ocrx_word' id='word_1_94' title='bbox 933 1145 966 1176; x_wconf 91' lang='lat' dir='ltr'>in</span> <span class='ocrx_word' id='word_1_95' title='bbox 984 1153 1091 1185; x_wconf 81' lang='lat' dir='ltr'>marg.</span> <span class='ocrx_word' id='word_1_96' title='bbox 1109 1141 1263 1184; x_wconf 87' lang='lat' dir='ltr'>ejusdem</span> <span class='ocrx_word' id='word_1_97' title='bbox 1280 1141 1335 1173; x_wconf 89' lang='lat' dir='ltr'>ed.</span> <span class='ocrx_word' id='word_1_98' title='bbox 1352 1141 1441 1182; x_wconf 87' lang='lat' dir='ltr'>conj.</span> <span class='ocrx_word' id='word_1_99' title='bbox 1464 1151 1532 1182; x_wconf 82' lang='lat' dir='ltr'>quoe</span> <span class='ocrx_word' id='word_1_100' title='bbox 1553 1148 1635 1183; x_wconf 81' lang='lat' dir='ltr'>proe-</span> 
     </span>
    </p>
   </div>
   <div class='ocr_carea' id='block_1_10' title="bbox 182 1187 643 1230">
    <p class='ocr_par' dir='ltr' id='par_1_11' title="bbox 182 1187 643 1230">
     <span class='ocr_line' id='line_1_18' title="bbox 182 1187 643 1230; baseline -0.002 -10"><span class='ocrx_word' id='word_1_101' title='bbox 182 1193 329 1230; x_wconf 75' lang='lat' dir='ltr'>petamus</span> <span class='ocrx_word' id='word_1_102' title='bbox 346 1187 399 1218; x_wconf 84' lang='lat' dir='ltr'>vel</span> <span class='ocrx_word' id='word_1_103' title='bbox 415 1197 480 1227; x_wconf 63' lang='grc' dir='ltr'>ςυστ</span> <span class='ocrx_word' id='word_1_104' title='bbox 492 1191 643 1228; x_wconf 76' lang='lat' dir='ltr'>petamus.</span> 
     </span>
    </p>
   </div>
   <div class='ocr_carea' id='block_1_11' title="bbox 839 1294 983 1326">
    <p class='ocr_par' dir='ltr' id='par_1_12' title="bbox 839 1294 983 1326">
     <span class='ocr_line' id='line_1_19' title="bbox 839 1294 983 1326; baseline -0.007 0"><span class='ocrx_word' id='word_1_105' title='bbox 839 1294 983 1326; x_wconf 86' lang='lat' dir='ltr'><strong>NOTAE</strong></span> 
     </span>
    </p>
   </div>
   <div class='ocr_carea' id='block_1_12' title="bbox 172 1369 887 2727">
    <p class='ocr_par' dir='ltr' id='par_1_13' title="bbox 172 1369 884 1512">
     <span class='ocr_line' id='line_1_20' title="bbox 180 1369 884 1411; baseline 0 -11"><span class='ocrx_word' id='word_1_106' title='bbox 180 1379 252 1401; x_wconf 71' lang='lat' dir='ltr'>aces</span> <span class='ocrx_word' id='word_1_107' title='bbox 270 1369 427 1406; x_wconf 75' lang='lat' dir='ltr'>dicuntur,</span> <span class='ocrx_word' id='word_1_108' title='bbox 454 1380 522 1411; x_wconf 77' lang='lat' dir='ltr'>quae</span> <span class='ocrx_word' id='word_1_109' title='bbox 544 1380 575 1402; x_wconf 88' lang='lat' dir='ltr'>se</span> <span class='ocrx_word' id='word_1_110' title='bbox 587 1375 658 1402; x_wconf 83' lang='lat' dir='ltr'>ante</span> <span class='ocrx_word' id='word_1_111' title='bbox 673 1369 884 1410; x_wconf 80' lang='lat' dir='ltr'>auspicantem</span> 
     </span>
     <span class='ocr_line' id='line_1_21' title="bbox 172 1420 884 1463; baseline 0 -12"><span class='ocrx_word' id='word_1_112' title='bbox 172 1422 284 1458; x_wconf 80' lang='lat' dir='ltr'>serunt</span> <span class='ocrx_word' id='word_1_113' title='bbox 298 1432 307 1451; x_wconf 91' lang='lat'><em>:</em></span> <span class='ocrx_word' id='word_1_114' title='bbox 331 1431 401 1451; x_wconf 82' lang='lat' dir='ltr'>nam</span> <span class='ocrx_word' id='word_1_115' title='bbox 421 1422 543 1461; x_wconf 80' lang='lat' dir='ltr'>antiqui</span> <span class='ocrx_word' id='word_1_116' title='bbox 557 1425 724 1463; x_wconf 65' lang='lat' dir='ltr'>praepetere</span> <span class='ocrx_word' id='word_1_117' title='bbox 740 1420 884 1452; x_wconf 80' lang='lat' dir='ltr'>dicebant</span> 
     </span>
     <span class='ocr_line' id='line_1_22' title="bbox 177 1471 583 1512; baseline 0.005 -11"><span class='ocrx_word' id='word_1_118' title='bbox 177 1482 236 1512; x_wconf 79' lang='lat' dir='ltr'>pro</span> <span class='ocrx_word' id='word_1_119' title='bbox 255 1471 383 1503; x_wconf 77' lang='lat' dir='ltr'>anteire.</span> <span class='ocrx_word' id='word_1_120' title='bbox 405 1471 479 1503; x_wconf 88' lang='lat' dir='ltr'>Jos.</span> <span class='ocrx_word' id='word_1_121' title='bbox 496 1472 583 1503; x_wconf 87' lang='lat' dir='ltr'>Scal.</span> 
     </span>
    </p>

    <p class='ocr_par' dir='ltr' id='par_1_14' title="bbox 180 1521 887 2727">
     <span class='ocr_line' id='line_1_23' title="bbox 227 1521 883 1563; baseline -0.002 -10"><span class='ocrx_word' id='word_1_122' title='bbox 227 1523 403 1563; x_wconf 79' lang='lat' dir='ltr'>Proepetes]</span> <span class='ocrx_word' id='word_1_123' title='bbox 428 1522 565 1553; x_wconf 86' lang='lat' dir='ltr'>Servius</span> <span class='ocrx_word' id='word_1_124' title='bbox 600 1522 633 1553; x_wconf 87' lang='lat' dir='ltr'>in</span> <span class='ocrx_word' id='word_1_125' title='bbox 656 1522 714 1554; x_wconf 85' lang='lat' dir='ltr'>lib.</span> <span class='ocrx_word' id='word_1_126' title='bbox 739 1531 798 1553; x_wconf 84' lang='lat'>111.</span> <span class='ocrx_word' id='word_1_127' title='bbox 830 1521 883 1552; x_wconf 78' lang='grc' dir='ltr'>ΙΕ-</span> 
     </span>
     <span class='ocr_line' id='line_1_24' title="bbox 181 1572 884 1614; baseline -0.001 -11"><span class='ocrx_word' id='word_1_128' title='bbox 181 1572 272 1604; x_wconf 86' lang='lat' dir='ltr'>neid.</span> <span class='ocrx_word' id='word_1_129' title='bbox 297 1574 306 1590; x_wconf 89' lang='lat'>‘</span> <span class='ocrx_word' id='word_1_130' title='bbox 322 1573 500 1613; x_wconf 87' lang='lat' dir='ltr'>Praepetes</span> <span class='ocrx_word' id='word_1_131' title='bbox 519 1578 612 1611; x_wconf 88' lang='lat' dir='ltr'>sunt,</span> <span class='ocrx_word' id='word_1_132' title='bbox 636 1583 711 1614; x_wconf 81' lang='lat' dir='ltr'>quae</span> <span class='ocrx_word' id='word_1_133' title='bbox 735 1572 884 1604; x_wconf 82' lang='lat' dir='ltr'>secundo</span> 
     </span>
     <span class='ocr_line' id='line_1_25' title="bbox 183 1622 885 1664; baseline -0.003 -10"><span class='ocrx_word' id='word_1_134' title='bbox 183 1623 331 1664; x_wconf 82' lang='lat' dir='ltr'>auspicio</span> <span class='ocrx_word' id='word_1_135' title='bbox 348 1628 428 1654; x_wconf 85' lang='lat' dir='ltr'>ante</span> <span class='ocrx_word' id='word_1_136' title='bbox 445 1633 520 1654; x_wconf 88' lang='lat' dir='ltr'>eum</span> <span class='ocrx_word' id='word_1_137' title='bbox 538 1624 666 1664; x_wconf 86' lang='lat' dir='ltr'>volant,</span> <span class='ocrx_word' id='word_1_138' title='bbox 690 1622 747 1664; x_wconf 89' lang='lat' dir='ltr'>qui</span> <span class='ocrx_word' id='word_1_139' title='bbox 772 1622 885 1663; x_wconf 84' lang='lat' dir='ltr'>auspi-</span> 
     </span>
     <span class='ocr_line' id='line_1_26' title="bbox 182 1675 886 1706; baseline -0.003 0"><span class='ocrx_word' id='word_1_140' title='bbox 182 1680 302 1706; x_wconf 85' lang='lat' dir='ltr'>catur:</span> <span class='ocrx_word' id='word_1_141' title='bbox 327 1685 406 1706; x_wconf 82' lang='lat' dir='ltr'>aves</span> <span class='ocrx_word' id='word_1_142' title='bbox 430 1680 542 1706; x_wconf 83' lang='lat' dir='ltr'>autem</span> <span class='ocrx_word' id='word_1_143' title='bbox 569 1679 628 1705; x_wconf 86' lang='lat' dir='ltr'>aut</span> <span class='ocrx_word' id='word_1_144' title='bbox 652 1675 781 1706; x_wconf 80' lang='lat' dir='ltr'>oscines</span> <span class='ocrx_word' id='word_1_145' title='bbox 807 1678 886 1705; x_wconf 85' lang='lat' dir='ltr'>suut</span> 
     </span>
     <span class='ocr_line' id='line_1_27' title="bbox 182 1723 885 1766; baseline -0.003 -10"><span class='ocrx_word' id='word_1_146' title='bbox 182 1730 241 1756; x_wconf 84' lang='lat' dir='ltr'>aut</span> <span class='ocrx_word' id='word_1_147' title='bbox 258 1729 443 1766; x_wconf 84' lang='lat' dir='ltr'>praepetes:</span> <span class='ocrx_word' id='word_1_148' title='bbox 469 1725 614 1764; x_wconf 81' lang='lat' dir='ltr'>oscines,</span> <span class='ocrx_word' id='word_1_149' title='bbox 630 1734 705 1766; x_wconf 88' lang='lat' dir='ltr'>quae</span> <span class='ocrx_word' id='word_1_150' title='bbox 723 1733 780 1756; x_wconf 85' lang='lat' dir='ltr'>ore</span> <span class='ocrx_word' id='word_1_151' title='bbox 796 1723 885 1754; x_wconf 80' lang='lat' dir='ltr'>futu-</span> 
     </span>
     <span class='ocr_line' id='line_1_28' title="bbox 182 1774 885 1815; baseline -0.003 -9"><span class='ocrx_word' id='word_1_152' title='bbox 182 1785 219 1806; x_wconf 89' lang='lat' dir='ltr'>ra</span> <span class='ocrx_word' id='word_1_153' title='bbox 237 1775 449 1815; x_wconf 79' lang='lat' dir='ltr'>praedicunt:</span> <span class='ocrx_word' id='word_1_154' title='bbox 473 1780 657 1815; x_wconf 75' lang='lat' dir='ltr'>praepetes,</span> <span class='ocrx_word' id='word_1_155' title='bbox 673 1784 749 1815; x_wconf 89' lang='lat' dir='ltr'>quae</span> <span class='ocrx_word' id='word_1_156' title='bbox 772 1774 885 1805; x_wconf 85' lang='lat' dir='ltr'>volatu</span> 
     </span>
     <span class='ocr_line' id='line_1_29' title="bbox 183 1824 886 1866; baseline 0.001 -11"><span class='ocrx_word' id='word_1_157' title='bbox 183 1826 359 1866; x_wconf 86' lang='lat' dir='ltr'>angurium</span> <span class='ocrx_word' id='word_1_158' title='bbox 377 1824 581 1865; x_wconf 75' lang='lat' dir='ltr'>significant,</span> <span class='ocrx_word' id='word_1_159' title='bbox 597 1835 673 1856; x_wconf 88' lang='lat' dir='ltr'>curn</span> <span class='ocrx_word' id='word_1_160' title='bbox 687 1830 765 1856; x_wconf 89' lang='lat' dir='ltr'>sunt</span> <span class='ocrx_word' id='word_1_161' title='bbox 792 1834 886 1865; x_wconf 87' lang='lat' dir='ltr'>pros—</span> 
     </span>
     <span class='ocr_line' id='line_1_30' title="bbox 182 1875 885 1916; baseline 0 -11"><span class='ocrx_word' id='word_1_162' title='bbox 182 1884 287 1915; x_wconf 84' lang='lat' dir='ltr'>perae.</span> <span class='ocrx_word' id='word_1_163' title='bbox 334 1875 401 1906; x_wconf 83' lang='lat' dir='ltr'>Sed</span> <span class='ocrx_word' id='word_1_164' title='bbox 426 1880 598 1916; x_wconf 72' lang='lat' dir='ltr'>proepetes</span> <span class='ocrx_word' id='word_1_165' title='bbox 624 1880 682 1906; x_wconf 91' lang='lat' dir='ltr'>aut</span> <span class='ocrx_word' id='word_1_166' title='bbox 709 1875 885 1915; x_wconf 79' lang='lat' dir='ltr'>superiora</span> 
     </span>
     <span class='ocr_line' id='line_1_31' title="bbox 182 1925 885 1965; baseline 0 -10"><span class='ocrx_word' id='word_1_167' title='bbox 182 1929 312 1960; x_wconf 72' lang='lat' dir='ltr'>tenent,</span> <span class='ocrx_word' id='word_1_168' title='bbox 326 1930 359 1956; x_wconf 91' lang='lat' dir='ltr'>et</span> <span class='ocrx_word' id='word_1_169' title='bbox 377 1930 549 1965; x_wconf 77' lang='lat' dir='ltr'>praepetes</span> <span class='ocrx_word' id='word_1_170' title='bbox 564 1933 747 1964; x_wconf 73' lang='lat' dir='ltr'>vocantur;</span> <span class='ocrx_word' id='word_1_171' title='bbox 764 1931 821 1956; x_wconf 85' lang='lat' dir='ltr'>aut</span> <span class='ocrx_word' id='word_1_172' title='bbox 837 1925 885 1956; x_wconf 87' lang='lat' dir='ltr'>in·</span> 
     </span>
     <span class='ocr_line' id='line_1_32' title="bbox 182 1975 887 2017; baseline 0.001 -11"><span class='ocrx_word' id='word_1_173' title='bbox 182 1975 316 2011; x_wconf 85' lang='lat' dir='ltr'>seriora,</span> <span class='ocrx_word' id='word_1_174' title='bbox 328 1982 363 2007; x_wconf 86' lang='lat' dir='ltr'>et</span> <span class='ocrx_word' id='word_1_175' title='bbox 376 1976 536 2008; x_wconf 87' lang='lat' dir='ltr'>dicuntur</span> <span class='ocrx_word' id='word_1_176' title='bbox 553 1975 692 2008; x_wconf 77' lang='lat' dir='ltr'>inferne:</span> <span class='ocrx_word' id='word_1_177' title='bbox 713 1983 887 2017; x_wconf 81' lang='lat' dir='ltr'>praepetes</span> 
     </span>
     <span class='ocr_line' id='line_1_33' title="bbox 182 2026 886 2067; baseline 0 -11"><span class='ocrx_word' id='word_1_178' title='bbox 182 2032 294 2057; x_wconf 86' lang='lat' dir='ltr'>autem</span> <span class='ocrx_word' id='word_1_179' title='bbox 326 2026 416 2064; x_wconf 83' lang='lat' dir='ltr'>ideo,</span> <span class='ocrx_word' id='word_1_180' title='bbox 440 2027 519 2067; x_wconf 85' lang='lat' dir='ltr'>quia</span> <span class='ocrx_word' id='word_1_181' title='bbox 539 2036 656 2057; x_wconf 87' lang='lat' dir='ltr'>omnes</span> <span class='ocrx_word' id='word_1_182' title='bbox 674 2036 753 2058; x_wconf 89' lang='lat' dir='ltr'>aves</span> <span class='ocrx_word' id='word_1_183' title='bbox 772 2027 886 2067; x_wconf 85' lang='lat' dir='ltr'>priora</span> 
     </span>
     <span class='ocr_line' id='line_1_34' title="bbox 183 2077 886 2117; baseline 0.003 -12"><span class='ocrx_word' id='word_1_184' title='bbox 183 2081 306 2117; x_wconf 86' lang='lat' dir='ltr'>petunt</span> <span class='ocrx_word' id='word_1_185' title='bbox 325 2077 498 2108; x_wconf 85' lang='lat' dir='ltr'>volantes.&#39;</span> <span class='ocrx_word' id='word_1_186' title='bbox 546 2077 626 2112; x_wconf 91' lang='lat' dir='ltr'>Ubi,</span> <span class='ocrx_word' id='word_1_187' title='bbox 653 2083 690 2108; x_wconf 93' lang='lat' dir='ltr'>ut</span> <span class='ocrx_word' id='word_1_188' title='bbox 708 2077 814 2117; x_wconf 86' lang='lat' dir='ltr'>vides,</span> <span class='ocrx_word' id='word_1_189' title='bbox 831 2078 886 2107; x_wconf 88' lang='lat' dir='ltr'>ille</span> 
     </span>
     <span class='ocr_line' id='line_1_35' title="bbox 180 2129 884 2170; baseline 0 -12"><span class='ocrx_word' id='word_1_190' title='bbox 180 2131 332 2168; x_wconf 75' lang='lat' dir='ltr'>proepetes</span> <span class='ocrx_word' id='word_1_191' title='bbox 348 2138 367 2158; x_wconf 80' lang='lat' dir='ltr'>a</span> <span class='ocrx_word' id='word_1_192' title='bbox 387 2138 453 2168; x_wconf 82' lang='lat' dir='ltr'>proe</span> <span class='ocrx_word' id='word_1_193' title='bbox 467 2133 502 2160; x_wconf 85' lang='lat' dir='ltr'>et</span> <span class='ocrx_word' id='word_1_194' title='bbox 516 2133 631 2169; x_wconf 74' lang='lat' dir='ltr'>petere,</span> <span class='ocrx_word' id='word_1_195' title='bbox 650 2129 737 2170; x_wconf 83' lang='lat' dir='ltr'>quod</span> <span class='ocrx_word' id='word_1_196' title='bbox 755 2134 789 2161; x_wconf 89' lang='lat' dir='ltr'>et</span> <span class='ocrx_word' id='word_1_197' title='bbox 804 2129 884 2159; x_wconf 81' lang='lat' dir='ltr'>Fes-</span> 
     </span>
     <span class='ocr_line' id='line_1_36' title="bbox 183 2179 884 2220; baseline 0.003 -12"><span class='ocrx_word' id='word_1_198' title='bbox 183 2184 236 2208; x_wconf 80' lang='lat' dir='ltr'>tus</span> <span class='ocrx_word' id='word_1_199' title='bbox 255 2179 372 2209; x_wconf 78' lang='lat' dir='ltr'>sensit.</span> <span class='ocrx_word' id='word_1_200' title='bbox 415 2179 483 2210; x_wconf 91' lang='lat' dir='ltr'>Sed</span> <span class='ocrx_word' id='word_1_201' title='bbox 500 2189 540 2210; x_wconf 85' lang='lat' dir='ltr'>en</span> <span class='ocrx_word' id='word_1_202' title='bbox 557 2180 619 2210; x_wconf 88' lang='lat' dir='ltr'>tibi</span> <span class='ocrx_word' id='word_1_203' title='bbox 640 2180 788 2220; x_wconf 83' lang='lat' dir='ltr'>ejusdem</span> <span class='ocrx_word' id='word_1_204' title='bbox 810 2180 884 2210; x_wconf 87' lang='lat' dir='ltr'>Ser-</span> 
     </span>
     <span class='ocr_line' id='line_1_37' title="bbox 182 2229 884 2265; baseline 0.003 -7"><span class='ocrx_word' id='word_1_205' title='bbox 182 2229 226 2258; x_wconf 88' lang='lat' dir='ltr'>vii</span> <span class='ocrx_word' id='word_1_206' title='bbox 255 2230 362 2260; x_wconf 89' lang='lat' dir='ltr'>locum</span> <span class='ocrx_word' id='word_1_207' title='bbox 390 2229 547 2265; x_wconf 81' lang='lat' dir='ltr'>alterum,</span> <span class='ocrx_word' id='word_1_208' title='bbox 574 2240 640 2261; x_wconf 90' lang='lat' dir='ltr'>non</span> <span class='ocrx_word' id='word_1_209' title='bbox 667 2231 775 2261; x_wconf 88' lang='lat' dir='ltr'>minus</span> <span class='ocrx_word' id='word_1_210' title='bbox 793 2230 884 2260; x_wconf 80' lang='lat' dir='ltr'>illus-</span> 
     </span>
     <span class='ocr_line' id='line_1_38' title="bbox 182 2279 882 2320; baseline 0.003 -12"><span class='ocrx_word' id='word_1_211' title='bbox 182 2284 281 2313; x_wconf 77' lang='lat' dir='ltr'>trem,</span> <span class='ocrx_word' id='word_1_212' title='bbox 307 2279 347 2309; x_wconf 87' lang='lat' dir='ltr'>ad</span> <span class='ocrx_word' id='word_1_213' title='bbox 366 2279 447 2309; x_wconf 89' lang='lat' dir='ltr'>illud</span> <span class='ocrx_word' id='word_1_214' title='bbox 471 2289 518 2310; x_wconf 82' lang='lat' dir='ltr'>vr.</span> <span class='ocrx_word' id='word_1_215' title='bbox 544 2280 617 2311; x_wconf 81' lang='lat' dir='ltr'>AEn.</span> <span class='ocrx_word' id='word_1_216' title='bbox 640 2282 648 2296; x_wconf 91' lang='lat'>‘</span> <span class='ocrx_word' id='word_1_217' title='bbox 668 2280 882 2320; x_wconf 63' lang='lat' dir='ltr'>Praepetibus</span> 
     </span>
     <span class='ocr_line' id='line_1_39' title="bbox 183 2329 884 2372; baseline 0.004 -14"><span class='ocrx_word' id='word_1_218' title='bbox 183 2329 323 2369; x_wconf 64' lang='lat' dir='ltr'>pennis!</span> <span class='ocrx_word' id='word_1_219' title='bbox 367 2330 566 2371; x_wconf 81' lang='lat' dir='ltr'>‘Praepetes</span> <span class='ocrx_word' id='word_1_220' title='bbox 598 2331 736 2370; x_wconf 88' lang='lat' dir='ltr'>autem,‘</span> <span class='ocrx_word' id='word_1_221' title='bbox 764 2332 884 2372; x_wconf 89' lang='lat' dir='ltr'>iuquit,</span> 
     </span>
     <span class='ocr_line' id='line_1_40' title="bbox 183 2380 883 2422; baseline 0 -12"><span class='ocrx_word' id='word_1_222' title='bbox 183 2380 318 2416; x_wconf 48' lang='lat' dir='ltr'>‘dictam</span> <span class='ocrx_word' id='word_1_223' title='bbox 346 2381 399 2411; x_wconf 85' lang='lat' dir='ltr'>vel</span> <span class='ocrx_word' id='word_1_224' title='bbox 426 2381 514 2422; x_wconf 83' lang='lat' dir='ltr'>quod</span> <span class='ocrx_word' id='word_1_225' title='bbox 540 2382 654 2422; x_wconf 86' lang='lat' dir='ltr'>priora</span> <span class='ocrx_word' id='word_1_226' title='bbox 682 2386 812 2422; x_wconf 86' lang='lat' dir='ltr'>petant,</span> <span class='ocrx_word' id='word_1_227' title='bbox 831 2381 883 2412; x_wconf 90' lang='lat' dir='ltr'>vel</span> 
     </span>
     <span class='ocr_line' id='line_1_41' title="bbox 183 2431 884 2473; baseline 0.001 -13"><span class='ocrx_word' id='word_1_228' title='bbox 183 2431 302 2461; x_wconf 86' lang='lat' dir='ltr'>summi</span> <span class='ocrx_word' id='word_1_229' title='bbox 334 2432 474 2470; x_wconf 80' lang='lat' dir='ltr'>volatus,</span> <span class='ocrx_word' id='word_1_230' title='bbox 509 2433 559 2463; x_wconf 77' lang='lat' dir='ltr'>vel</span> <span class='ocrx_word' id='word_1_231' title='bbox 588 2441 662 2473; x_wconf 77' lang='lat' dir='ltr'>quae</span> <span class='ocrx_word' id='word_1_232' title='bbox 695 2441 765 2472; x_wconf 88' lang='lat' dir='ltr'>prae</span> <span class='ocrx_word' id='word_1_233' title='bbox 796 2432 884 2471; x_wconf 82' lang='lat' dir='ltr'>petit</span> 
     </span>
     <span class='ocr_line' id='line_1_42' title="bbox 185 2482 884 2524; baseline 0.003 -13"><span class='ocrx_word' id='word_1_234' title='bbox 185 2482 345 2521; x_wconf 85' lang='lat' dir='ltr'>volatum,</span> <span class='ocrx_word' id='word_1_235' title='bbox 376 2484 427 2514; x_wconf 91' lang='lat' dir='ltr'>vel</span> <span class='ocrx_word' id='word_1_236' title='bbox 455 2493 531 2524; x_wconf 88' lang='lat' dir='ltr'>quae</span> <span class='ocrx_word' id='word_1_237' title='bbox 561 2483 745 2514; x_wconf 85' lang='lat' dir='ltr'>secundum</span> <span class='ocrx_word' id='word_1_238' title='bbox 774 2483 884 2523; x_wconf 86' lang='lat' dir='ltr'>auspi-</span> 
     </span>
     <span class='ocr_line' id='line_1_43' title="bbox 185 2531 885 2575; baseline 0.004 -14"><span class='ocrx_word' id='word_1_239' title='bbox 185 2532 274 2562; x_wconf 84' lang='lat' dir='ltr'>cium</span> <span class='ocrx_word' id='word_1_240' title='bbox 287 2531 380 2563; x_wconf 85' lang='lat' dir='ltr'>facit.</span> <span class='ocrx_word' id='word_1_241' title='bbox 413 2535 457 2564; x_wconf 82' lang='lat' dir='ltr'>Et</span> <span class='ocrx_word' id='word_1_242' title='bbox 472 2534 607 2575; x_wconf 87' lang='lat' dir='ltr'>quidam</span> <span class='ocrx_word' id='word_1_243' title='bbox 627 2538 799 2574; x_wconf 85' lang='lat' dir='ltr'>praepetes</span> <span class='ocrx_word' id='word_1_244' title='bbox 817 2538 885 2564; x_wconf 88' lang='lat' dir='ltr'>tra-</span> 
     </span>
     <span class='ocr_line' id='line_1_44' title="bbox 185 2582 886 2625; baseline 0.004 -13"><span class='ocrx_word' id='word_1_245' title='bbox 185 2582 282 2617; x_wconf 83' lang='lat' dir='ltr'>dunt,</span> <span class='ocrx_word' id='word_1_246' title='bbox 299 2591 363 2612; x_wconf 88' lang='lat' dir='ltr'>non</span> <span class='ocrx_word' id='word_1_247' title='bbox 381 2588 510 2615; x_wconf 81' lang='lat' dir='ltr'>tamum</span> <span class='ocrx_word' id='word_1_248' title='bbox 527 2594 605 2615; x_wconf 88' lang='lat' dir='ltr'>aves</span> <span class='ocrx_word' id='word_1_249' title='bbox 619 2584 886 2625; x_wconf 79' lang='lat' dir='ltr'>dici‚quaepros·</span> 
     </span>
     <span class='ocr_line' id='line_1_45' title="bbox 186 2632 886 2673; baseline 0.004 -11"><span class='ocrx_word' id='word_1_250' title='bbox 186 2632 298 2672; x_wconf 73' lang='lat' dir='ltr'>pen-ius</span> <span class='ocrx_word' id='word_1_251' title='bbox 331 2634 532 2673; x_wconf 77' lang='lat' dir='ltr'>praevolant,</span> <span class='ocrx_word' id='word_1_252' title='bbox 563 2635 622 2665; x_wconf 85' lang='lat' dir='ltr'>sed</span> <span class='ocrx_word' id='word_1_253' title='bbox 653 2635 756 2666; x_wconf 88' lang='lat' dir='ltr'>etiam</span> <span class='ocrx_word' id='word_1_254' title='bbox 795 2635 886 2665; x_wconf 90' lang='lat' dir='ltr'>locos</span> 
     </span>
     <span class='ocr_line' id='line_1_46' title="bbox 186 2684 887 2727; baseline 0.004 -15"><span class='ocrx_word' id='word_1_255' title='bbox 186 2692 270 2723; x_wconf 84' lang='lat' dir='ltr'>quos</span> <span class='ocrx_word' id='word_1_256' title='bbox 285 2684 434 2724; x_wconf 82' lang='lat' dir='ltr'>capiunt,</span> <span class='ocrx_word' id='word_1_257' title='bbox 452 2684 539 2725; x_wconf 81' lang='lat' dir='ltr'>quod</span> <span class='ocrx_word' id='word_1_258' title='bbox 566 2685 677 2717; x_wconf 85' lang='lat' dir='ltr'>idonei</span> <span class='ocrx_word' id='word_1_259' title='bbox 700 2685 887 2727; x_wconf 81' lang='lat' dir='ltr'>felicesque</span> 
     </span>
    </p>
   </div>
   <div class='ocr_carea' id='block_1_13' title="bbox 935 1367 1640 2716">
    <p class='ocr_par' dir='ltr' id='par_1_15' title="bbox 935 1367 1640 2259">
     <span class='ocr_line' id='line_1_47' title="bbox 939 1367 1636 1408; baseline -0.006 -7"><span class='ocrx_word' id='word_1_260' title='bbox 939 1374 1029 1401; x_wconf 81' lang='lat' dir='ltr'>sunt.</span> <span class='ocrx_word' id='word_1_261' title='bbox 1060 1369 1159 1401; x_wconf 86' lang='lat' dir='ltr'>Unde</span> <span class='ocrx_word' id='word_1_262' title='bbox 1169 1368 1256 1400; x_wconf 89' lang='lat' dir='ltr'>bene</span> <span class='ocrx_word' id='word_1_263' title='bbox 1268 1367 1402 1399; x_wconf 84' lang='lat' dir='ltr'>Daedali</span> <span class='ocrx_word' id='word_1_264' title='bbox 1413 1376 1541 1408; x_wconf 87' lang='lat' dir='ltr'>pennas</span> <span class='ocrx_word' id='word_1_265' title='bbox 1550 1375 1636 1408; x_wconf 90' lang='lat' dir='ltr'>prae·</span> 
     </span>
     <span class='ocr_line' id='line_1_48' title="bbox 938 1417 1636 1461; baseline -0.004 -10"><span class='ocrx_word' id='word_1_266' title='bbox 938 1424 1050 1461; x_wconf 79' lang='lat' dir='ltr'>petes,</span> <span class='ocrx_word' id='word_1_267' title='bbox 1061 1419 1141 1461; x_wconf 85' lang='lat' dir='ltr'>quia</span> <span class='ocrx_word' id='word_1_268' title='bbox 1152 1419 1194 1450; x_wconf 86' lang='lat' dir='ltr'>de</span> <span class='ocrx_word' id='word_1_269' title='bbox 1209 1418 1306 1453; x_wconf 83' lang='lat' dir='ltr'>locis,</span> <span class='ocrx_word' id='word_1_270' title='bbox 1320 1419 1351 1449; x_wconf 91' lang='lat' dir='ltr'>iu</span> <span class='ocrx_word' id='word_1_271' title='bbox 1368 1417 1489 1459; x_wconf 83' lang='lat' dir='ltr'>quibus</span> <span class='ocrx_word' id='word_1_272' title='bbox 1504 1418 1636 1458; x_wconf 84' lang='lat' dir='ltr'>pericu-</span> 
     </span>
     <span class='ocr_line' id='line_1_49' title="bbox 938 1469 1637 1509; baseline -0.006 -7"><span class='ocrx_word' id='word_1_273' title='bbox 938 1472 1004 1502; x_wconf 91' lang='lat' dir='ltr'>lum</span> <span class='ocrx_word' id='word_1_274' title='bbox 1019 1470 1209 1509; x_wconf 79' lang='lat' dir='ltr'>metuebat,</span> <span class='ocrx_word' id='word_1_275' title='bbox 1226 1470 1259 1500; x_wconf 90' lang='lat' dir='ltr'>in</span> <span class='ocrx_word' id='word_1_276' title='bbox 1275 1470 1349 1501; x_wconf 87' lang='lat' dir='ltr'>loca</span> <span class='ocrx_word' id='word_1_277' title='bbox 1364 1469 1492 1500; x_wconf 83' lang='lat' dir='ltr'>tutiora</span> <span class='ocrx_word' id='word_1_278' title='bbox 1517 1477 1637 1509; x_wconf 84' lang='lat' dir='ltr'>perve-</span> 
     </span>
     <span class='ocr_line' id='line_1_50' title="bbox 938 1518 1638 1554; baseline -0.004 0"><span class='ocrx_word' id='word_1_279' title='bbox 938 1522 1011 1554; x_wconf 65' lang='lat' dir='ltr'>nit!</span> <span class='ocrx_word' id='word_1_280' title='bbox 1057 1522 1167 1554; x_wconf 85' lang='lat' dir='ltr'>Quem</span> <span class='ocrx_word' id='word_1_281' title='bbox 1201 1520 1308 1551; x_wconf 86' lang='lat' dir='ltr'>Servii</span> <span class='ocrx_word' id='word_1_282' title='bbox 1341 1520 1450 1550; x_wconf 92' lang='lat' dir='ltr'>locum</span> <span class='ocrx_word' id='word_1_283' title='bbox 1490 1518 1638 1551; x_wconf 82' lang='lat' dir='ltr'>illustrat</span> 
     </span>
     <span class='ocr_line' id='line_1_51' title="bbox 939 1571 1637 1614; baseline -0.004 -8"><span class='ocrx_word' id='word_1_284' title='bbox 939 1575 1069 1606; x_wconf 78' lang='lat' dir='ltr'>Gellius</span> <span class='ocrx_word' id='word_1_285' title='bbox 1086 1574 1145 1605; x_wconf 88' lang='lat' dir='ltr'>lib.</span> <span class='ocrx_word' id='word_1_286' title='bbox 1162 1582 1212 1605; x_wconf 86' lang='lat' dir='ltr'>vr.</span> <span class='ocrx_word' id='word_1_287' title='bbox 1229 1575 1348 1614; x_wconf 84' lang='lat' dir='ltr'>cap.6.</span> <span class='ocrx_word' id='word_1_288' title='bbox 1378 1571 1445 1603; x_wconf 86' lang='lat' dir='ltr'>Ubi</span> <span class='ocrx_word' id='word_1_289' title='bbox 1459 1571 1561 1603; x_wconf 81' lang='lat' dir='ltr'>etiam</span> <span class='ocrx_word' id='word_1_290' title='bbox 1577 1571 1637 1603; x_wconf 90' lang='lat' dir='ltr'>do·</span> 
     </span>
     <span class='ocr_line' id='line_1_52' title="bbox 940 1621 1638 1665; baseline -0.007 -9"><span class='ocrx_word' id='word_1_291' title='bbox 940 1630 995 1657; x_wconf 86' lang='lat' dir='ltr'>cet</span> <span class='ocrx_word' id='word_1_292' title='bbox 1013 1628 1185 1665; x_wconf 71' lang='lat' dir='ltr'>praepetes</span> <span class='ocrx_word' id='word_1_293' title='bbox 1199 1632 1278 1654; x_wconf 87' lang='lat' dir='ltr'>aves</span> <span class='ocrx_word' id='word_1_294' title='bbox 1295 1623 1335 1654; x_wconf 93' lang='lat' dir='ltr'>L.</span> <span class='ocrx_word' id='word_1_295' title='bbox 1353 1622 1453 1653; x_wconf 87' lang='lat' dir='ltr'>Claro</span> <span class='ocrx_word' id='word_1_296' title='bbox 1470 1621 1578 1652; x_wconf 81' lang='lat' dir='ltr'>dictas</span> <span class='ocrx_word' id='word_1_297' title='bbox 1591 1621 1638 1652; x_wconf 88' lang='lat' dir='ltr'>vi—</span> 
     </span>
     <span class='ocr_line' id='line_1_53' title="bbox 940 1671 1640 1715; baseline -0.006 -9"><span class='ocrx_word' id='word_1_298' title='bbox 940 1674 1025 1709; x_wconf 87' lang='lat' dir='ltr'>deri,</span> <span class='ocrx_word' id='word_1_299' title='bbox 1040 1684 1119 1715; x_wconf 86' lang='lat' dir='ltr'>quas</span> <span class='ocrx_word' id='word_1_300' title='bbox 1136 1674 1305 1705; x_wconf 76' lang='lat' dir='ltr'>Homerus</span> <span class='ocrx_word' id='word_1_301' title='bbox 1326 1671 1557 1713; x_wconf 75' lang='grc' dir='ltr'>τανυπ-τέρυγας</span> <span class='ocrx_word' id='word_1_302' title='bbox 1579 1681 1640 1712; x_wconf 85' lang='lat' dir='ltr'>ap·</span> 
     </span>
     <span class='ocr_line' id='line_1_54' title="bbox 941 1723 1637 1767; baseline -0.006 -11"><span class='ocrx_word' id='word_1_303' title='bbox 941 1726 1045 1767; x_wconf 84' lang='lat' dir='ltr'>pellat</span> <span class='ocrx_word' id='word_1_304' title='bbox 1062 1723 1147 1755; x_wconf 88' lang='lat' dir='ltr'>Iliad</span> <span class='ocrx_word' id='word_1_305' title='bbox 1169 1727 1203 1754; x_wconf 88' lang='lat' dir='ltr'>T.</span> <span class='ocrx_word' id='word_1_306' title='bbox 1229 1723 1318 1763; x_wconf 91' lang='lat' dir='ltr'>quod</span> <span class='ocrx_word' id='word_1_307' title='bbox 1346 1723 1512 1763; x_wconf 86' lang='lat' dir='ltr'>porrectis</span> <span class='ocrx_word' id='word_1_308' title='bbox 1528 1728 1562 1753; x_wconf 87' lang='lat' dir='ltr'>et</span> <span class='ocrx_word' id='word_1_309' title='bbox 1580 1732 1637 1763; x_wconf 87' lang='lat' dir='ltr'>pa-</span> 
     </span>
     <span class='ocr_line' id='line_1_55' title="bbox 942 1772 1640 1816; baseline -0.004 -10"><span class='ocrx_word' id='word_1_310' title='bbox 942 1776 1021 1807; x_wconf 85' lang='lat' dir='ltr'>tulis</span> <span class='ocrx_word' id='word_1_311' title='bbox 1038 1775 1098 1806; x_wconf 84' lang='lat' dir='ltr'>alis</span> <span class='ocrx_word' id='word_1_312' title='bbox 1111 1774 1404 1816; x_wconf 85' lang='lat' dir='ltr'>praetervolarent.</span> <span class='ocrx_word' id='word_1_313' title='bbox 1430 1772 1515 1804; x_wconf 83' lang='lat' dir='ltr'>Inde</span> <span class='ocrx_word' id='word_1_314' title='bbox 1529 1772 1640 1804; x_wconf 78' lang='lat' dir='ltr'>Gloss-</span> 
     </span>
     <span class='ocr_line' id='line_1_56' title="bbox 944 1823 1637 1867; baseline -0.006 -9"><span class='ocrx_word' id='word_1_315' title='bbox 944 1831 1148 1867; x_wconf 76' lang='lat' dir='ltr'>‘praepetes,</span> <span class='ocrx_word' id='word_1_316' title='bbox 1165 1823 1417 1866; x_wconf 73' lang='grc' dir='ltr'>τανυπτέρυγες.’</span> <span class='ocrx_word' id='word_1_317' title='bbox 1441 1825 1450 1840; x_wconf 87' lang='lat'>‘</span> <span class='ocrx_word' id='word_1_318' title='bbox 1464 1824 1524 1854; x_wconf 84' lang='lat' dir='ltr'>alis</span> <span class='ocrx_word' id='word_1_319' title='bbox 1541 1829 1637 1864; x_wconf 83' lang='lat' dir='ltr'>patu-</span> 
     </span>
     <span class='ocr_line' id='line_1_57' title="bbox 940 1874 1639 1916; baseline -0.006 -8"><span class='ocrx_word' id='word_1_320' title='bbox 940 1876 1006 1908; x_wconf 79' lang='lat' dir='ltr'>lae.&#39;</span> <span class='ocrx_word' id='word_1_321' title='bbox 1055 1877 1214 1907; x_wconf 84' lang='lat' dir='ltr'>Ceterum</span> <span class='ocrx_word' id='word_1_322' title='bbox 1233 1876 1379 1916; x_wconf 83' lang='lat' dir='ltr'>Etymon</span> <span class='ocrx_word' id='word_1_323' title='bbox 1397 1874 1489 1905; x_wconf 86' lang='lat' dir='ltr'>Festi</span> <span class='ocrx_word' id='word_1_324' title='bbox 1509 1879 1546 1905; x_wconf 86' lang='lat' dir='ltr'>et</span> <span class='ocrx_word' id='word_1_325' title='bbox 1561 1874 1639 1905; x_wconf 89' lang='lat' dir='ltr'>Ser-</span> 
     </span>
     <span class='ocr_line' id='line_1_58' title="bbox 941 1926 1639 1969; baseline -0.003 -10"><span class='ocrx_word' id='word_1_326' title='bbox 941 1928 986 1959; x_wconf 89' lang='lat' dir='ltr'>vii</span> <span class='ocrx_word' id='word_1_327' title='bbox 1001 1937 1020 1958; x_wconf 91' lang='lat' dir='ltr'>a</span> <span class='ocrx_word' id='word_1_328' title='bbox 1033 1938 1099 1969; x_wconf 82' lang='lat' dir='ltr'>proe</span> <span class='ocrx_word' id='word_1_329' title='bbox 1116 1933 1149 1958; x_wconf 92' lang='lat' dir='ltr'>et</span> <span class='ocrx_word' id='word_1_330' title='bbox 1162 1930 1232 1967; x_wconf 77' lang='lat' dir='ltr'>peto</span> <span class='ocrx_word' id='word_1_331' title='bbox 1244 1927 1322 1957; x_wconf 77' lang='lat' dir='ltr'>milri</span> <span class='ocrx_word' id='word_1_332' title='bbox 1340 1926 1466 1957; x_wconf 89' lang='lat' dir='ltr'>ceteris</span> <span class='ocrx_word' id='word_1_333' title='bbox 1485 1930 1639 1966; x_wconf 86' lang='lat' dir='ltr'>praestat.</span> 
     </span>
     <span class='ocr_line' id='line_1_59' title="bbox 939 1975 1637 2019; baseline -0.004 -10"><span class='ocrx_word' id='word_1_334' title='bbox 939 1978 1060 2019; x_wconf 80' lang='lat' dir='ltr'>Neque</span> <span class='ocrx_word' id='word_1_335' title='bbox 1077 1977 1184 2007; x_wconf 88' lang='lat' dir='ltr'>minus</span> <span class='ocrx_word' id='word_1_336' title='bbox 1210 1976 1258 2007; x_wconf 88' lang='lat' dir='ltr'>sic</span> <span class='ocrx_word' id='word_1_337' title='bbox 1287 1976 1366 2006; x_wconf 90' lang='lat' dir='ltr'>locis</span> <span class='ocrx_word' id='word_1_338' title='bbox 1395 1985 1493 2016; x_wconf 88' lang='lat' dir='ltr'>quam</span> <span class='ocrx_word' id='word_1_339' title='bbox 1519 1975 1637 2006; x_wconf 84' lang='lat' dir='ltr'>avibus</span> 
     </span>
     <span class='ocr_line' id='line_1_60' title="bbox 938 2025 1638 2068; baseline -0.001 -11"><span class='ocrx_word' id='word_1_340' title='bbox 938 2029 1044 2068; x_wconf 85' lang='lat' dir='ltr'>possit</span> <span class='ocrx_word' id='word_1_341' title='bbox 1080 2025 1336 2058; x_wconf 79' lang='lat' dir='ltr'>accommodari.</span> <span class='ocrx_word' id='word_1_342' title='bbox 1389 2025 1436 2056; x_wconf 87' lang='lat' dir='ltr'>At</span> <span class='ocrx_word' id='word_1_343' title='bbox 1464 2025 1638 2056; x_wconf 80' lang='lat' dir='ltr'>Turnebus</span> 
     </span>
     <span class='ocr_line' id='line_1_61' title="bbox 939 2076 1638 2118; baseline -0.006 -9"><span class='ocrx_word' id='word_1_344' title='bbox 939 2079 985 2109; x_wconf 84' lang='lat' dir='ltr'>ait</span> <span class='ocrx_word' id='word_1_345' title='bbox 1014 2089 1033 2109; x_wconf 91' lang='lat' dir='ltr'>a</span> <span class='ocrx_word' id='word_1_346' title='bbox 1055 2077 1217 2118; x_wconf 82' lang='grc' dir='ltr'><strong><em>πρόπετες,</em></strong></span> <span class='ocrx_word' id='word_1_347' title='bbox 1241 2077 1330 2118; x_wconf 89' lang='lat' dir='ltr'>quod</span> <span class='ocrx_word' id='word_1_348' title='bbox 1348 2081 1412 2116; x_wconf 88' lang='lat' dir='ltr'>est,</span> <span class='ocrx_word' id='word_1_349' title='bbox 1429 2086 1568 2117; x_wconf 89' lang='lat' dir='ltr'>pronum</span> <span class='ocrx_word' id='word_1_350' title='bbox 1594 2076 1638 2106; x_wconf 83' lang='lat' dir='ltr'>ad</span> 
     </span>
     <span class='ocr_line' id='line_1_62' title="bbox 937 2125 1638 2167; baseline -0.004 -8"><span class='ocrx_word' id='word_1_351' title='bbox 937 2129 1139 2160; x_wconf 87' lang='lat' dir='ltr'>labendum:</span> <span class='ocrx_word' id='word_1_352' title='bbox 1166 2133 1201 2159; x_wconf 89' lang='lat' dir='ltr'>et</span> <span class='ocrx_word' id='word_1_353' title='bbox 1231 2130 1403 2167; x_wconf 70' lang='lat' dir='ltr'>proepetere</span> <span class='ocrx_word' id='word_1_354' title='bbox 1427 2136 1443 2156; x_wconf 86' lang='lat' dir='ltr'>a</span> <span class='ocrx_word' id='word_1_355' title='bbox 1467 2125 1638 2166; x_wconf 85' lang='grc' dir='ltr'>προπέτεσ-</span> 
     </span>
     <span class='ocr_line' id='line_1_63' title="bbox 936 2177 1637 2217; baseline -0.004 -7"><span class='ocrx_word' id='word_1_356' title='bbox 936 2182 995 2210; x_wconf 88' lang='grc' dir='ltr'><em>θαι.</em></span> <span class='ocrx_word' id='word_1_357' title='bbox 1043 2178 1142 2210; x_wconf 83' lang='lat' dir='ltr'>Quod</span> <span class='ocrx_word' id='word_1_358' title='bbox 1161 2181 1280 2208; x_wconf 84' lang='lat' dir='ltr'>censet</span> <span class='ocrx_word' id='word_1_359' title='bbox 1308 2177 1408 2207; x_wconf 80' lang='lat' dir='ltr'>etiam</span> <span class='ocrx_word' id='word_1_360' title='bbox 1429 2177 1580 2217; x_wconf 83' lang='lat' dir='ltr'>Scaliger·</span> <span class='ocrx_word' id='word_1_361' title='bbox 1604 2177 1637 2207; x_wconf 90' lang='lat' dir='ltr'>in</span> 
     </span>
     <span class='ocr_line' id='line_1_64' title="bbox 935 2227 1188 2259; baseline -0.008 0"><span class='ocrx_word' id='word_1_362' title='bbox 935 2227 1081 2259; x_wconf 83' lang='lat' dir='ltr'>AEtnanr.</span> <span class='ocrx_word' id='word_1_363' title='bbox 1107 2227 1188 2258; x_wconf 78' lang='lat' dir='ltr'>Dae.</span> 
     </span>
    </p>

    <p class='ocr_par' dir='ltr' id='par_1_16' title="bbox 940 2276 1639 2716">
     <span class='ocr_line' id='line_1_65' title="bbox 981 2276 1637 2317; baseline 0 -8"><span class='ocrx_word' id='word_1_364' title='bbox 981 2280 989 2299; x_wconf 79' lang='grc' dir='ltr'><strong>ῑ</strong></span> <span class='ocrx_word' id='word_1_365' title='bbox 1014 2277 1208 2317; x_wconf 76' lang='grc' dir='ltr'>ΡιιΙΙιιι·ι”ιιηι]</span> <span class='ocrx_word' id='word_1_366' title='bbox 1248 2278 1302 2308; x_wconf 87' lang='lat' dir='ltr'>De</span> <span class='ocrx_word' id='word_1_367' title='bbox 1333 2276 1485 2308; x_wconf 83' lang='lat' dir='ltr'>Pullario</span> <span class='ocrx_word' id='word_1_368' title='bbox 1516 2277 1637 2309; x_wconf 88' lang='lat' dir='ltr'>Cicero</span> 
     </span>
     <span class='ocr_line' id='line_1_66' title="bbox 942 2327 1639 2368; baseline -0.001 -9"><span class='ocrx_word' id='word_1_369' title='bbox 942 2339 981 2360; x_wconf 85' lang='grc' dir='ltr'>ιι.</span> <span class='ocrx_word' id='word_1_370' title='bbox 1009 2329 1161 2359; x_wconf 84' lang='lat' dir='ltr'>Divinat.</span> <span class='ocrx_word' id='word_1_371' title='bbox 1184 2330 1193 2345; x_wconf 92' lang='lat'>‘</span> <span class='ocrx_word' id='word_1_372' title='bbox 1211 2327 1340 2359; x_wconf 84' lang='lat' dir='ltr'>Attulit</span> <span class='ocrx_word' id='word_1_373' title='bbox 1355 2328 1387 2357; x_wconf 88' lang='lat' dir='ltr'>in</span> <span class='ocrx_word' id='word_1_374' title='bbox 1405 2336 1512 2358; x_wconf 85' lang='lat' dir='ltr'>cavea</span> <span class='ocrx_word' id='word_1_375' title='bbox 1529 2328 1639 2368; x_wconf 86' lang='lat' dir='ltr'>pullos</span> 
     </span>
     <span class='ocr_line' id='line_1_67' title="bbox 941 2378 1639 2422; baseline -0.004 -10"><span class='ocrx_word' id='word_1_376' title='bbox 941 2382 965 2412; x_wconf 77' lang='lat' dir='ltr'>is</span> <span class='ocrx_word' id='word_1_377' title='bbox 978 2382 1033 2422; x_wconf 86' lang='lat' dir='ltr'>qui</span> <span class='ocrx_word' id='word_1_378' title='bbox 1051 2391 1092 2411; x_wconf 74' lang='lat' dir='ltr'>ex</span> <span class='ocrx_word' id='word_1_379' title='bbox 1110 2390 1150 2411; x_wconf 90' lang='lat' dir='ltr'>eo</span> <span class='ocrx_word' id='word_1_380' title='bbox 1168 2381 1358 2410; x_wconf 85' lang='lat' dir='ltr'>nominatur</span> <span class='ocrx_word' id='word_1_381' title='bbox 1375 2378 1565 2410; x_wconf 86' lang='lat' dir='ltr'>Pullarius.’</span> <span class='ocrx_word' id='word_1_382' title='bbox 1595 2379 1639 2409; x_wconf 81' lang='lat' dir='ltr'>Et</span> 
     </span>
     <span class='ocr_line' id='line_1_68' title="bbox 941 2427 1639 2462; baseline -0.006 0"><span class='ocrx_word' id='word_1_383' title='bbox 941 2432 981 2462; x_wconf 73' lang='lat' dir='ltr'>ml</span> <span class='ocrx_word' id='word_1_384' title='bbox 1001 2432 1184 2462; x_wconf 85' lang='lat' dir='ltr'>Plancum:</span> <span class='ocrx_word' id='word_1_385' title='bbox 1207 2432 1215 2447; x_wconf 90' lang='lat'>‘</span> <span class='ocrx_word' id='word_1_386' title='bbox 1231 2430 1397 2461; x_wconf 82' lang='lat' dir='ltr'>Recitatis</span> <span class='ocrx_word' id='word_1_387' title='bbox 1415 2428 1523 2459; x_wconf 89' lang='lat' dir='ltr'>literis</span> <span class='ocrx_word' id='word_1_388' title='bbox 1545 2427 1639 2459; x_wconf 84' lang='lat' dir='ltr'>obla-</span> 
     </span>
     <span class='ocr_line' id='line_1_69' title="bbox 941 2478 1637 2522; baseline -0.007 -9"><span class='ocrx_word' id='word_1_389' title='bbox 941 2489 974 2513; x_wconf 88' lang='lat' dir='ltr'>ta</span> <span class='ocrx_word' id='word_1_390' title='bbox 999 2482 1116 2522; x_wconf 85' lang='lat' dir='ltr'>religio</span> <span class='ocrx_word' id='word_1_391' title='bbox 1146 2482 1298 2513; x_wconf 83' lang='lat' dir='ltr'>Cornuto</span> <span class='ocrx_word' id='word_1_392' title='bbox 1327 2485 1391 2514; x_wconf 83' lang='lat' dir='ltr'>est,</span> <span class='ocrx_word' id='word_1_393' title='bbox 1419 2478 1637 2519; x_wconf 82' lang='lat' dir='ltr'>pullariorum</span> 
     </span>
     <span class='ocr_line' id='line_1_70' title="bbox 940 2530 1637 2570; baseline -0.007 -7"><span class='ocrx_word' id='word_1_394' title='bbox 940 2532 1126 2570; x_wconf 84' lang='lat' dir='ltr'>admonitu,</span> <span class='ocrx_word' id='word_1_395' title='bbox 1154 2541 1218 2562; x_wconf 92' lang='lat' dir='ltr'>non</span> <span class='ocrx_word' id='word_1_396' title='bbox 1248 2530 1331 2562; x_wconf 80' lang='lat' dir='ltr'>satis</span> <span class='ocrx_word' id='word_1_397' title='bbox 1355 2530 1538 2569; x_wconf 81' lang='lat' dir='ltr'>diligenter</span> <span class='ocrx_word' id='word_1_398' title='bbox 1561 2538 1637 2559; x_wconf 73' lang='lat' dir='ltr'>euni</span> 
     </span>
     <span class='ocr_line' id='line_1_71' title="bbox 941 2580 1637 2623; baseline -0.006 -10"><span class='ocrx_word' id='word_1_399' title='bbox 941 2583 1098 2623; x_wconf 70' lang='lat' dir='ltr'>auspiciis</span> <span class='ocrx_word' id='word_1_400' title='bbox 1114 2592 1250 2622; x_wconf 86' lang='lat' dir='ltr'>operam</span> <span class='ocrx_word' id='word_1_401' title='bbox 1268 2580 1422 2613; x_wconf 63' lang='lat' dir='ltr'>dedisse!</span> <span class='ocrx_word' id='word_1_402' title='bbox 1468 2580 1637 2610; x_wconf 85' lang='lat' dir='ltr'>Pullarius</span> 
     </span>
     <span class='ocr_line' id='line_1_72' title="bbox 941 2629 1635 2672; baseline -0.003 -9"><span class='ocrx_word' id='word_1_403' title='bbox 941 2633 973 2663; x_wconf 91' lang='lat' dir='ltr'>in</span> <span class='ocrx_word' id='word_1_404' title='bbox 992 2629 1504 2672; x_wconf 63' lang='grc' dir='ltr'><strong>61055.θκροηίωι·πωλοκόμος,</strong></span> <span class='ocrx_word' id='word_1_405' title='bbox 1527 2632 1635 2672; x_wconf 84' lang='lat' dir='ltr'>pullos</span> 
     </span>
     <span class='ocr_line' id='line_1_73' title="bbox 944 2684 1197 2716; baseline -0.004 0"><span class='ocrx_word' id='word_1_406' title='bbox 944 2694 1075 2716; x_wconf 78' lang='lat' dir='ltr'>curans.</span> <span class='ocrx_word' id='word_1_407' title='bbox 1099 2684 1197 2715; x_wconf 79' lang='lat' dir='ltr'>Iu‘cm.</span> 
     </span>
    </p>
   </div>
  </div>
 </body>
</html>
