1835 2906
367 141 428 169 DE
463 137 731 168 VERBORUM
768 133 1180 166 SIGNIFICATIONE
1215 132 1310 162 Llss.
1344 131 1440 162 XII.
1538 121 1623 162 473

235 236 425 277 nondum
457 235 719 284 frendentes,
760 232 804 273 id
839 236 920 280 est,
950 230 1211 281 frangentes.
1272 228 1446 268 Livius:
1479 225 1623 275 Quem

236 317 316 357 ego
336 301 578 343 nefrendem
601 302 706 350 alui,
728 300 912 340 lacteam
938 297 1195 348 immulgens
1219 309 1360 348 opem.
1420 294 1531 335 Sunt
1548 294 1622 345 qui

236 369 468 410 nefrendes
500 369 728 410 testiculos
760 368 847 408 dici
879 368 1047 419 putent,
1071 376 1184 416 quos
1221 363 1436 403 Lanuvini
1473 361 1625 415 appel-

234 439 325 478 lant
346 436 675 485 nebrundines‚9
697 435 844 476 Graeci
863 432 1020 488 νεφροὺς,
1038 430 1303 472 Praenestini
1324 430 1540 470 nefrones.

183 503 406 558 Neffrendes
437 503 564 544 dictos
592 503 735 543 asserit
770 500 948 544 Quintus
991 497 1165 539 Mucius
1208 497 1416 538 Scaevola
1461 496 1624 549 [FEST.

236 572 394 617 arietes,
417 570 524 626 quod
540 569 930 624 dentibusfrendere
949 582 1027 608 non
1049 567 1226 622 possint.
1288 563 1449 604 Ateius
1472 562 1625 616 Capito

236 638 413 694 infantes
429 653 505 679 esse
522 636 982 692 vondumflendentes,
999 636 1044 676 id
1067 639 1149 684 est,
1156 632 1417 688 frangentes
1483 628 1627 670 Livius

236 709 278 748 in
313 706 491 761 Odyssea
522 706 675 748 veteri:
706 719 834 759 quem
869 718 949 757 ego
979 701 1214 759 nefrendem
1244 699 1332 740 alui
1362 697 1533 739 lacteam
1555 697 1627 737 im-

237 774 419 830 mulgens
441 788 569 828 opem
591 778 635 815 et

1252 849 1331 890 pro
1353 834 1628 876 nefrendibus

236 914 396 957 autem,
428 915 474 949 ut
507 908 666 963 antiqui
694 906 901 957 dicebant,
924 906 1051 946 rienes
1072 919 1174 945 nunc
1197 904 1296 944 dicit
1318 916 1424 944 usus
1445 914 1595 942 recens
1617 915 1626 942 :

236 984 328 1017 sunt
359 977 430 1032 qui
463 974 673 1032 nefrendes
710 975 792 1015 dici
822 981 973 1030 putant
1014 972 1228 1022 testiculos,
1263 984 1374 1025 quos
1414 968 1628 1010 Lanuvini

238 1043 448 1099 appellant
464 1043 746 1092 nebrundines,
768 1042 918 1084 Graeci
940 1041 1102 1096 νεφροὺς,
1124 1037 1370 1079 Praenestini
1391 1035 1589 1090 nffrones.

181 1110 517 1164 Negibundumi
549 1111 709 1167 antiqui
739 1124 814 1165 pro
849 1115 1065 1165 negantem
1092 1107 1296 1148 dixerunt.
1359 1104 1465 1146 Cato
1495 1103 1627 1151 inea,

239 1193 370 1232 quam
393 1180 575 1232 scripsit.

182 1315 492 1368 Negibundum
512 1327 592 1367 pro
614 1318 792 1366 negante
815 1313 1033 1353 dixerunt.

1147 1241 1435 1294 negibundus.

1449 1306 1576 1360 [PAU
1589 1316 1629 1344 n

183 1381 517 1437 Neglegens‚¹0k
549 1395 637 1423 non
667 1383 831 1434 legens,
860 1392 1005 1434 neque
1039 1378 1273 1419 electum¹¹
1307 1376 1490 1423 habens,
1524 1373 1628 1427 quid

238 1451 397 1492 debeat
421 1451 577 1491 facere.

783 1545 899 1557 ‘‘‘‘‘

903 1544 1022 1556 νννννν

223 1642 243 1669 9
258 1637 310 1668 At.
324 1638 620 1675 nefrundines—10
632 1636 711 1667 Ver.
728 1635 785 1666 lib.
806 1635 872 1665 Nec
888 1635 1085 1674 legens.—ll
1104 1632 1164 1663 Vir
1181 1631 1274 1662 doct.
1291 1630 1322 1660 in
1341 1639 1446 1669 marg.
1463 1627 1517 1659 ed.
1541 1628 1630 1659 Scal.

182 1682 320 1722 conjicit
337 1681 494 1711 dilectum.

834 1756 976 1795 N‘OTAE

182 1847 189 1859 ‘
210 1840 366 1880 Amisso‚’
390 1840 510 1881 inquit,
537 1846 545 1858 ¹
562 1840 695 1871 nomine
712 1839 881 1876 lactentis,

183 1893 342 1923 dicuntur
366 1891 547 1922 nefrendes
569 1891 609 1921 ab
626 1901 677 1930 eo,
692 1892 779 1931 quod
798 1900 878 1920 non-

182 1943 260 1973 dum
278 1941 391 1972 fabam
408 1940 567 1972 frendere
585 1947 739 1982 possunt,
756 1941 787 1972 id
816 1947 878 1979 est,

181 1991 362 2033 frangere!
408 1993 495 2023 Vide
519 1993 527 2008 ‘
544 1991 724 2022 frendere-⁷
771 1991 816 2022 At
829 2002 878 2022 ne-

182 2043 360 2083 brundines,
377 2044 448 2073 sive
465 2041 677 2080 nefrundines,
702 2048 736 2073 et
757 2042 878 2079 nefren-

181 2094 247 2131 des,
264 2091 408 2133 antiquis
426 2092 520 2131 dicti,
542 2092 600 2133 qui
626 2098 744 2132 postea
769 2092 881 2132 rienes,

183 2153 202 2173 a
232 2143 354 2174 Graeco
382 2142 497 2182 νεφροὶ,
528 2142 560 2173 id
592 2147 656 2178 est,
686 2144 795 2174 rienes.
835 2144 880 2174 Et

184 2193 261 2223 inde
287 2199 403 2232 postea
430 2193 590 2231 nefrendes
620 2199 655 2224 et
682 2194 881 2231 nefrundines

185 2244 226 2274 ad
244 2245 417 2275 testiculos
436 2245 647 2284 translatum,
672 2245 760 2285 quod
784 2245 880 2275 testi-

184 2295 251 2325 culi
268 2295 399 2324 rotundi
416 2300 504 2329 sunt,
522 2300 557 2325 ut
574 2295 697 2326 rienes·
734 2296 877 2335 Fulgen-

186 2345 251 2375 tius
281 2344 440 2382 nefrendes
476 2354 596 2384 porcos
636 2345 704 2375 dici
743 2346 876 2385 putavit

185 2404 304 2435 porcos
326 2399 503 2428 (Ἅιδῃ-3105,
520 2393 613 2434 quasi
629 2394 702 2424 sine
727 2395 878 2432 renibus,

185 2444 244 2475 sed
262 2443 399 2473 frustra.
434 2443 573 2475 Terent.
590 2443 736 2474 Scaurus
753 2444 795 2474 de
812 2444 876 2475 Or-

185 2494 405 2533 tliograpliia:
425 2493 433 2509 ‘
447 2493 499 2523 Ne
513 2502 573 2532 pro
590 2493 667 2523 Non
682 2493 879 2534 antiquipo-

186 2555 294 2580 suere,
317 2550 352 2574 ut
369 2543 549 2574 nefrendes
566 2553 696 2584 μοι-σος,
720 2544 775 2585 qui
801 2549 879 2576 sunt

185 2597 256 2626 sine
273 2594 443 2629 dentibus,
461 2593 494 2623 id
512 2599 576 2632 est,
591 2594 647 2634 qui
663 2592 772 2624 fabam
789 2593 879 2624 fren-

187 2645 268 2675 dere
286 2654 349 2673 nou
369 2642 532 2683 possunt.’
559 2643 640 2674 Duc.

231 2694 416 2734 Nejrendes]
434 2694 549 2725 Verba
565 2694 651 2725 Livii
666 2699 745 2726 sunt
762 2704 803 2726 ex
823 2704 879 2726 ve-

935 1838 998 1868 teri
1023 1837 1190 1877 Odyssea.
1238 1836 1337 1870 Quem
1366 1844 1422 1873 ego
1452 1833 1630 1871 nefrendem

934 1890 998 1919 alui
1014 1889 1141 1919 lacteam
1158 1886 1340 1924 immulgens
1353 1894 1450 1924 opem.
1495 1884 1547 1913 Ex
1561 1883 1630 1921 illo,

934 1941 1036 1970 Παῖδα
1056 1939 1116 1978 ’γὰρ
1131 1937 1237 1978 ἀνδρὸς
1262 1937 1332 1973 ἑῆος
1348 1935 1392 1966 ἐνὶ
1406 1933 1549 1973 μεγάροις
1564 1935 1631 1964 ἀτι-

932 1989 1054 2020 τάλλω.
1068 1986 1248 2019 Ὀδυσσείας
1278 1991 1314 2016 O.
1351 1984 1537 2016 ἆτιτάλλειν
1567 1986 1632 2014 cii·-

933 2041 1161 2081 cumloquitur
1184 2039 1276 2069 alere
1304 2036 1500 2067 nefrendem
1526 2036 1631 2066 lacte-

933 2100 985 2121 am
1016 2089 1269 2128 immulgentem
1300 2096 1423 2126 opem:
1457 2091 1495 2115 ut
1525 2085 1631 2124 possis

935 2141 1114 2171 advertere
1130 2136 1306 2178 περιεργίαν
1322 2142 1471 2167 veterum
1496 2135 1631 2165 Latino-

936 2201 1007 2221 rum
1045 2190 1077 2220 in
1111 2188 1293 2219 reddendis
1332 2193 1366 2218 et
1401 2185 1631 2226 exprimendis

936 2243 1134 2273 Graecorum
1165 2239 1290 2270 verbis.
1346 2238 1430 2268 Cum
1459 2241 1573 2267 tamen
1598 2237 1630 2266 in

935 2291 1114 2322 sententiis
1144 2300 1234 2330 saepe
1269 2298 1383 2319 eorum
1420 2287 1630 2326 diligentiam

936 2342 1119 2383 requiram,
1141 2345 1178 2370 ut
1193 2338 1326 2370 ostendi
1343 2338 1419 2369 olim
1435 2338 1468 2367 in
1487 2337 1630 2378 Conjec-

936 2394 1057 2424 taneis.
1081 2393 1150 2422 Jos.
1167 2390 1250 2422 Scal.

980 2443 987 2463 i
1010 2441 1245 2481 Negibundum]
1276 2438 1478 2478 Negibundus
1491 2446 1551 2477 pro
1563 2437 1630 2468 Ne-

932 2494 1116 2533 gubundus:
1141 2496 1178 2522 ut
1205 2491 1314 2529 artire,
1343 2498 1402 2529 pro
1423 2491 1548 2518 artare:
1571 2487 1630 2518 ἐπι-

931 2545 1059 2585 petrz're,
1075 2552 1135 2584 pro
1151 2543 1330 2582 impetrare.
1353 2539 1460 2571 Idem.

974 2593 987 2614 k
1015 2591 1209 2632 Neglegens]
1237 2591 1304 2621 Nec
1319 2591 1422 2628 legens
1437 2600 1446 2620 .·
1462 2599 1478 2619 c
1495 2589 1526 2618 in
1539 2598 1573 2626 g,
1591 2594 1629 2618 ut

935 2650 942 2663 ‘
957 2654 1018 2675 uec
1034 2642 1163 2681 otium,’
1186 2643 1194 2658 ‘
1209 2639 1405 2681 negotium!
1441 2639 1629 2678 Negligens,

931 2695 1069 2736 quinon
1093 2693 1185 2733 legit,
1202 2691 1234 2723 id
1251 2695 1318 2730 est,
1341 2689 1474 2729 deligit.
1518 2685 1628 2719 Varro
