1835 2906
376 150 438 179 DE
474 147 743 179 VERBORUM
778 142 1185 175 SIGNlFlCATlONE
1222 142 1312 172 LlB.
1346 142 1416 171 xl.

1543 129 1626 171 377

235 249 326 286 erat
354 246 400 287 in
428 244 654 286 Turdellis
692 239 925 283 Mercurius
962 236 1153 278 malevoli
1176 243 1203 266 ¹³
1237 236 1359 278 etiam
1396 235 1626 291 cognomine

238 311 563 366 appellabatur:
594 309 797 352 malevoli
828 311 990 356 autem,
1013 304 1133 359 quod
1151 305 1195 345 in
1214 304 1380 345 nullius
1402 304 1627 345 tabernam

237 381 483 433 spectabat.

181 446 396 488 Malevoli
430 446 641 488 Mercurii
675 445 862 498 signum,
884 441 930 482 id
965 445 1048 491 est,
1083 444 1295 489 statuam,
1328 439 1629 495 appellabant,

234 514 335 555 ideo
359 515 480 568 quod
501 516 545 556 in
566 513 727 555 nullius
750 512 980 553 tabernam
1009 508 1261 562 spectabat.
1292 558 1295 561 Ι

1450 506 1630 559 [PAUL.

180 580 382 623 Malleoli
399 580 415 604 ¹⁴
439 586 655 624 vocantur
684 593 774 621 non
811 579 950 619 solum
982 577 1111 631 parvi
1133 575 1299 625 mallei,
1329 574 1407 615 sed
1429 575 1564 615 etiam
1585 574 1631 625 ii,

237 649 314 702 qui
345 650 401 690 ad
440 648 689 690 incendium
723 645 974 687 faciendum
1004 648 1233 698 aptantur;
1279 642 1482 684 videlicet
1498 646 1533 671 ¹4
1575 641 1632 682 ad

237 716 567 757 similitudinem
589 715 780 769 priorum
801 713 922 755 dicti.

180 781 470 825 Malluvium¹
506 783 666 824 dicitur
688 795 777 836 quo
805 794 962 822 manus
998 781 1213 822 lavantur.

1274 779 1438 820 Mallu—
1469 777 1633 831 [FEsT.

236 851 337 901 viae,
359 852 519 905 quibus
537 864 694 892 manus
711 854 813 891 sunt
827 849 961 890 lotae:
993 849 1220 903 pelluviae,
1243 848 1404 902 quibus
1421 845 1575 900 pedes.

180 917 448 960 Malluvium
484 919 619 960 latum
634 924 659 940 ¹¹¹
693 919 738 959 in
771 917 1134 958 commentarium
1152 916 1181 939 ¹⁵
1215 928 1435 956 sacrorum
1470 911 1634 966 signifi-

237 990 321 1036 cat,
354 1000 508 1029 manus
540 987 617 1040 qui
650 987 786 1035 lavet,
810 998 836 1026 a
860 999 949 1039 quo
982 984 1208 1026 malluviae
1231 984 1448 1032 dicuntur,
1470 981 1634 1036 quibus

235 1067 391 1096 manus
411 1059 512 1096 sunt
531 1056 680 1105 lautae,
703 1053 882 1108 perinde
904 1059 952 1094 ut
971 1053 1133 1106 quibus
1154 1052 1290 1106 pedes
1313 1050 1533 1105 pelluviae.

182 1122 354 1164 Maltha
368 1128 385 1144 ¹¹
412 1122 574 1164 dicitur
595 1135 619 1164 a
641 1122 815 1163 Graecis
835 1121 916 1175 pix
940 1133 1038 1162 cum
1060 1133 1163 1162 cera
1181 1120 1336 1161 mixta.

791 1230 906 1242 ““““

1454 1117 1634 1169 [PAUL.

909 1229 1027 1241 cccccc

221 1301 261 1329 13
287 1298 414 1330 Eadem
433 1298 495 1330 Ed.
513 1298 619 1330 Malos
635 1298 786 1329 malevoli.
833 1297 921 1328 Vide
938 1296 1084 1328 inst—14
1109 1296 1206 1327 Vett.
1224 1293 1307 1326 libb.
1320 1293 1534 1325 scilicet.—15
1549 1291 1637 1323 Vide

181 1341 302 1373 Notas.

847 1416 988 1448 NOTAE

180 1492 311 1524 cientes
342 1490 461 1522 favere
492 1490 713 1531 putabantur,
737 1494 775 1521 ut
803 1499 885 1522 con-

180 1547 245 1574 tra.
305 1543 414 1573 Porro
453 1540 587 1572 notabis
622 1541 733 1572 locum
763 1540 883 1573 Romae

179 1594 359 1626 Turdellos
389 1593 532 1627 dictum,
563 1592 621 1623 ubi
655 1593 884 1633 Mercatores,

180 1649 218 1676 ut
253 1645 294 1675 ad
332 1645 470 1676 Janum.
525 1643 635 1674 Nemo
673 1643 763 1673 enim
801 1643 886 1673 alius

180 1694 347 1726 Veterum
366 1694 454 1734 ejus,
476 1692 567 1735 quod
585 1693 703 1734 sciam,
718 1693 885 1724 meminit.

180 1744 263 1775 Duc.

226 1794 241 1815 k
264 1795 420 1836 Malleoli]
455 1794 693 1826 Malleolorum
711 1794 885 1826 incendia—

183 1846 308 1877 riorum
334 1845 542 1877 mentionem
569 1844 651 1876 facit
680 1845 814 1876 Nouius
842 1855 884 1876 ex

182 1896 340 1935 Sisenna,
356 1901 391 1927 et
408 1895 478 1927 alii.
523 1895 739 1926 Dicebantur
760 1895 885 1927 Graece

183 1947 341 1987 ἆστίοχοι.
387 1947 519 1978 Glossae
552 1946 743 1987 Hesychii:
782 1945 886 1977 ἆστίο·

182 2010 256 2039 χος,
275 1998 377 2038 ἄγγος
407 1996 582 2038 περιφερὲς,
604 1997 646 2029 εἷς
671 1996 689 2028 ὃ
715 1997 887 2038 ἐγχέοντες

182 2051 311 2092 πίσσαν,
324 2051 375 2082 καὶ
389 2052 480 2091 θεῖον,
497 2050 548 2082 καὶ
563 2051 722 2086 στυπεῖον,
737 2049 883 2090 ἠφίεσαν·

184 2102 234 2133 καὶ
245 2102 317 2134 ἔνθα
331 2102 470 2143 ἐφέρετο,
485 2102 568 2134 ἔκαιε
578 2102 619 2134 τὰ
630 2102 888 2143 προσ-τυγχάνον-

182 2166 233 2185 τα.
244 2153 312 2185 ἔστι
323 2153 356 2185 δὲ
366 2153 417 2185 καὶ
426 2152 517 2193 ’γένος
530 2153 619 2185 λίθου
630 2154 681 2185 καὶ
694 2155 786 2194 ξηροῦ
794 2158 888 2195 ξύλου

184 2204 233 2235 καὶ
255 2205 502 2244 πεπισσωμένου.
544 2206 675 2237 Ultima
690 2206 888 2247 exprimunt

184 2256 357 2287 notionem
398 2257 563 2289 Malleoli.
639 2257 885 2290 Glossarium:

186 2308 194 2322 ‘
214 2306 407 2347 Malleolus,
439 2306 555 2347 σφύρα,
585 2306 789 2349 πυρέκβολα.’
816 2309 887 2340 Jos.

187 2356 269 2388 Scul.

231 2406 386 2446 Malleoli]
411 2407 515 2438 Parvi
539 2407 664 2446 mallei,
686 2407 756 2439 sive
773 2407 889 2444 ferrei,

186 2460 256 2491 sive
287 2459 403 2499 lignei,
433 2458 556 2500 quibus
589 2458 717 2490 ferrum
750 2464 786 2490 et
824 2460 889 2491 alia

188 2510 389 2541 tunduntur.
455 2509 544 2540 Sunt
576 2510 678 2540 etiam
717 2510 887 2552 Manipuli

187 2561 326 2602 Spartei
352 2560 460 2591 forma
485 2559 630 2601 quadam
655 2561 768 2591 mallei
792 2562 890 2601 ligati

188 2618 225 2643 et
240 2613 317 2652 pice
335 2616 394 2642 aut
410 2611 571 2651 sulphure
588 2611 752 2650 contacti,
769 2612 825 2652 qui
840 2612 889 2643 in-

190 2663 283 2694 censi
300 2667 359 2694 aut
375 2663 407 2694 iu
426 2672 536 2693 muros
560 2666 617 2693 aut
643 2662 676 2693 iu
701 2662 890 2694 testudines

185 2713 372 2754 jaciuntur.
417 2714 560 2745 Sisenna
592 2712 722 2744 Histor.
753 2713 811 2745 lib.
838 2723 890 2745 iv.

939 1496 947 1510 ‘
963 1492 1016 1523 De
1033 1489 1155 1532 quibus
1172 1488 1295 1530 partim
1311 1487 1499 1526 malleolos,
1514 1486 1638 1526 partim

938 1540 1046 1573 fasces
1079 1545 1325 1571 sarmentorum
1352 1538 1508 1568 incensos
1536 1545 1639 1576 supra

939 1593 1063 1623 vallum
1079 1588 1300 1632 frequentes!
1327 1588 1410 1618 Duc.

981 1642 989 1663 ¹
1014 1640 1215 1681 Malluvium]
1257 1638 1432 1670 Malluviae
1463 1641 1500 1669 et
1523 1637 1640 1669 Pellu-

940 1693 1015 1729 vim,
1044 1692 1170 1724 Graece
1197 1689 1407 1731 χειρόνιπτρα,
1422 1688 1474 1720 καὶ
1495 1687 1640 1719 ποδόνιπ-

938 1754 1006 1783 τρα.
1028 1743 1099 1775 Jos.
1114 1741 1196 1774 Scal.

984 1792 1189 1832 Malluvium]
1205 1790 1406 1824 Malluvium
1415 1794 1451 1822 et
1462 1787 1640 1820 Malluviae

940 1854 998 1875 vas
1015 1844 1072 1875 ubi
1089 1853 1205 1875 manus
1218 1844 1391 1881 lavantur,
1407 1840 1502 1882 quasi
1519 1849 1644 1870 mamne-

939 1896 1011 1935 luoe,
1027 1904 1085 1926 seu
1099 1894 1294 1926 manuluvioe.
1340 1892 1472 1924 Graecis
1489 1888 1643 1931 χειρόνιπ-

939 1958 1009 1987 τρα,
1030 1951 1067 1977 nt
1084 1945 1249 1983 Pelluvz'ae,
1267 1943 1322 1976 ubi
1346 1942 1464 1985 pedes,
1482 1941 1643 1984 quasipe-

940 1998 1050 2037 deluoe,
1070 2006 1127 2027 seu
1150 1995 1334 2036 pedeluviae,
1350 1992 1481 2025 Graecis
1498 1990 1643 2023 ποδόνιπ-

940 2059 1008 2088 τρα.
1050 2046 1128 2078 Hoc
1145 2051 1258 2077 autem
1273 2044 1315 2076 ad
1333 2044 1498 2074 Veterum
1514 2050 1643 2073 morem

942 2098 1096 2139 respicit,
1113 2096 1169 2138 qui
1185 2106 1253 2128 non
1276 2103 1396 2127 manus
1419 2098 1567 2132 tantum,
1583 2092 1643 2123 sed

943 2150 1044 2181 etiam
1069 2149 1188 2190 pedes,
1205 2152 1284 2180 ante
1300 2151 1336 2178 et
1353 2150 1430 2186 post
1446 2153 1578 2176 coenam
1595 2143 1643 2175 la-

942 2200 1082 2231 vabant.
1106 2199 1190 2230 Dae.

985 2260 1007 2275 ¹¹¹
1024 2253 1211 2284 Malluvium
1224 2249 1336 2290 latum]
1356 2250 1539 2288 Legerem:
1559 2247 1641 2278 Mal-

941 2305 1058 2336 luvium
1073 2306 1169 2335 latum
1190 2303 1225 2333 in
1244 2299 1462 2332 commentario
1485 2307 1645 2329 sacrorum

942 2355 1102 2397 significat
1124 2363 1234 2385 manus
1258 2355 1293 2382 ut
1315 2352 1428 2382 lavent.
1475 2348 1552 2380 Hoc
1568 2358 1643 2379 sen-

944 2417 1002 2438 su:
1029 2416 1104 2437 cum
1128 2403 1320 2435 malluvium
1345 2401 1450 2432 latum
1477 2403 1564 2438 erat,
1579 2399 1644 2430 hoc

944 2459 977 2489 in
1005 2466 1177 2488 sacrorum
1205 2451 1451 2486 commentario
1475 2449 1643 2491 significa-

944 2508 1014 2543 bat,
1032 2513 1069 2538 ut
1085 2515 1202 2537 manus
1218 2504 1383 2534 lavarent.
1409 2501 1523 2532 Possis
1540 2501 1644 2532 etiam

941 2560 1056 2599 legere
1072 2557 1124 2598 qui
1138 2557 1252 2587 lavent.
1285 2553 1413 2585 Eodem
1429 2561 1541 2584 sensu.
1568 2551 1644 2591 Qui,

944 2609 977 2640 id
995 2615 1059 2646 est,
1074 2618 1131 2648 quo
1148 2616 1209 2647 pro
1225 2605 1288 2636 ubi.
1312 2604 1420 2635 Idem.

988 2664 1001 2679 ¹³
1026 2657 1167 2698 Maltha]
1191 2654 1427 2688 Glossarium:
1451 2654 1460 2671 ‘
1476 2653 1645 2691 Mastana,

945 2708 1157 2749 πισσόκηρον.’
1181 2708 1249 2739 Jos.
1266 2706 1350 2738 Scal.
