1835 2906
229 99 314 140 640

666 110 817 141 SEX'I'I
854 112 1053 142 POMPEII
1090 113 1227 143 FESTI

230 206 399 248 Priscae
421 206 594 248 Latinae
616 207 809 249 coloniae
824 213 842 236 y
862 208 1102 262 appellatae
1121 212 1238 259 sunt,
1260 213 1312 249 ut
1333 209 1486 252 distin·
1518 211 1576 264 [F
1586 222 1683 252 EST.

286 279 465 327 guerent
483 288 510 316 a
530 275 675 324 novis,
694 289 795 329 quae
820 281 978 330 postea
999 289 1026 316 a
1048 277 1216 329 populo
1240 276 1475 319 dabantur.

230 343 374 384 Prisci
395 343 542 384 Latini
557 348 571 364 ²
602 344 781 397 proprie
815 342 1028 396 appellati
1057 348 1164 384 sunt
1185 343 1232 393 ii,
1253 344 1330 397 qui
1351 344 1475 397 prius
1505 345 1684 400 [PAUL.

285 423 416 464 quam
440 411 705 453 conderetur
728 411 892 460 Roma,
914 410 1108 451 fuerunt.

229 478 416 520 Priscus
436 479 707 533 Tarquinius
725 485 741 501 ³
770 483 838 521 est
865 479 1026 529 dictus,
1048 479 1152 533 quia
1173 479 1296 533 prius
1327 480 1427 531 fuit,
1449 493 1580 534 quarn
1604 481 1685 522 Su-

285 547 449 600 perbus
470 547 754 601 Tarquinius.

224 614 430 664 Pristina,
453 616 572 655 velut
592 628 620 668 p
630 614 826 664 riustina,
847 614 1011 655 dictum
1031 620 1115 656 est.

226 681 456 732 Pristina,‘'
477 683 599 723 velut
619 680 823 735 pristina.-
854 681 907 722 sic
929 682 1046 736 prior
1077 689 1115 723 et
1146 681 1231 723 alia
1252 682 1472 737 ejusmodi
1521 682 1668 733 [FES'P

282 750 549 800 dictitabant,
573 749 624 790 ab
646 764 689 790 eo
710 749 818 805 quod
834 757 891 790 est
906 750 1039 804 prius.

225 818 463 860 Pristinum
485 819 540 860 ab
562 832 615 860 eo
637 819 772 868 venit,
794 817 917 872 quod
936 822 1006 859 est
1028 818 1151 872 prius
1171 832 1180 859 :
1212 818 1308 871 pari
1328 817 1460 858 modo
1503 819 1627 874 [PAU
1642 831 1682 859 ι.

283 890 325 927 et
347 887 478 940 prior.

225 954 455 996 Privataec
490 955 765 996 vocabantur
805 954 925 996 feriae
967 967 1190 997 sacrorum
1233 955 1523 1009 propriorum,
1565 955 1685 995 velut

282 1021 379 1063 dies
403 1022 591 1063 natales.

885 1111 1024 1144 NOTAE

224 1176 373 1215 ordines,
388 1178 504 1217 capita
530 1182 563 1208 et
588 1178 702 1217 apices
728 1182 930 1217 castrorum,

227 1234 264 1259 ut
281 1227 422 1265 tribuni,
437 1226 606 1267 praefecti,
623 1228 788 1268 primique
811 1233 929 1259 centu-

223 1279 364 1309 rionum.
398 1278 529 1310 Quarta
546 1278 746 1316 Decumum,
765 1289 783 1309 a
801 1279 929 1309 Cohor-

228 1328 320 1359 tibus
347 1327 488 1358 decimis
520 1327 566 1358 ibi
598 1328 833 1359 tendentibus.
879 1328 929 1359 Ea

223 1377 379 1418 opposita
401 1383 451 1408 est
477 1378 656 1409 Praotoriae
683 1383 718 1409 et
743 1388 861 1410 aversa
885 1379 928 1409 ab

222 1430 330 1460 hoste.
378 1428 507 1459 Eadem
527 1429 706 1464 Quoestoria
729 1429 808 1459 olim
826 1430 928 1461 dicta.

225 1481 324 1512 Idem.

265 1536 277 1557 5
302 1531 424 1562 Prisca>
439 1530 564 1561 Latinae
586 1529 732 1570 colonioe]
759 1529 787 1560 A
810 1530 928 1561 Latino

220 1582 325 1612 Silvio
338 1581 549 1612 Aibanorum
567 1590 647 1621 rege
662 1580 830 1610 deductam
853 1580 926 1612 Liv.

220 1632 279 1662 lib.
307 1641 332 1663 1.
360 1637 443 1662 sect.
465 1635 496 1663 3.
529 1631 588 1661 ‘Is
617 1632 755 1662 AEnearn
786 1632 927 1662 Silvium

222 1688 331 1723 creat,
347 1683 373 1713 is
396 1683 517 1713 deinde
535 1682 688 1713 Latinum
705 1683 859 1720 Silvium,
883 1682 926 1712 ab

221 1726 262 1765 eo
291 1734 442 1766 Coloniae
469 1734 596 1773 aliquot
619 1733 791 1768 deductw,
815 1733 925 1764 Prisci

220 1785 332 1815 Latini
349 1782 536 1824 appellati!
585 1783 711 1814 Eodem
738 1789 855 1823 postea
871 1793 926 1814 co-

222 1836 326 1866 lonias
344 1835 482 1866 Priscus
500 1835 651 1865 deduxit.
698 1835 786 1865 Vide
803 1836 926 1865 ‘Sana-

221 1885 298 1917 tes!
345 1885 441 1916 Infra
475 1894 536 1925 pro
574 1885 738 1919 (labantur,
771 1885 927 1916 tentabat

220 1937 356 1968 Merula
379 1935 619 1967 deducebantur.
663 1935 730 1965 Sed
755 1935 838 1965 nihii
867 1944 925 1965 nc-

220 1997 328 2018 cesse.
352 1988 450 2018 Idem.

261 2044 273 2058 ²
299 2038 406 2068 Prisci
429 2036 554 2076 Latini]
584 2037 736 2068 Coloniae
766 2035 924 2067 deductae

220 2098 240 2118 a
280 2088 399 2118 Latino
438 2087 544 2117 Silvio
582 2086 789 2118 Albanorum
822 2087 925 2125 Rege·

215 2138 223 2153 ‘
246 2138 357 2169 Prisci
377 2138 489 2168 Latini
510 2137 675 2177 appellati
698 2135 798 2175 sunt‚'
816 2142 855 2168 ut
870 2137 922 2167 Li-

219 2188 292 2218 vius
310 2187 431 2218 scribit
448 2187 535 2217 libro
555 2196 579 2217 Ι.
603 2187 682 2218 Ant.
697 2187 785 2225 Aug.

237 2255 243 2261 ·
263 2239 368 2269 Prisci
399 2238 525 2278 Latini]
567 2237 653 2268 Vide
692 2243 806 2267 notam
846 2247 921 2277 sup.

218 2289 320 2320 iidem
338 2289 421 2319 dicti
437 2289 528 2319 Casei
544 2289 664 2318 Ennio.
701 2290 710 2303 ‘
725 2288 835 2320 Quam
855 2289 921 2328 pri-

218 2350 307 2370 mum
336 2340 432 2371 Casei
460 2340 576 2380 populi
606 2348 756 2378 genuere
788 2338 921 2369 Latini.’

222 2391 302 2421 Duc.

261 2444 275 2459 ὃ
299 2440 430 2471 Priscus
457 2439 660 2480 Tarquinius]
700 2439 785 2470 Cum
818 2438 922 2468 Festo

218 2492 388 2522 consentit
407 2491 603 2531 Dionysius,
621 2490 677 2531 qui
703 2491 750 2520 ait
767 2489 919 2520 Priscum

218 2540 346 2571 dictum
375 2542 454 2581 quia
479 2542 585 2581 major
611 2545 690 2572 natu
719 2546 795 2571 erat
820 2549 920 2580 quam

217 2591 423 2632 Tarquinius
462 2593 648 2632 Superbus.
696 2592 831 2622 Falsum
868 2597 921 2620 est

217 2642 335 2680 igitur,
352 2641 440 2682 quod
461 2642 565 2673 tradit
583 2642 698 2672 Livius
720 2642 777 2671 lib.
796 2651 819 2671 ι.
835 2646 919 2671 sect.

218 2695 270 2724 34.
316 2692 482 2723 Parentes
507 2692 578 2731 eju,-
607 2693 724 2723 urbem
753 2691 919 2731 ingressos

981 1178 1124 1209 Lucium
1140 1178 1359 1218 Tarquinium
1386 1177 1540 1209 Priscum
1565 1185 1685 1207 nomen

980 1228 1140 1259 edidisse.
1179 1230 1273 1260 Utet
1286 1229 1416 1268 optime
1428 1227 1568 1268 sigonio
1582 1227 1685 1257 anirn-

981 1278 1173 1311 adversum.
1210 1278 1276 1309 sed
1305 1278 1385 1319 quid
1408 1278 1436 1308 si
1454 1287 1527 1308 eum
1559 1286 1577 1307 a
1594 1276 1686 1307 Pris-

980 1329 1027 1359 cis
1066 1329 1208 1367 Latinis,
1245 1338 1311 1369 quo
1347 1328 1503 1359 Colonias
1542 1326 1686 1357 deduxit

980 1379 1138 1409 Priscum
1156 1379 1287 1409 dictum
1304 1377 1408 1409 fuisse
1422 1377 1603 1417 putemus?
1617 1377 1685 1407 Ne-

980 1438 1045 1469 que
1069 1429 1158 1459 enim
1185 1429 1296 1459 Prisci
1322 1432 1397 1468 post
1422 1427 1574 1458 colonias
1600 1436 1639 1457 eo
1667 1437 1686 1457 a

978 1479 1098 1510 Prisco
1116 1479 1280 1511 deductas
1305 1479 1404 1517 dicti,
1423 1483 1458 1509 ut
1482 1477 1620 1519 quidam
1639 1478 1685 1507 vi-

979 1530 1104 1560 dentur
1120 1531 1338 1568 cxistimare3
1355 1540 1431 1560 nani
1450 1530 1586 1560 Priscos
1605 1533 1684 1559 ante

979 1581 1118 1612 Romam
1139 1581 1308 1611 conditam
1322 1580 1426 1611 fuisse
1440 1590 1543 1620 supra
1556 1585 1590 1610 et
1605 1579 1684 1610 Fes-

979 1636 1032 1661 tus
1049 1638 1084 1662 et
1112 1631 1225 1662 Livius
1249 1632 1331 1662 satis
1347 1630 1542 1662 ostendunt.
1591 1630 1684 1661 Dicti

978 1686 1092 1712 antem
1132 1681 1243 1712 Prisci
1276 1682 1363 1723 quod
1401 1682 1494 1722 prius
1534 1681 1684 1713 fuerunt.

978 1732 1076 1762 Idem.

1018 1782 1033 1802 ὓ
1061 1783 1224 1823 Priscian]
1250 1783 1444 1821 Legeuduur
1468 1783 1514 1813 uti
1543 1793 1581 1813 ex
1604 1784 1685 1823 Epi-

978 1839 1066 1862 tome
1081 1833 1190 1873 quivis
1204 1833 1309 1873 vide-t,
1327 1834 1471 1864 Prc‘slinn
1486 1836 1565 1865 velut
1583 1835 1684 1873 prius-

977 1885 1056 1914 tiua.
1103 1885 1265 1917 Quamvis
1289 1885 1442 1924 pristinus
1464 1895 1528 1915 non
1548 1896 1565 1916 a
1582 1885 1684 1925 prius,

976 1941 1014 1966 ut
1042 1940 1139 1975 putat
1169 1936 1302 1971 Festus,
1320 1936 1378 1966 sed
1402 1945 1421 1966 a
1444 1936 1525 1976 pris,
1547 1936 1637 1976 quod
1664 1946 1684 1966 a

977 1984 1103 2015 Graeco
1127 1984 1206 2025 πρίν.
1254 1984 1283 2015 Α
1310 1985 1395 2021 Pris,
1420 1986 1587 2025 pristinus,
1603 1990 1641 2017 ut
1664 1995 1683 2016 a

976 2038 984 2050 ‘
1003 2035 1105 2072 cra&
1135 2039 1142 2051 ‘
1161 2034 1353 2066 crastinus:
1399 2035 1498 2066 Prius
1528 2035 1632 2066 etiam
1663 2045 1682 2065 a

973 2084 1052 2124 pris.
1077 2083 1184 2115 Idem.

1017 2140 1030 2155 c
1055 2136 1218 2176 Privatoe]
1256 2134 1411 2166 Mam-ob.
1442 2133 1499 2164 lib.
1518 2143 1542 2164 1.
1566 2134 1680 2165 Satur.

974 2187 983 2204 ‘
1001 2187 1087 2216 Sunt
1115 2192 1281 2226 praeterea
1297 2185 1391 2215 feriae
1420 2185 1564 2224 propriae
1582 2183 1680 2215 fami-

973 2237 1113 2267 liarum:
1149 2242 1227 2267 sunt
1258 2235 1481 2275 singulorum,
1514 2239 1551 2265 ut
1587 2240 1686 2265 nata-

973 2288 1053 2318 lium
1066 2286 1308 2328 fulgurumque
1326 2286 1579 2326 susceptiones:
1598 2286 1680 2316 item

976 2338 1133 2369 funerum
1151 2343 1253 2378 atque
1278 2335 1534 2377 expiationum!
1571 2337 1683 2367 Dene-

977 2390 1067 2420 caies
1095 2387 1205 2428 serim,
1222 2398 1296 2429 quae
1324 2388 1403 2427 siut,
1420 2387 1495 2417 vide
1523 2387 1556 2417 in
1583 2387 1681 2418 litera

978 2440 1022 2470 D.
1047 2440 1125 2470 Ant.
1140 2439 1229 2477 Aug.

1021 2489 1164 2520 Privatoe
1180 2487 1294 2527 scrioe]
1319 2487 1472 2518 Macrob.
1495 2487 1551 2518 lib.
1570 2496 1593 2517 1.
1619 2488 1677 2518 Sa-

978 2544 1043 2570 tur.
1067 2540 1173 2571 ‘Sunt
1191 2536 1384 2579 praeterea,'
1399 2539 1464 2568 &c.
1487 2547 1561 2577 quae
1587 2537 1677 2567 Festi

977 2591 1089 2621 locum
1126 2590 1309 2620 illustrant.
1354 2587 1450 2618 Infra
1487 2587 1677 2626 operationes

976 2641 1135 2671 denecales
1157 2637 1366 2679 conjunctim
1406 2637 1489 2678 legit
1517 2638 1676 2668 Ursinus:

976 2690 1064 2731 quod
1076 2689 1154 2722 mihi
1169 2698 1232 2721 non
1249 2689 1361 2729 placet
1378 2699 1384 2719 :
1412 2696 1472 2728 per
1486 2688 1676 2725 operaciones
