1835 2906
238 135 296 176 94

695 147 843 178 SEXTI
878 148 1078 179 POMPEH
1114 148 1248 180 FESTI

298 240 392 281 sive
413 240 530 294 quod
553 245 658 294 apte
679 253 816 294 opera
836 241 944 282 inter
963 254 1011 283 se
1032 247 1183 292 artent,
1204 255 1293 297 qua
1314 256 1371 284 ex
1390 256 1527 287 causa
1548 247 1677 288 etiam

298 311 413 349 artes
431 313 447 339 Ρ
467 308 703 361 appellatae
722 312 833 349 sunt.

240 373 450 425 Artitus,‘³
467 375 599 416 bonis
616 375 854 417 instructus
876 378 1062 418 artibus.

239 441 397 482 Artus‘
421 455 478 483 ex
500 442 661 483 Graeco
681 444 977 497 appellantur.
995 458 1108 499 quos
1129 445 1193 485 illi
1211 443 1330 501 ἄρθρα
1344 445 1359 469 ⁸
1377 446 1553 489 dicunt:
1585 447 1679 488 sive

297 513 415 549 artus
437 509 556 559 dicti,
577 510 696 563 quod
717 512 912 553 membra
931 513 1136 553 membris
1157 516 1359 554 artentur.

239 575 410 617 Arvum
424 582 436 599 ⁵
468 577 653 618 dicimus
674 591 825 630 agrum
845 579 1031 620 necdum
1053 585 1213 620 satum.

239 643 507 696 Arytenam,t
542 646 635 686 sive
672 652 883 696 artemam,
914 660 994 689 vas
1028 648 1084 688 ab
1117 647 1360 688 hauriendo
1396 649 1460 689 sic
1485 647 1681 700 appella-

299 713 418 752 bant.

239 778 546 820 ASPARAGUS
563 785 580 801 ¹¹
607 780 741 821 herba
765 780 900 830 dicta,
932 781 1053 835 quod
1073 782 1119 822 in
1141 794 1299 835 aspero
1318 782 1508 835 virgulto
1530 793 1683 822 nasca-

296 851 374 887 tur.

242 913 364 954 Assa
379 920 393 936 Χ
425 913 651 954 dicebatur
677 919 833 955 cantus
854 914 1070 955 tibiarum.

847 1033 961 1044 ‘‘‘‘‘‘

281 1111 301 1138 8
325 1108 469 1141 Quidam
496 1109 572 1141 libri
597 1109 751 1150 ἀρύεσθαι.

967 1033 1082 1044 οοοοοο

894 1219 1032 1252 NOTAE

283 1297 297 1317 Ρ
329 1292 399 1327 Qua
414 1301 453 1322 ex
468 1302 558 1323 causa
572 1292 665 1322 etiam
680 1292 780 1332 artes]
819 1293 937 1324 Potius

239 1341 299 1372 ἀπὸ
322 1344 379 1379 τῆς
401 1342 509 1381 ἀρετῆς
541 1352 599 1383 per
625 1353 821 1383 syncopen;
845 1343 897 1374 vel
919 1353 938 1373 a

237 1393 351 1424 Siculo
367 1393 470 1433 ἀρετὶς
484 1403 544 1434 pro
560 1392 664 1434 ἀρετή.
689 1394 786 1424 Idem.

282 1443 451 1483 qArtitus]
477 1444 530 1475 Ab
547 1450 621 1474 arte
635 1444 760 1482 artitus,
777 1443 870 1473 bonis
889 1442 937 1473 in-

239 1497 388 1525 structus
413 1493 565 1525 artibus:
594 1495 603 1510 ‘
620 1499 755 1525 centum
782 1503 864 1533 puer
888 1503 939 1523 ar-

240 1544 323 1574 tium
336 1543 343 1555 ’
376 1544 506 1575 diceret
537 1545 659 1576 Horat.
716 1544 938 1583 Glossarium,

237 1600 247 1614 ‘
263 1595 398 1635 artitus,
413 1595 599 1636 πάντεχνος,
617 1594 782 1627 δαίδαλοςῖ
811 1595 940 1626 Arlitus

238 1646 321 1676 item
332 1645 468 1676 validus.
495 1647 582 1677 Nam
597 1645 690 1686 ἀρετὴ
702 1647 814 1685 robur,
825 1651 862 1676 ut
876 1646 938 1676 La-

238 1697 345 1727 tinum
374 1702 381 1714 ¹
399 1695 525 1728 virtus.'
572 1697 688 1727 Plaut.
714 1695 811 1726 Asin.
837 1704 890 1726 ιιι.
906 1698 938 1726 2.

239 1747 248 1762 ‘
267 1746 335 1777 Ubi
358 1756 450 1786 saepe
476 1756 611 1777 causam
635 1745 761 1776 dixeris
787 1744 939 1785 pendeus

238 1796 398 1827 adversus
416 1802 492 1828 octo
509 1796 654 1835 Artitos,
670 1795 817 1826 audaces
835 1796 937 1836 viros,

240 1847 391 1877 valentes
414 1846 623 1886 virgatores.'
669 1846 737 1877 Ubi
760 1847 848 1877 male
866 1846 939 1887 qui-

240 1895 316 1926 dam
329 1900 457 1927 astutos.
483 1896 590 1927 Idem.

281 1951 292 1966 ¹
315 1946 429 1986 Artas]
462 1946 607 1986 Proprie
625 1946 703 1977 nodi
721 1950 756 1977 et
772 1945 938 1977 membro-

239 2007 310 2027 rum
327 1997 568 2034 commissurae,
584 2006 601 2026 a
616 1997 741 2027 Graeco
768 1995 888 2036 ἄρθρον,
906 2006 938 2026 a-

238 2048 340 2078 misso
361 2058 389 2086 p,
407 2052 443 2078 ut
461 2057 478 2077 a
494 2045 624 2086 λέκτρον
641 2048 761 2077 lectus.
798 2046 939 2086 Antiqui

239 2107 301 2137 pro
316 2101 404 2128 artus
420 2097 581 2128 dicebant
602 2101 685 2136 artu,
712 2097 799 2127 unde
816 2097 848 2127 in
867 2098 939 2136 plu-

240 2148 301 2178 rali
317 2151 409 2178 artua
425 2147 539 2178 Plaut.
561 2148 657 2178 Idem.

282 2202 293 2216 ⁵
316 2198 450 2239 Art-um]
473 2198 526 2228 Ab
553 2207 620 2238 aro,
635 2198 737 2229 Varr.
765 2197 822 2228 lib.
843 2205 868 2228 ι.
898 2197 939 2228 de

240 2248 280 2278 R.
302 2249 344 2278 R.
370 2258 445 2288 cap.
463 2251 516 2280 29.
540 2249 665 2289 ‘Seges
690 2247 780 2289 quod
807 2252 938 2278 aratum

240 2303 348 2329 satum
366 2305 429 2333 est,
459 2309 573 2330 arvum
590 2298 678 2341 quod
696 2303 840 2337 aratum,
857 2307 937 2329 nou-

240 2348 320 2379 dum
338 2349 468 2380 satum?
495 2351 592 2381 Idem.

283 2399 292 2418 ῑ
314 2398 502 2440 Arytenam]
542 2399 646 2440 Apud
670 2399 835 2431 Lucilium
852 2399 937 2430 Aru·

239 2453 332 2490 tenae,
355 2460 431 2481 cum
455 2452 514 2489 ait,
538 2451 546 2466 ‘
563 2451 747 2488 Aruteuas,
776 2454 812 2480 et
836 2460 935 2491 aqua-

239 2499 311 2534 les,’
329 2504 365 2530 nt
381 2500 467 2531 citat
484 2500 665 2531 Charisius.
703 2500 913 2531 Glossarium
929 2510 937 2530 2

240 2550 249 2566 ‘
267 2549 389 2589 Atella,
412 2548 490 2580 εἶδος
512 2550 657 2590 ποτηρίου
680 2548 846 2590 ὀστράκου,
869 2548 894 2589 ᾧ
911 2549 940 2579 οἷ

240 2599 400 2640 πρυτάνεις
415 2600 447 2630 ἐν
460 2602 528 2632 ταῖς
548 2600 664 2631 θυσίαις
680 2600 836 2641 χρῶνται.’
875 2601 938 2632 Le-

241 2650 388 2690 gendum
412 2650 543 2681 Artena.
600 2651 684 2681 Nam
711 2657 745 2681 et
774 2651 939 2681 Artenam

239 2701 347 2731 solere
365 2700 431 2731 dici
450 2701 502 2732 hie
520 2710 652 2742 quoque
668 2706 781 2731 mouet
808 2701 939 2731 Festus.

991 1294 1075 1325 Eam
1100 1292 1337 1324 ‘mandatam’
1362 1298 1460 1325 vocat
1486 1293 1572 1326 idem
1589 1295 1688 1327 Glos-

991 1344 1126 1374 sarium.
1149 1345 1217 1374 JOS.
1234 1343 1316 1374 Scal-

1033 1393 1223 1434 Aryleuam]
1250 1393 1360 1424 Lucil.
1386 1393 1395 1409 ⁴
1412 1399 1569 1424 armenas
1596 1399 1630 1425 et
1660 1404 1691 1425 a·

991 1444 1129 1485 qualeS‚'
1175 1445 1303 1475 citante
1341 1443 1508 1475 Charisio.
1554 1443 1691 1474 Glossa-

992 1494 1075 1524 rium
1088 1505 1095 1524 :
1112 1495 1122 1511 ‘
1138 1499 1268 1532 arteria,
1281 1492 1357 1524 εῧος
1371 1492 1518 1533 ποτηρίου
1527 1493 1690 1533 ὀστράκου,

992 1543 1014 1584 ᾧ
1039 1545 1068 1574 οἷ
1093 1543 1252 1584 πρυτάνεις
1268 1545 1299 1574 ἐν
1313 1545 1380 1575 ταῖς
1395 1542 1511 1574 θυσίαις
1525 1545 1659 1584 χρῶνται
1671 1543 1690 1573 :¹

990 1595 1011 1627 i.
1038 1597 1047 1613 ‘
1062 1594 1192 1626 Artena
1215 1604 1318 1634 genus
1338 1594 1424 1624 vasis
1446 1593 1560 1625 fictilis
1577 1603 1642 1635 quo
1659 1602 1691 1625 1..

994 1645 1056 1675 viri
1074 1644 1197 1676 Athen.
1214 1645 1245 1675 in
1261 1644 1432 1675 sacrificiis
1450 1644 1614 1675 utuntur.‘
1645 1644 1692 1674 A·

994 1699 1104 1736 rytena
1112 1696 1181 1726 sive
1197 1695 1308 1734 potius
1316 1698 1469 1734 arytoena,
1481 1694 1613 1724 Graecis
1622 1693 1692 1733 ἀρυ-

994 1744 1096 1785 ταίνα,
1123 1745 1164 1776 ab
1188 1744 1268 1784 ἆρύω
1295 1745 1424 1775 haurio.
1469 1744 1692 1784 Aristopn.in

993 1797 1100 1837 equit.
1119 1796 1170 1827 Sc.
1187 1798 1218 1826 1.
1237 1794 1313 1825 Act.
1331 1804 1387 1825 ιιι.
1415 1795 1475 1824 Τοῦ
1490 1792 1584 1833 δήμου
1599 1805 1693 1824 κατα-

993 1847 1060 1885 χεῖν
1075 1845 1220 1887 ἀρυταίνῃ
1236 1844 1470 1884 πλουθυγίειανε
1503 1847 1512 1863 ‘
1528 1844 1568 1875 In
1586 1854 1693 1885 popu-

993 1897 1060 1926 lum
1087 1895 1266 1926 infundere
1289 1902 1442 1935 aryiaena
1457 1904 1538 1935 opes
1556 1899 1590 1925 et
1608 1895 1694 1925 sani-

994 1945 1121 1976 tatem-¹
1168 1946 1234 1976 Ubi
1262 1945 1378 1977 Scliol.
1401 1950 1499 1975 notat
1523 1948 1695 1985 arytoenam

995 1995 1098 2026 fuisse
1116 2004 1173 2025 vas
1191 2005 1329 2033 aereum,
1346 2004 1411 2035 quo
1428 1995 1538 2025 oleum
1553 1994 1584 2024 in
1602 1995 1695 2033 lych-

994 2055 1052 2076 nos
1081 2044 1317 2075 infundebant.
1363 2044 1509 2076 Quidam
1537 2053 1594 2073 vas
1625 2044 1695 2074 bal-

994 2097 1146 2125 nearinm
1163 2104 1237 2125 esse
1255 2094 1381 2124 dicunt.
1405 2093 1492 2123 Vide
1510 2093 1695 2124 Pollucem.

993 2141 1173 2176 Arutoe'nam
1194 2145 1203 2161 ‘
1219 2143 1437 2175 matulataiu’
1466 2149 1562 2174 vocat
1595 2144 1694 2175 Glos-

993 2197 1126 2227 sarium.
1153 2197 1235 2226 Dae.

1035 2252 1050 2267 ¹²
1073 2244 1271 2286 Asparagus]
1303 2244 1430 2275 Melius
1447 2244 1550 2274 Varr.
1566 2243 1624 2275 lib.
1643 2253 1693 2275 lv.

993 2295 1035 2326 de
1052 2296 1091 2326 L.
1110 2296 1145 2326 L.
1163 2290 1352 2335 ‘Asparagi
1380 2293 1471 2334 quod
1498 2303 1540 2324 ex
1565 2296 1694 2335 asperis

993 2346 1160 2385 virgultis,
1187 2351 1222 2376 et
1249 2345 1313 2384 ipsi
1344 2345 1438 2383 scapi
1468 2346 1578 2384 asperi
1605 2350 1696 2385 sunt,

993 2405 1057 2427 uon
1075 2394 1200 2426 levesz’
1226 2395 1289 2425 nisi
1315 2394 1484 2430 Graecum,
1512 2395 1580 2426 illic
1605 2395 1694 2426 enim

992 2456 1125 2487 quoque
1157 2446 1282 2476 (licitur
1314 2445 1533 2485 ἀσπάραγος;’
1567 2445 1625 2476 sed
1658 2451 1694 2476 et

992 2495 1172 2537 ἀσπάραγον
1180 2497 1210 2526 iu
1218 2495 1579 2536 terpretaturHesych.
1589 2495 1625 2526 ἐκ
1632 2497 1695 2526 τῶν

993 2547 1131 2578 ἀκανθῶν
1142 2546 1294 2586 φυόμενον
1308 2544 1420 2586 τραχὺ,
1435 2545 1523 2586 quod
1542 2555 1584 2576 ex
1600 2555 1694 2586 aspe-

994 2598 1039 2628 ris
1062 2598 1217 2637 virgultis
1233 2606 1388 2637 asperum
1408 2596 1567 2625 nascitur.
1594 2595 1690 2626 Idem.

1034 2653 1050 2668 ³<
1066 2646 1164 2685 Assa]
1191 2647 1322 2678 Nonius
1339 2655 1443 2676 assam
1455 2654 1571 2676 vocem
1590 2645 1691 2677 inter·

993 2702 1148 2739 pretatus
1177 2706 1299 2727 meram
1316 2701 1349 2725 et
1365 2694 1466 2725 solam
1485 2703 1599 2726 vocem
1618 2695 1690 2725 sine
