1835 2906
241 139 327 183 370

674 149 823 182 SEX'H
858 151 1059 182 POMPEll
1095 151 1231 182 FESTI

245 244 417 299 Magis*
445 258 472 287 a
492 244 655 288 Graeco
675 250 824 299 μᾶλλον
845 246 989 288 venit:
1023 246 1198 301 antiqui,
1225 245 1293 286 secl
1323 245 1425 287 alias
1455 245 1684 300 [FEs'rth.

299 313 428 368 magis
448 314 690 369 magistrare
702 330 781 369 pro
802 329 951 371 regere,
983 321 1020 354 et
1041 317 1285 367 temperare
1319 313 1533 356 dicebant.-
1550 319 1568 344 4
1595 328 1685 356 ma-

301 380 542 435 gisterare,k
561 383 735 437 quidam
743 389 905 437 ponunt
922 397 1012 436 pro.
1034 413 1042 422 .
1061 415 1070 424 .
1090 410 1100 420 .

243 448 587 504 Magisterare⁵¹
631 464 790 504 regere,
835 455 878 492 et
927 455 1173 504 temperare
1223 455 1304 490 est.

1395 450 1685 503 Magisterare

299 518 530 569 moderari,
552 519 667 559 unde
687 519 885 571 magistri
904 531 989 559 non
1009 519 1149 559 solum
1169 519 1372 560 doctores
1405 519 1576 567 artium,
1608 518 1685 559 sed

300 585 433 626 etiam
461 598 686 640 pagorum,
709 587 985 635 societatum,
1020 585 1234 636 vicorum,
1258 585 1459 638 collegio·
1509 585 1686 638 [PAUL.

299 666 409 702 rum,
450 654 646 706 equitum
682 652 911 693 dicuntur:
945 653 1047 707 quia
1088 666 1236 694 omnes
1270 653 1314 694 hi
1354 653 1491 705 magis
1531 653 1685 693 ceteris

299 724 513 774 possunt:
545 720 659 761 unde
682 724 724 761 et
747 721 1044 773 magistratus,
1074 721 1149 774 qui
1176 734 1254 774 per
1284 720 1468 774 imperia
1498 721 1688 773 potenti-

300 800 395 829 ores
416 792 530 837 sunt,
553 800 685 841 quam
713 788 886 841 privati.

949 787 1062 838 Quae
1095 801 1183 829 vox
1210 788 1381 829 duabus
1404 788 1687 840 significatio-

300 855 428 895 nibus
448 859 649 895 notatur:
679 868 775 895 nam
797 860 873 895 aut
906 867 1136 908 personam
1159 856 1305 907 ipsam
1335 855 1613 902 demonstrat,
1637 860 1686 895 ut

301 936 401 963 cum
424 922 651 972 dicimus,⁶
675 922 965 975 Magistratus
981 922 1145 976 jussit3
1177 927 1254 963 aut
1275 923 1499 972 honorem,
1516 926 1563 962 ut
1585 935 1686 962 cum

300 990 503 1040 dicimus,
524 990 647 1031 Titio
669 991 953 1043 magistratus
977 991 1110 1031 datus
1133 996 1216 1030 est.

245 1056 544 1110 Magisteria†
562 1057 764 1099 dicuntur
783 1059 825 1098 in
847 1058 1051 1098 omnibus
1072 1058 1218 1107 rebus,
1235 1070 1334 1110 quae
1348 1063 1362 1088 ⁷
1383 1057 1521 1110 magis
1534 1058 1689 1098 ceteris

850 1165 966 1176 eeeeee

971 1164 1085 1176 eeeeee

286 1223 305 1251 4
330 1220 393 1252 Ed.
411 1220 497 1252 Scal.
524 1221 535 1238 ‘
550 1224 740 1260 temperare
758 1221 900 1253 dicebant
916 1231 1044 1258 errare,
1059 1221 1279 1262 quidam.'—5
1304 1222 1383 1252 Vet.
1402 1222 1460 1251 lib.
1477 1221 1690 1258 Magistrare:

243 1266 280 1293 et
306 1273 383 1293 mox
413 1263 547 1305 quidam
578 1263 660 1294 libb.
686 1265 872 1303 magistrare
898 1265 948 1295 vel
976 1264 1235 1304 magistrari.-·6
1259 1266 1365 1296 Vetus
1389 1265 1476 1295 liber
1500 1264 1689 1295 dicisum—7

247 1305 302 1337 ΑΙ.
319 1307 381 1346 qui.

899 1385 1039 1415 NOTAE

243 1455 283 1477 ea
311 1446 385 1477 Osci
409 1447 493 1479 dicti
516 1452 604 1480 sunt.
649 1449 761 1481 Quare
784 1447 940 1478 emenda-

244 1494 294 1526 bis
310 1497 421 1527 obiter
438 1497 521 1527 illud
546 1497 654 1529 Servii
671 1507 734 1529 vu.
759 1497 832 1528 AEn.
853 1497 862 1514 ‘
879 1498 939 1528 Os·

243 1556 403 1587 corumque
432 1557 550 1579 manus.
609 1550 805 1588 Capuenses
841 1548 938 1585 dicit,

244 1598 392 1638 quiante
403 1597 485 1630 Osci
497 1600 661 1640 appellati
673 1599 858 1640 sunt,quod
872 1599 939 1629 iilic

242 1649 378 1689 plurimi
396 1650 612 1682 abundavere
628 1649 828 1691 serpentes!
873 1650 938 1681 Re-

243 1699 365 1738 scribe,
389 1701 442 1740 qui
464 1705 556 1732 antea
584 1702 686 1742 Opici.
735 1700 827 1741 Opici
850 1700 938 1731 enim

243 1749 337 1788 prins
358 1749 442 1782 dicti
470 1752 511 1782 ab
537 1752 616 1792 ὄφις,
641 1761 795 1792 serpens„
840 1752 940 1783 Nune

243 1798 335 1830 Festi
352 1800 455 1831 verba
470 1803 553 1833 satis
575 1808 706 1842 aperta.
731 1803 827 1833 Idem.

284 1848 430 1891 fungis]
446 1851 683 1883 Duriusculum
701 1858 850 1893 etymon.
874 1854 939 1884 Ve—

242 1897 414 1930 risimilior
431 1901 564 1932 videtur
589 1902 658 1934 Jul.
683 1903 847 1943 scaligeri
865 1912 941 1933 sen-

243 1949 362 1985 tentia,
386 1950 441 1991 qui
454 1951 497 1981 ab
514 1951 666 1983 obsoleto
692 1953 846 1992 nmgnz'or,
861 1954 941 1985 eliso

241 2008 275 2035 n,
288 2000 421 2040 magior,
436 2002 538 2040 magis
550 2002 700 2035 deducit.
726 2003 821 2035 laem.

285 2049 301 2070 ¹¹
324 2050 552 2093 Magisterare]
582 2053 715 2084 Deerat
732 2053 878 2093 spatium
899 2053 940 2083 ad

242 2110 284 2132 ea
301 2102 478 2142 rapienda,
495 2112 569 2143 quae
592 2102 876 2134 desiderabantur
898 2112 941 2134 ex

243 2151 360 2182 selred.
373 2152 407 2183 iu
423 2151 489 2183 tine
506 2158 588 2193 puto
604 2153 791 2184 desiderari
809 2158 940 2185 tantum

243 2211 361 2233 vocem
385 2203 502 2242 docere,
526 2203 578 2234 vel
603 2204 767 2234 similem:
793 2210 828 2235 et
847 2210 940 2235 recte

245 2253 380 2293 quidem
412 2256 531 2286 Festus
561 2255 765 2295 magisterare
795 2255 940 2296 antiquis

243 2310 442 2344 usurpatum
472 2305 553 2337 dicit
582 2315 643 2346 pro
673 2315 802 2345 regere,
835 2306 940 2345 impe-

244 2354 331 2385 rium
345 2355 484 2386 hahere.
523 2355 610 2388 Inde
626 2355 658 2386 in
675 2356 786 2387 Gioss.
802 2361 809 2372 ¹
824 2356 941 2395 inagis-

247 2407 313 2442 11‘0,
327 2405 526 2444 πρυτανεύω.’
548 2406 557 2422 ‘
572 2405 821 2445 Magisterlum,
837 2405 941 2446 ἇρχή.’

246 2452 311 2483 Sed
335 2460 453 2494 postea
477 2466 538 2497 pro
563 2457 680 2492 docere,
704 2457 793 2488 unde
820 2458 941 2488 artium

247 2501 405 2534 doctores
423 2506 505 2537 dicti
518 2506 678 2546 magistri.
723 2506 778 2537 Sic
794 2506 941 2547 Spartia-

248 2561 311 2582 nus
326 2553 359 2582 in
376 2553 524 2586 Adriano
547 2561 633 2587 sect.
650 2559 701 2587 10.
724 2558 732 2573 ‘
746 2556 826 2596 Ipse
852 2557 942 2586 inter

248 2604 476 2644 manipulares
494 2607 593 2637 vitam
618 2608 798 2639 militarem
820 2607 941 2647 magis-

249 2653 364 2684 trans!
409 2655 447 2685 Id
463 2662 528 2694 est,
545 2657 681 2688 docens.
704 2658 802 2688 Idem.

292 2704 518 2745 Magisterare]
539 2706 652 2737 Verba
667 2708 771 2748 Festi,
784 2717 856 2748 quae
871 2707 943 2738 liaec

994 1447 1210 1489 praecedunt,
1227 1447 1269 1479 ad
1283 1448 1345 1479 hoc
1359 1446 1496 1478 verbum
1512 1445 1691 1477 referenda

993 1504 1080 1529 sunt.
1106 1501 1183 1530 Ant.
1201 1500 1287 1539 Aug.

1035 1549 1042 1569 ¹
1067 1551 1293 1591 lllagisterare]
1320 1551 1405 1581 Post
1433 1549 1569 1580 verbum
1594 1559 1690 1589 pago-

993 1609 1061 1630 rum
1077 1601 1212 1632 videtur
1237 1601 1427 1632 addendum
1454 1601 1622 1638 curiarum,
1648 1610 1690 1631 ex

993 1650 1129 1685 Plauto,
1146 1651 1202 1692 qui
1219 1651 1301 1682 dicit
1317 1652 1348 1681 iu
1366 1650 1555 1681 Aulularia:
1578 1650 1586 1665 ‘
1602 1651 1691 1680 Nos-

994 1705 1055 1731 trae
1068 1701 1185 1741 quiest
1202 1701 1364 1740 magister
1381 1699 1503 1731 curiae!
1526 1699 1593 1730 Fal.
1615 1700 1690 1730 Urs.

1039 1751 1266 1791 Magisterare]
1292 1752 1383 1782 Male
1401 1751 1526 1781 Paulus
1543 1750 1692 1789 magister

996 1801 1089 1832 ducit
1119 1812 1138 1832 a
1167 1802 1371 1841 magisterare
1397 1802 1448 1832 vel
1481 1801 1689 1840 magistrare,-

995 1861 1071 1883 cuin
1107 1858 1227 1883 contra
1264 1853 1465 1891 magisterare
1496 1861 1513 1882 a
1542 1852 1692 1890 magister

996 1903 1121 1934 dictum
1138 1904 1193 1934 sit.
1238 1905 1322 1934 Erat
1337 1908 1448 1934 autem
1475 1902 1611 1943 proprie
1628 1913 1692 1933 ma-

993 1954 1108 1993 gister,
1132 1954 1331 1994 praefectus,
1354 1955 1486 1987 Graecis
1511 1953 1691 1992 ἐπιστάτης,

995 2009 1033 2035 ut
1050 2004 1228 2043 ‘magister
1244 2014 1404 2045 pagorum
1420 2003 1427 2015 ’
1452 2005 1482 2034 in
1501 2004 1692 2043 inscriptio-

995 2054 1105 2093 nibus,
1144 2056 1152 2071 ‘
1165 2054 1373 2085 Societatum
1389 2053 1397 2065 '
1432 2053 1520 2093 apud
1558 2053 1692 2084 Cicero-

995 2114 1072 2135 nem
1100 2114 1162 2144 pro
1190 2104 1341 2143 Plancio,
1371 2102 1578 2133 ‘Vicorum’
1602 2103 1691 2143 apud

996 2155 1190 2185 Suetonium
1208 2154 1238 2183 in
1250 2153 1419 2193 Augusto,
1432 2158 1439 2171 ‘
1451 2153 1692 2193 Collegiorum'

996 2204 1086 2244 apud
1106 2203 1299 2239 Asconium,
1316 2202 1513 2243 ‘Equitum’
1530 2204 1619 2244 apud
1639 2205 1692 2235 Li-

996 2255 1096 2293 vium,
1107 2255 1305 2293 Varronem,
1317 2258 1351 2285 et
1362 2254 1455 2284 alios.
1480 2253 1566 2284 Inde
1579 2259 1611 2284 et
1623 2264 1692 2284 ma-

997 2305 1223 2345 g1strinomen
1233 2304 1366 2335 honoris
1376 2304 1606 2335 causaartium
1617 2304 1695 2334 doc-

998 2356 1125 2387 toribus
1142 2356 1258 2386 datum
1274 2355 1379 2386 videri
1398 2360 1533 2395 potest;
1550 2359 1586 2385 ut
1602 2354 1691 2394 apud

998 2405 1130 2436 Livium
1146 2406 1166 2435 Ι.
1181 2414 1213 2436 v.
1227 2410 1311 2436 sect.
1326 2408 1378 2436 27.
1424 2404 1509 2435 Inde
1525 2403 1535 2420 ‘
1549 2403 1691 2442 publicat

996 2456 1266 2495 magistrationes
1284 2455 1291 2468 ’
1315 2457 1348 2486 in
1379 2455 1496 2486 codice
1523 2453 1691 2484 Theodos.

996 2514 1021 2536 1.
1036 2505 1157 2536 scliolae
1175 2505 1332 2545 publicae.
1378 2503 1408 2535 A
1424 2502 1625 2541 magisterare
1639 2508 1691 2533 est

995 2556 1210 2595 magistratus,
1233 2565 1296 2586 non
1324 2564 1401 2585 vero
1423 2564 1442 2584 a
1462 2553 1610 2591 magister
1633 2553 1691 2583 im-

996 2606 1156 2641 mediate,
1175 2612 1211 2636 ut
1229 2606 1359 2645 putavit
1374 2605 1493 2634 Varro.
1519 2603 1596 2633 Dae.

1040 2662 1053 2690 †
1078 2654 1285 2694 Magisteria]
1321 2652 1435 2683 Verba
1459 2653 1550 2683 Festi
1575 2661 1616 2682 ex
1641 2652 1690 2682 liis

996 2705 1097 2738 Pauli
1121 2705 1231 2736 verbis
1261 2703 1446 2743 intelliges:
1475 2701 1691 2733 addebantur
