1835 2906
233 116 317 156 466

667 118 810 150 SEXTi
847 118 939 147 Psi-M
951 114 1047 147 ΡΕῙΙ
1084 113 1217 143 FESTI

293 220 358 269 sit,
390 232 477 258 cum
496 215 537 258 in
558 213 804 269 Hispaniam
820 210 1155 266 prfficisceretur,
1177 220 1272 248 cum
1297 207 1370 256 ait,
1391 206 1550 246 navitae
1568 201 1676 258 quoti

294 300 420 327 secum
452 289 716 339 portaverant
753 283 898 323 vinum
938 281 1065 329 atque
1103 275 1265 324 oleum,
1307 287 1399 314 usus
1439 278 1597 312 tantum
1631 285 1672 310 eo

294 369 392 394 sum.

242 424 285 465 N
290 423 435 464 auscit
455 434 556 462 cum
576 432 750 471 granum
767 416 776 438 ¹
793 414 913 471 fabae
937 428 976 454 se
1007 411 1141 467 aperit
1171 408 1357 451 nascendi
1389 408 1540 462 gratia,
1555 405 1673 460 quod

301 491 359 531 sit
376 495 408 520 ¹⁷
438 501 529 529 non
549 484 753 528 dissimile
776 480 1064 538 navisformae.

243 557 438 601 Nauscit
455 569 553 596 cum
575 566 751 606 granum
772 552 889 592 fabae
913 563 959 590 se
980 546 1189 590 nascendi
1209 545 1351 598 gratia
1372 556 1473 597 ape·
1499 542 1677 596 [PAUL.

297 626 365 673 rit,
400 623 519 678 quod
544 623 599 662 sit
617 634 703 661 non
724 618 937 660 dissimile
959 616 1087 658 navis
1108 614 1274 655 formae.

244 691 604 738 Naustibulum‚¹¹¹
628 688 802 727 alveum
825 686 879 726 ad
899 685 1027 726 navis
1049 680 1374 723 similitudinem
1395 678 1575 719 factum.

245 758 561 801 Naustibulum
578 765 591 792 †
628 755 847 795 vocabant
882 751 1051 805 antiqui
1085 762 1167 791 vas
1189 747 1305 789 alvei
1325 745 1484 796 simile,
1518 744 1680 799 [FEST.

300 826 473 866 videtur
496 823 528 847 ¹⁸
561 835 588 863 a
607 821 735 862 navis
758 819 1063 861 similitudine.

245 892 426 934 Nautea
446 896 463 913 ¹¹
483 890 619 931 herba
639 888 780 941 granis
807 886 954 938 nigiis,
975 897 1063 938 qua
1083 881 1256 924 coriarii
1276 884 1470 930 utuntur,
1508 880 1683 934 [PAUL.

302 973 328 1000 a
350 971 462 1000 nave
482 963 513 989 ¹9
543 957 724 997 ductum
744 967 917 1003 nomen,
949 952 1055 1005 quia
1085 961 1297 991 nauseam
1328 948 1437 989 facit
1461 951 1681 1001 permuta-

303 1028 420 1067 tione
437 1025 476 1065 T
497 1025 540 1065 in
563 1024 648 1064 S-20

251 1092 491 1134 Nauteam⁰
522 1090 581 1130 ait
621 1089 787 1144 Opilius
822 1087 1031 1129 Aurelius
1061 1086 1198 1127 herbae
1230 1097 1355 1139 genus
1395 1095 1471 1123 esse
1519 1082 1685 1136 [FEST.

300 1158 444 1215 granis
477 1157 620 1211 vzig7·i3‚
651 1170 741 1210 qua
769 1155 942 1197 coriarii
975 1158 1169 1203 utuntur,
1200 1152 1311 1206 cujus
1331 1149 1461 1191 videri
1483 1164 1508 1189 α
1538 1162 1686 1190 nausea

304 1227 478 1267 ductum
512 1237 684 1273 nomen,
712 1224 818 1277 quia
842 1235 1053 1263 nauseam
1086 1220 1185 1261 facit
1208 1217 1507 1273 permutatione
1538 1214 1576 1256 T
1590 1223 1628 1256 et
1655 1217 1686 1256 S

303 1294 544 1342 literarum,
560 1292 672 1332 inter
693 1289 966 1331 medicamina
985 1287 1162 1343 antiquis
1185 1292 1368 1327 consueta
1391 1283 1529 1339 refert.
1571 1284 1690 1326 Pau-

854 1437 987 1449 eeeeeee

991 1436 1086 1447 00000

294 1538 332 1566 17
350 1535 412 1567 Ed.
428 1535 640 1576 Scal.fit.—-†
670 1533 754 1564 Haec
773 1532 876 1564 verba
891 1533 1025 1574 quidem
1043 1536 1120 1563 sunt
1137 1532 1245 1569 Festi,
1261 1530 1321 1561 sed
1337 1539 1403 1562 non
1420 1538 1464 1561 ex
1481 1529 1618 1569 antiqno
1633 1527 1692 1558 lib.

250 1581 334 1609 -18
358 1579 436 1608 Vet.
462 1578 518 1608 lib.
543 1587 603 1617 pro
629 1577 749 1607 videtur
771 1576 876 1607 habet
899 1577 961 1606 vid.
985 1585 1046 1616 pro
1075 1575 1236 1606 videlicet:
1262 1573 1359 1610 bene,
1383 1577 1542 1605 censente
1567 1571 1695 1602 Dae.—

253 1624 292 1651 19
315 1621 394 1652 Vet.
411 1621 470 1652 lib.
484 1622 694 1651 nausea—20
717 1620 795 1650 Vet.
814 1618 872 1650 lib.
889 1623 914 1650 t.
930 1623 958 1649 et
975 1628 998 1650 s,

908 1748 1046 1781 NOTAE

296 1836 303 1857 ¹
323 1836 453 1867 Nuuscit
467 1845 535 1866 cum
548 1835 696 1875 granum]
712 1835 855 1875 Nauscit,
870 1845 949 1876 qua—

255 1887 283 1918 si
298 1887 446 1926 nacescit,
462 1886 532 1916 sive
548 1885 693 1925 naviscit,
713 1886 746 1915 in
772 1885 865 1915 navis
883 1884 951 1915 for-

255 1946 341 1967 mam
358 1945 430 1966 sese
454 1936 573 1975 aperit.
620 1936 695 1966 Nisi
714 1936 823 1976 potius
839 1936 952 1975 legen-

256 1985 334 2016 dum
362 1986 479 2024 nuncil,
510 1995 528 2015 a
551 1986 651 2025 nauci,
675 1985 761 2026 quod
787 1991 836 2017 est
864 1986 951 2017 fabae

256 2036 371 2075 hilum,
407 2035 478 2065 sive
508 2034 597 2066 fabae
627 2045 779 2075 granum,
811 2045 885 2066 cum
917 2045 953 2066 sc

256 2085 377 2126 aperit.
402 2085 501 2116 Idem.

300 2141 322 2156 m
339 2136 574 2177 Naustibulum]
599 2137 746 2167 Videtur
770 2138 881 2177 potius
897 2147 954 2167 na-

261 2186 349 2217 vium
388 2186 567 2217 stationem
602 2186 822 2227 significasse,
861 2187 956 2227 qnasi

259 2237 393 2267 navium
410 2236 598 2267 stabulum:
618 2242 653 2267 ut
667 2237 787 2267 Graece
805 2236 955 2268 ναύσταθ-

260 2298 326 2325 μος,
342 2286 437 2327 quasi
454 2287 533 2316 ναῶν
550 2284 695 2324 σταθμός.
722 2286 818 2318 Idem.

308 2335 542 2376 Naustibulum]
568 2337 656 2367 Puto
681 2337 792 2376 potius
822 2346 863 2368 eo
887 2336 956 2368 ναύ-

261 2389 397 2425 σταθμον
412 2387 603 2427 significari.
628 2388 697 2418 Jos.
713 2387 795 2418 Scal.

307 2442 321 2456 ¹¹
346 2437 484 2477 Nautea]
500 2438 635 2468 Citatur
654 2438 794 2468 Plautus
812 2437 843 2468 in
858 2436 956 2467 Arte-

265 2495 374 2524 mone,
390 2497 463 2527 quae
479 2487 643 2518 comoedia
658 2496 722 2517 non
739 2491 848 2518 extat.
878 2487 957 2517 Cre-

266 2536 309 2566 do
326 2536 427 2566 etiam
441 2547 482 2567 ex
504 2537 706 2568 Curculione
727 2537 819 2567 illum
844 2535 959 2567 afferri

268 2595 416 2617 versum:
455 2587 464 2603 ‘
482 2587 567 2618 Nam
604 2587 750 2619 omnium
781 2587 863 2619 odor
899 2596 957 2617 uu-

1007 1840 1164 1875 guentum
1183 1843 1251 1873 prae
1269 1837 1326 1864 tuo
1343 1836 1466 1864 nautea
1489 1832 1572 1863 est2’
1597 1835 1632 1864 et
1656 1840 1698 1862 ex

1007 1885 1148 1916 Casina:
1173 1888 1182 1901 ⁴
1198 1885 1238 1915 Ei
1269 1894 1330 1925 pro
1355 1889 1468 1916 scorto
1489 1888 1700 1924 supponetur

1006 1936 1117 1966 hircus
1135 1941 1255 1965 unctus
1272 1933 1416 1966 nautea!
1440 1934 1515 1964 Ant.
1530 1933 1614 1972 Aug.

1051 1985 1193 2025 Numen]
1224 1985 1368 2025 Proprie
1395 1993 1482 2025 aqua
1512 1992 1530 2014 e
1559 1982 1701 2014 sentina.

1008 2036 1070 2066 Est
1086 2041 1120 2066 et
1137 2035 1254 2074 liei-ba,
1268 2045 1333 2076 qua
1352 2033 1484 2065 coriarii
1503 2037 1641 2064 utuntur
1658 2031 1699 2062 ad

1008 2085 1182 2126 ‹lepsenda
1193 2090 1227 2116 et
1240 2084 1425 2124 depilanda
1437 2083 1538 2114 coria.
1564 2083 1591 2112 A
1606 2083 1701 2113 Grae-

1008 2147 1047 2168 co
1062 2135 1186 2168 ναυτέα.
1221 2136 1333 2167 Gloss.
1347 2137 1356 2152 ‘
1372 2135 1519 2171 Nautea,
1535 2132 1613 2171 ὀσμὴ
1628 2131 1701 2173 βύρ-

1009 2185 1088 2225 σης,’
1103 2187 1112 2202 ‘
1127 2185 1211 2217 odor
1227 2185 1334 2217 corii!
1356 2185 1435 2216 Dae.

1050 2241 1064 2256 0
1088 2234 1259 2274 Nauteam]
1282 2235 1365 2265 Cum
1383 2234 1432 2264 ait
1448 2233 1605 2264 Plautum
1623 2241 1703 2263 nau-

1011 2289 1097 2318 team
1118 2286 1207 2317 intei·
1229 2284 1450 2316 medicamina
1466 2283 1632 2323 retulisse,
1651 2292 1704 2313 ve-

1011 2346 1086 2367 reor
1116 2345 1157 2366 ne
1185 2335 1311 2366 frustra
1339 2335 1395 2369 sit,
1419 2342 1507 2372 nam,
1531 2342 1572 2363 ex
1594 2332 1704 2363 allatis

1010 2386 1127 2417 Plauti
1144 2386 1238 2424 loeis,
1254 2385 1336 2415 nihil
1360 2383 1450 2414 aliud
1473 2382 1624 2422 colliges,
1641 2382 1704 2411 nisi

1011 2441 1168 2468 nauteam
1206 2445 1277 2466 esse
1321 2434 1457 2465 odorem
1495 2432 1704 2464 teterrimum

1012 2487 1081 2516 sive
1107 2495 1148 2516 ex
1171 2495 1258 2527 aqua
1278 2484 1434 2525 sentinae,
1459 2482 1528 2515 sive
1544 2491 1585 2514 ex
1602 2481 1708 2520 corio,

1012 2538 1077 2569 ἃς.
1100 2536 1193 2567 Idem.
