1835 2906
343 152 405 182 DE
440 151 717 188 VERBORUM
751 150 1158 182 SIGNIFICATIONE
1193 152 1286 182 LIB.
1318 153 1384 182 Vl.

1499 141 1584 184 269

138 248 379 290 Flaminius
403 247 643 290 Camillusc
671 261 778 302 puer
809 247 1038 288 dicebatur
1067 248 1278 300 ingenuus
1309 247 1520 300 patrimes
1542 251 1588 288 et

192 316 448 364 matrimes‚⁸
470 316 546 369 qui
570 316 762 357 Flamini
784 314 908 357 Diali
941 315 997 355 ad
1027 313 1244 354 sacrificia
1272 315 1585 368 praeministra-

194 385 295 425 bat:
324 384 492 438 antiqui
527 385 640 424 enim
670 383 891 424 ministros
918 381 1119 423 camillos
1142 381 1357 423 dicebant.

1417 381 1507 424 Alii
1524 383 1588 424 di·-

194 454 298 492 cunt
319 465 468 492 omnes
490 465 649 505 pueros
674 452 728 492 ab
746 450 938 504 antiquis
961 449 1161 491 camillos
1182 449 1448 502 appellatos,
1471 452 1588 491 sicut

193 520 372 560 habetur
401 520 444 559 in
482 520 666 573 antiquo
704 519 908 566 carmine,
938 530 1039 559 cum
1060 522 1187 570 pater
1214 516 1308 556 filio
1330 517 1383 556 de
1404 518 1589 569 agricul-

194 591 290 627 tura
312 587 603 640 praeeiperet:‚
627 586 828 626 Hiberno
857 585 1053 639 pulvere,
1086 597 1216 624 veruo
1259 584 1370 632 luto,
1407 583 1589 636 grandia

194 656 326 704 farra,
350 654 551 703 Camille,
573 659 728 694 metes.

140 724 387 765 Flaminius
406 724 552 763 circus
574 726 618 763 et
638 721 713 763 via
736 718 984 761 Flaminiad
1008 733 1034 761 a
1057 719 1272 760 Flaminio
1296 718 1477 758 consule
1499 717 1590 758 dic-

197 799 242 832 ta
263 795 374 841 sunt,
392 791 469 845 qui
485 791 539 831 ab
554 788 779 830 Annibale
799 788 1059 830 interfectus
1085 791 1150 828 est
1176 786 1229 828 ad
1252 787 1400 827 lacum
1415 785 1592 825 Thrasi-

196 873 381 900 menum.

142 927 388 968 Flaminius
417 927 568 968 lictore
605 931 686 975 est,
719 927 794 979 qui
830 925 1018 965 Flamini
1049 923 1170 964 Diali
1201 933 1424 964 sacrorum
1456 933 1592 961 causa

203 1000 365 1048 praesto
388 999 468 1036 est.

148 1059 329 1111 Flator,f
345 1063 526 1103 tibicen.

145 1130 370 1171 Fleminag
393 1130 613 1179 dicuntur,
637 1142 735 1170 cum
756 1141 811 1168 ex
834 1127 983 1167 labore
1006 1127 1090 1167 viae
1109 1125 1289 1178 sanguis
1308 1124 1461 1165 defluit
1477 1124 1594 1165 circa

202 1198 332 1239 talos.

748 1291 885 1304 eeeeeee

188 1385 207 1414 S
224 1382 290 1414 Alii
309 1382 387 1413 libb.
409 1383 562 1422 patrimus
577 1385 605 1413 et
622 1382 793 1413 matrimus.

889 1291 987 1302 eeeee

804 1490 942 1522 NOTAE

146 1566 263 1596 domus
301 1565 476 1605 Flaminis,
515 1565 680 1606 quomodo
720 1565 843 1596 dicitur

144 1619 153 1633 ‘
174 1616 357 1647 Flaminius
375 1615 558 1652 Camillus‚'
575 1620 610 1647 et
635 1617 644 1632 ‘
658 1615 843 1646 Flaminius

146 1666 269 1697 lictor!
327 1665 429 1706 Apud
457 1666 617 1696 Ovidium
647 1665 679 1695 in
712 1664 841 1695 Fastis:

148 1719 156 1734 ‘
177 1717 256 1756 Ipse
283 1726 343 1756 ego
370 1717 536 1747 Flaminia
564 1721 760 1757 poscentem
780 1716 843 1745 Fe-

150 1767 232 1796 brua
273 1767 351 1802 vidi,
391 1766 526 1797 Februa
562 1766 716 1807 poscenti
748 1765 848 1806 pinea

150 1817 244 1855 virga
264 1815 346 1846 (iata
361 1815 434 1846 est!
468 1816 645 1855 Flaminia,
661 1826 703 1846 ex
720 1815 848 1846 aedibus

150 1866 322 1897 Flaminis.
382 1866 437 1896 Ita
466 1867 606 1906 legimus
636 1866 724 1905 apud
766 1866 847 1897 Ovi.

150 1916 254 1955 dium,
273 1926 334 1957 pro
352 1926 404 1954 en,
424 1916 514 1957 quod
530 1916 628 1947 hodie
647 1915 847 1946 Flaminiam.

151 1967 260 1997 Idem.

196 2017 360 2048 flaminiae
376 2016 473 2056 oetles]
496 2016 661 2056 Scaliger,
681 2016 848 2055 Flaminia,

150 2069 230 2098 cedes
258 2067 410 2098 Flaminis
434 2066 551 2097 Dialis.
597 2066 751 2106 Optime,
775 2066 849 2097 Fla-

151 2118 249 2149 minia
264 2118 352 2148 enim
367 2117 520 2147 absolute
534 2116 723 2147 dicebatur.
747 2115 850 2147 Ovid.

153 2177 194 2199 11.
209 2168 301 2199 Fast.
325 2173 333 2185 ‘
352 2167 430 2208 Ipse
447 2176 512 2207 ego
529 2166 694 2197 Flaminia
709 2175 849 2206 poscen-

154 2224 221 2249 tem
255 2219 389 2250 Februa
417 2218 499 2257 vidi,
528 2217 662 2248 Februa
693 2218 851 2258 poscenti

155 2270 253 2308 pinea
281 2270 374 2309 virga
402 2269 481 2299 data
509 2268 584 2300 est!
630 2269 740 2300 Prout
762 2270 850 2300 bunc

154 2319 264 2349 locum
289 2319 439 2350 restituit
466 2319 554 2350 idem
577 2319 750 2360 Scaliger:
777 2320 850 2351 Fla-

155 2368 264 2407 minia,
293 2368 327 2398 id
358 2373 422 2408 est,
447 2378 489 2399 ex
519 2369 647 2400 aedibus
680 2370 852 2401 Flaminis.

156 2420 236 2449 Duc.

198 2474 211 2489 ⁰
226 2469 399 2500 Flaminius
416 2467 582 2507 Camillus]
600 2468 689 2500 Vide
707 2469 715 2486 ‘
731 2469 856 2500 Camil-

157 2519 232 2551 lus.⁷
257 2520 354 2551 Mem.

201 2568 215 2589 ¹¹
243 2570 415 2600 Flaminius
439 2569 539 2600 circus
561 2572 591 2599 et
613 2568 666 2598 via
682 2567 856 2608 Flaminia]

160 2619 246 2650 Livii
262 2621 402 2660 epitom.
427 2619 484 2649 lib.
503 2627 566 2650 xx.
591 2620 599 2636 ‘
620 2619 657 2650 C.
672 2618 857 2649 Flaminius

162 2671 290 2701 Censor
316 2672 400 2702 viam
422 2671 619 2701 Flaminiam
646 2670 799 2708 munivit,
824 2674 859 2701 et

162 2721 288 2751 circum
309 2721 507 2752 Flaminium
525 2720 716 2752 exstruxit)
741 2720 858 2751 Circus

900 1562 1095 1597 Flaminius,
1127 1561 1181 1602 qui
1208 1563 1243 1590 et
1266 1558 1474 1599 Apollinaris
1493 1557 1535 1588 ab
1552 1557 1599 1588 A·

898 1614 1031 1655 pollinis
1061 1613 1190 1651 templo
1214 1611 1324 1642 dictus
1342 1610 1382 1640 ab
1401 1608 1473 1639 aede
1489 1609 1599 1639 sancti

900 1663 1021 1704 Angcli
1041 1663 1072 1693 in
1090 1662 1241 1700 Piscina,
1257 1661 1298 1691 ad
1322 1669 1477 1700 campum
1495 1668 1601 1699 usque

903 1714 1071 1754 Agonium
1104 1717 1294 1753 protensus.
1353 1710 1419 1740 Via
1442 1708 1602 1740 Flaminia

904 1775 964 1804 per
1002 1764 1188 1795 Heu-uscos
1238 1761 1393 1793 Aretium
1442 1759 1602 1791 ducebat.

904 1816 1003 1846 Idem.

945 1871 958 1885 θ
986 1864 1157 1896 Flaminius
1184 1861 1291 1901 lictor]
1327 1861 1427 1891 Hunc
1459 1858 1603 1890 Ovidius

903 1916 1062 1955 intelligit
1094 1923 1132 1945 11.
1164 1914 1259 1944 Fast.
1298 1912 1478 1951 ‘Quaeque
1510 1910 1604 1950 capit

903 1967 1004 1997 lictor
1042 1964 1197 1996 domibus
1248 1963 1445 2003 purgamina
1487 1962 1604 1998 certis,

903 2015 1049 2047 Torrida
1079 2025 1156 2045 cum
1192 2014 1280 2044 mica
1310 2012 1412 2048 farra,
1441 2016 1605 2042 vocantur

904 2067 1017 2098 idem.’
1043 2067 1143 2097 Idem.

947 2117 961 2136 f
985 2115 1106 2155 Flalor]
1124 2113 1332 2147 Glossarium
1349 2123 1356 2143 :
1379 2112 1387 2129 ‘
1406 2112 1483 2142 Flat
1497 2110 1607 2149 flator,

904 2170 990 2211 φυσᾷ
1004 2166 1164 2205 nummis)
1199 2164 1370 2197 Arnobius
1385 2163 1472 2193 libro
1488 2172 1607 2193 secun-

904 2220 967 2252 do:
992 2221 1001 2237 ‘
1019 2219 1128 2253 Tibia,
1145 2217 1344 2255 calamoque
1360 2212 1506 2244 flantes.'
1538 2213 1606 2243 Ve-

906 2275 997 2301 teres
1014 2269 1167 2300 Glossae:
1194 2268 1202 2284 ‘
1218 2263 1374 2302 Αὐλητὴς,
1395 2262 1507 2302 flator,
1530 2262 1608 2293 tibi-

906 2319 1064 2351 cinator.’
1085 2319 1154 2349 Jos.
1172 2317 1256 2347 Scal.

950 2375 965 2397 ἕ
990 2367 1148 2407 Flemina]
1182 2365 1344 2397 Placidus
1380 2364 1411 2394 in
1454 2362 1607 2393 Glossis:

907 2419 1132 2451 ‘Fleminum,
1157 2420 1298 2452 vestem,
1323 2413 1355 2443 in
1380 2422 1447 2453 qua
1474 2411 1609 2452 sanguis

911 2467 1114 2501 ambulando
1140 2467 1174 2497 in
1199 2466 1304 2506 pedes
1331 2462 1475 2494 defluit.’
1521 2463 1609 2493 Vide

910 2519 996 2550 iufra
1014 2519 1047 2548 in
1065 2519 1074 2534 ‘
1089 2515 1224 2547 Tama?
1248 2519 1283 2546 et
1299 2523 1402 2555 supra
1428 2514 1460 2544 in
1490 2514 1500 2530 ‘
1514 2512 1609 2544 Boa.'

913 2569 986 2600 Ful.
1007 2567 1114 2598 Ursin-

956 2616 1113 2656 Flemz'nu]
1132 2617 1262 2656 Caper:
1282 2616 1291 2632 ‘
1306 2614 1458 2646 Flemina
1474 2617 1537 2648 est,
1554 2613 1610 2644 ubi

912 2668 1086 2699 abundant
1118 2675 1217 2697 crura
1241 2664 1427 2706 sanguine)
1473 2664 1611 2694 Vossius

914 2719 1052 2750 deducit
1084 2729 1102 2749 a
1132 2715 1307 2757 φλεγμονὴ,
1339 2716 1371 2746 id
1396 2721 1457 2751 est,
1489 2720 1610 2746 tumor.
