1835 2906
238 101 323 145 482

685 109 835 142 SEXTI
867 108 1070 140 POMPEII
1104 108 1243 140 FESTI

297 212 347 248 ut
369 205 459 255 alii,
482 203 665 246 Romuli
697 204 824 246 morti
855 203 1135 252 destinatum,
1157 203 1238 245 sed
1268 217 1353 244 non
1383 216 1467 245 usu
1497 205 1683 256 obvenit,

298 280 342 313 uc
361 273 419 314 ibi
438 272 682 328 sepeliretur,
700 271 770 314 sed
789 271 1047 313 Faustulum
1066 270 1286 312 nutritium
1303 272 1386 327 ejas
1399 270 1458 312 ibi
1479 271 1679 325 sepultum

283 340 432 395 faisse,
453 347 492 381 et
512 338 769 383 Quintilium
784 352 914 382 avum
929 338 986 379 Ti
990 367 1216 380 ......
1246 339 1316 394 qui
1336 343 1484 393 partes
1501 339 1684 381 Romuli

295 409 567 463 sequebatur,
587 409 714 463 cujus
732 406 899 449 familia
921 404 1031 447 dicta
1063 404 1271 449 Quintilia
1298 406 1429 461 juxta
1449 405 1688 461 appellatio-

296 491 388 518 nem
408 476 526 532 qutw

240 544 400 594 Nihili,
421 544 497 598 qui
515 557 597 585 nec
616 543 696 585 hili
717 542 895 597 quidem
918 546 1007 584 est.

240 612 493 665 NinguluS,t
511 611 672 652 nullus.

296 679 457 720 mederi
475 681 622 732 queat.

733 609 929 651 Marcius
962 612 1122 651 vates:
1162 609 1234 650 Ne
1262 607 1471 662 ningulus
1506 606 1690 661 [PAUL.

241 747 478 800 Ningulus,
507 746 666 794 nullus,
696 747 746 786 ut
767 742 936 785 Ennius
966 742 1081 784 libro
1117 744 1343 785 secundo:
1389 742 1480 794 Qui
1519 740 1682 793 [FEST-

295 814 407 854 serro
431 812 659 854 minitere:
691 815 827 864 atque
847 810 892 851 in
913 814 956 851 te
981 810 1183 864 ningulus
1204 811 1369 852 mederi
1391 815 1535 864 queat.

241 879 409 933 Niquis
441 880 603 920 scivitu
635 878 832 920 centuria
853 881 933 926 est,
966 890 1067 931 quae
1103 878 1263 920 dicitur
1299 891 1327 919 a
1357 878 1512 919 Servio
1533 875 1686 918 Tullio

850 996 986 1009 ‘‘‘‘‘‘‘

990 996 1087 1009 eeeee

283 1091 303 1118 9
327 1086 391 1118 Ed.
407 1087 495 1118 Scau.
513 1087 571 1117 ‘Ti
589 1107 698 1118 .....
715 1086 767 1126 qui
790 1086 886 1126 cnjus
902 1084 1031 1117 familia
1055 1085 1140 1117 dicta
1160 1085 1319 1122 Quintilia
1339 1084 1436 1122 juxta
1458 1083 1691 1125 appellationem

241 1129 305 1169 ejas
317 1134 422 1171 partes
441 1129 564 1161 Romuli
579 1127 786 1169 sequebatur!

894 1215 1036 1248 NOTAE

242 1292 344 1329 riunt,
374 1294 410 1321 et
439 1290 577 1320 lacunas
619 1289 759 1330 explere
790 1295 942 1330 possunt,

243 1341 421 1372 adducam.
448 1338 614 1378 Loquitur
631 1343 743 1369 autem
760 1339 802 1370 de
819 1349 943 1379 pugna,

242 1400 318 1430 quae
348 1390 437 1420 inter
454 1388 635 1419 Romulum
652 1393 686 1419 et
707 1389 848 1420 Remum
865 1389 942 1425 fuit,

241 1439 275 1470 in
292 1449 359 1480 qna
378 1438 479 1469 etiam
497 1437 625 1469 Remus
643 1438 791 1469 interiit:
819 1440 852 1470 ἐν
867 1439 942 1470 ταύ-

241 1501 280 1530 τῃ
296 1488 374 1529 φασί
396 1499 477 1519 τινες
498 1488 545 1528 τῇ
564 1486 651 1528 μάχῃ
678 1487 735 1518 τὸν
750 1488 943 1528 Φαυστύλον,

240 1539 275 1571 ὃς
301 1538 481 1580 ἐξεθρέψατο
496 1537 570 1569 τοὺς
598 1537 786 1579 νεανίσκους,
801 1539 944 1571 διαλῦσαι

241 1589 304 1628 τὴν
327 1589 397 1630 ιἔριν
419 1591 481 1620 τῶν
506 1589 651 1628 ἀδελφῶν
676 1588 880 1629 βουλόμενον,
904 1590 943 1620 ὡς

243 1639 331 1671 οὐδὲν
341 1639 403 1673 οἶός
417 1639 447 1669 τ’
463 1638 501 1676 ἣν
516 1638 636 1675 ἀνύσαι,
653 1637 696 1670 εἷς
713 1639 826 1677 μέσους
842 1642 943 1671 ὤσασ-

243 1692 291 1721 θαι
317 1690 390 1721 τοὺς
419 1689 614 1729 μαχομένους
638 1689 786 1729 ἄνοπλον,
811 1690 944 1721 θανάτου

241 1741 297 1771 τοῦ
335 1740 490 1780 ταχίστου
539 1741 650 1779 τυχεῖν
687 1740 943 1781 προθυμούμενον,

242 1789 315 1829 ὅπερ
332 1789 471 1828 ἐγένετο.
495 1788 577 1820 τινὲς
607 1789 639 1820 δὲ
665 1789 716 1820 καὶ
746 1790 803 1821 τὸν
830 1790 945 1822 λέοντα

241 1838 297 1868 τὸν
320 1839 448 1878 λίθινον,
481 1839 515 1870 ὃς
545 1838 644 1870 ἔκειτο
665 1840 721 1877 τῆς
751 1840 866 1881 ἀγορᾶς
888 1843 946 1879 τῆς

241 1891 304 1920 τῶν
318 1889 472 1927 Ῥωμαίων
487 1889 520 1920 ἐν
534 1891 579 1930 τῷ
592 1891 745 1930 κρατίστῳ
762 1893 863 1932 χωρίῳ
889 1905 946 1922 πα-

241 1941 279 1979 ρὰ
307 1941 372 1971 τοῖς
401 1940 558 1980 ἐμβόλοις,
591 1941 640 1972 ἐπὶ
666 1943 714 1981 τῷ
746 1943 864 1981 σώματι
889 1944 946 1974 τοῦ

242 1990 426 2021 Φαυστύλου
454 1991 577 2028 τεθῆναί
601 1998 708 2032 φασιν,
736 1992 807 2024 ἔνθα
832 1993 943 2025 ἔπεσεν

243 2040 300 2070 ὑπὸ
326 2042 388 2071 τῶν
401 2041 549 2081 εὑρόντων
574 2042 738 2082 ταφέντος.
785 2043 876 2075 Acro
892 2044 942 2075 in-

243 2095 376 2131 terpres
392 2096 487 2122 vetus
505 2091 652 2128 Horatii,
668 2094 701 2124 in
716 2094 851 2134 Epodos
871 2094 942 2126 Ho-

243 2142 321 2173 ratii
337 2152 344 2172 ε
379 2143 388 2159 ‘
408 2142 516 2174 Varro
534 2153 596 2184 pro
614 2145 732 2176 rostris
749 2146 943 2186 sepulcrum

244 2190 382 2222 Romuli
399 2192 508 2223 dixit:
532 2193 588 2224 ubi
604 2194 705 2225 etiam
724 2195 757 2225 in
781 2195 878 2235 hujus
895 2196 944 2227 rei

243 2241 441 2273 memoriam
459 2242 541 2273 duos
558 2244 672 2275 leones
689 2250 823 2276 erectos
841 2245 943 2277 fuisse

243 2297 378 2323 constat
398 2303 405 2323 :
421 2292 508 2323 unde
525 2291 653 2324 factum
670 2299 735 2333 est,
750 2300 787 2325 ut
805 2305 864 2336 pro
876 2305 943 2327 ros-

244 2343 305 2372 tris
322 2343 444 2374 mortui
461 2344 704 2376 laudarentur!
728 2347 798 2377 Jos.
816 2346 900 2378 Scal.

288 2392 501 2433 Niger-lapis]
525 2394 576 2425 De
593 2395 770 2432 Quintilio,
794 2397 851 2436 qui
877 2397 942 2428 Ro-

245 2442 324 2472 muli
341 2448 454 2482 partes
467 2444 686 2485 sequebatur,
697 2450 732 2476 et
749 2457 767 2477 a
779 2456 846 2487 quo
860 2446 944 2478 dicti

247 2492 414 2532 Quintilii,
430 2494 506 2525 vide
523 2496 531 2512 ‘
546 2495 693 2526 Fabiam'
710 2501 745 2528 et
758 2497 767 2513 ‘
778 2497 942 2530 Quintia:

246 2540 370 2572 Aiebat
398 2542 511 2575 forsan
538 2545 656 2577 Festus
697 2547 892 2579 Faustulum
923 2557 943 2579 a

248 2590 411 2622 Quintilio
428 2595 606 2632 sepultum.
633 2596 717 2627 Dae.

290 2640 299 2659 ῑ
325 2640 497 2681 Ningulas]
521 2644 618 2675 Ennii
635 2655 747 2677 versus
763 2645 941 2678 mendosus

997 1297 1070 1330 est;
1101 1296 1137 1323 et
1161 1291 1240 1332 qnia
1263 1290 1362 1321 video
1392 1289 1536 1321 Paulum
1564 1286 1691 1318 referre

997 1342 1099 1373 verba
1127 1341 1251 1373 Marcii
1282 1341 1380 1380 vatis,
1415 1339 1503 1382 quod
1540 1349 1559 1370 a
1588 1339 1693 1370 Festo

996 1392 1287 1433 praetermittitur,
1317 1391 1464 1422 arbitror
1489 1389 1608 1421 deesse
1633 1388 1693 1419 ali-

997 1447 1079 1484 quot
1098 1443 1212 1482 verba‚
1227 1443 1260 1473 in
1278 1441 1396 1482 quibus
1411 1440 1510 1472 Ennii
1527 1448 1643 1470 versus
1657 1437 1694 1468 fi-

998 1493 1063 1532 nis,
1077 1498 1113 1525 et
1136 1492 1262 1524 Marcii
1284 1491 1443 1523 orationis
1473 1489 1606 1522 initium
1636 1489 1692 1519 sit.

998 1543 1077 1575 Ant.
1094 1542 1178 1583 Aug.

1041 1593 1218 1634 Ningulus]
1266 1592 1408 1624 Dictum
1446 1599 1507 1631 pro
1536 1590 1694 1620 necullas:

998 1653 1074 1675 nam
1104 1654 1170 1674 non
1207 1642 1422 1683 geminabant
1447 1641 1576 1679 literas,
1602 1644 1636 1670 et
1662 1639 1693 1670 N

998 1694 1252 1734 interpositum.
1291 1690 1437 1724 Confusa
1452 1695 1529 1721 sunt
1547 1690 1696 1722 testimo-

998 1745 1052 1776 nia
1069 1744 1169 1776 Ennii
1182 1749 1217 1775 et
1234 1743 1362 1774 Martii.
1384 1743 1454 1773 dos.
1471 1741 1554 1772 Scal.

1044 1794 1216 1835 Ningulas]
1231 1795 1323 1825 Male
1340 1793 1466 1824 Paulus
1482 1791 1611 1823 Marcio
1627 1790 1695 1821 vati

1001 1846 1134 1886 tribuit,
1157 1855 1232 1888 quae
1249 1849 1327 1876 sunt
1343 1843 1456 1882 Ennii,
1479 1842 1575 1883 cnjus
1592 1840 1696 1872 verba

1000 1897 1048 1927 sic
1064 1896 1142 1927 olim
1170 1894 1324 1927 restituit
1347 1893 1502 1924 Merula:
1530 1891 1689 1929 Quiserro

998 1945 1171 1982 minitaris,
1194 1949 1230 1976 ut
1254 1945 1287 1976 in
1309 1947 1340 1975 te
1365 1941 1506 1983 ningulu'
1534 1942 1622 1972 mocio
1644 1940 1696 1970 Ire

998 2000 1102 2037 queat.
1154 1995 1219 2026 Vel
1250 1994 1388 2035 propius
1419 1993 1460 2024 ad
1491 1992 1695 2031 scripturam

996 2043 1193 2076 Marsilius:
1228 2044 1292 2080 Qui
1307 2043 1399 2081 ferro
1421 2042 1574 2076 minitere,
1606 2043 1697 2080 alque

996 2095 1031 2126 in
1047 2098 1079 2126 te
1105 2095 1253 2135 ningulus
1267 2097 1328 2124 met
1346 2093 1398 2124 Ire
1415 2096 1516 2132 queat.
1551 2090 1604 2121 De
1623 2090 1693 2120 Ho-

999 2145 1098 2184 ratio,
1112 2145 1168 2185 qui
1184 2144 1274 2175 solus
1288 2142 1449 2173 adversus
1461 2146 1529 2171 tres
1544 2139 1694 2170 Albanos

997 2193 1171 2230 dimicans,
1193 2192 1340 2234 singulos
1368 2195 1469 2232 prout
1489 2189 1583 2230 sequi
1602 2193 1695 2229 pote-

998 2249 1073 2274 rant
1104 2243 1257 2282 adortus,
1287 2241 1473 2281 superavit.
1534 2239 1695 2278 Ningulus

1001 2298 1113 2324 autem
1131 2302 1192 2333 pro
1213 2302 1266 2323 nec
1282 2292 1382 2328 allus;
1402 2290 1538 2329 neculus,
1552 2289 1689 2328 nigidius,

998 2344 1157 2382 ningulu&
1185 2343 1270 2373 Dac.

1040 2398 1053 2413 ¹¹
1079 2393 1195 2434 Niquis
1209 2390 1316 2431 scivit]
1350 2390 1449 2421 Hanc
1474 2388 1694 2419 centuriama

996 2443 1115 2474 Servio
1129 2443 1239 2474 Tullio
1256 2441 1444 2473 institutam
1458 2439 1541 2470 dicit
1561 2439 1694 2477 Festus,

997 2494 1030 2525 in
1047 2503 1112 2535 qua
1127 2494 1246 2525 liceret
1262 2492 1293 2523 ei
1309 2489 1503 2530 suffragium
1519 2487 1621 2527 ferre,
1637 2489 1694 2528 qni

996 2554 1062 2577 non
1090 2546 1225 2576 tulisset
1256 2544 1289 2575 in
1323 2551 1395 2579 sua,
1424 2548 1467 2570 ne
1507 2538 1577 2579 quis
1607 2539 1690 2570 civis

996 2594 1237 2637 suffiagiijure
1254 2593 1455 2635 privaretur.
1479 2588 1576 2620 Idem.
