1835 2906
352 161 413 190 DE
448 158 719 191 VERBORUM
753 154 1168 188 SIGNIFIGATIONE
1202 156 1296 186 LIB.
1331 156 1404 185 XI.

1531 146 1613 186 401

227 256 544 298 contrectarive
583 256 846 303 viderentur,
884 265 995 293 neve
1036 251 1228 304 gravidae
1271 254 1615 293 concuterentur.

228 326 315 365 Sed
351 338 433 365 nec
470 325 551 365 viri
586 337 734 365 earum
765 322 964 364 sedentes
987 332 1085 360 cum
1108 320 1323 360 uxoribus
1344 321 1387 360 in
1408 320 1611 362 vehiculo

226 391 486 432 descendere
508 392 788 444 cogebantur.

172 457 376 499 Matronae
415 458 731 514 magistratibus
745 463 762 479 ¹¹
803 469 888 497 non
930 453 1328 503 summovebantur,
1359 469 1407 495 ne
1447 455 1611 508 [FEST.

219 526 395 580 pulsari,
407 527 709 567 contrectarive
719 522 968 573 viderentur,
984 536 1080 563 neve
1093 520 1275 578 gravidae
1297 525 1613 571 concuterentur,

227 593 274 633 ob
299 607 432 647 quam
451 594 572 634 etiam
594 605 770 633 causam
801 591 861 631 ait
880 589 1061 631 Verrius
1079 604 1088 632 :
1119 604 1243 645 neque
1275 603 1414 630 earum
1436 589 1540 629 viros
1559 603 1616 628 se-

226 660 360 701 dentes
381 675 468 701 cum
489 661 699 702 uxoribus
731 659 785 699 de
808 671 997 713 essequo
1021 657 1278 699 descendere
1298 663 1462 698 coactos
1484 669 1510 697 a
1525 668 1617 696 ma—

227 730 505 783 gistratibus:
537 727 655 781 quod
678 726 898 768 communi
925 724 1102 767 vehiculo
1125 727 1296 768 vehitur
1317 726 1396 776 vir,
1423 728 1466 766 et
1484 736 1613 765 uxor.

170 796 398 838 Matronas
412 803 429 818 x
469 795 751 849 appellabant
786 807 862 835 eas
897 794 1023 844 fere‚5
1055 795 1218 849 quibus
1253 794 1393 836 stolas
1433 792 1614 846 [PAUL.

225 864 416 906 habendi
431 863 506 917 jus
527 866 628 903 erat.

170 931 213 970 M
224 933 412 972 atronisy
443 945 593 972 aurum
616 930 834 971 redditum
859 943 957 970 cum
981 929 1155 982 legitur,
1174 930 1258 971 hoc
1281 928 1524 982 significare
1546 928 1611 968 vi-

228 998 372 1048 detur,
396 1000 502 1053 quia
521 1002 730 1039 matronae
754 998 1028 1038 contulerunt
1056 1002 1234 1039 ornatus
1266 997 1334 1038 sui
1365 1003 1517 1037 aurum
1559 997 1616 1037 ad

227 1066 502 1120 Capitolium
550 1080 576 1107 a
615 1065 763 1106 Gallis
815 1065 1055 1106 Senonibus
1104 1065 1396 1115 liberandum,

1452 1064 1615 1118 quibus

226 1139 387 1187 postea
406 1139 472 1176 est
493 1135 713 1175 redditum
736 1147 761 1175 a
785 1133 954 1186 populo
978 1133 1196 1174 Romano.

172 1200 392 1244 Matronis
413 1234 423 1263 .
443 1233 452 1242 .
474 1207 542 1244 .t0
574 1203 668 1249 ait,²
707 1201 827 1254 quod
863 1199 1023 1240 videtur
1057 1200 1128 1241 hoc
1155 1198 1410 1255 significare:
1449 1198 1614 1252 [FEST.

773 1309 893 1321 oooooo

210 1358 229 1385 5
255 1355 336 1388 Vet.
355 1355 412 1388 lib.
426 1355 510 1393 sore.

895 1309 1013 1321 ooooo

825 1419 966 1451 NOTAE

170 1492 270 1514 sexus
298 1484 539 1526 praerogativa,
554 1484 606 1515 hae
631 1483 814 1515 sacerdotii
831 1488 867 1515 et

168 1534 445 1574 dignitatisjme,
462 1536 768 1576 consequebantur.
785 1535 867 1565 Dae.

210 1590 224 1604 ¹¹
249 1584 404 1615 Matrona>
430 1586 683 1626 magistratibus]
720 1584 814 1616 Infra
831 1587 868 1615 (Ie

168 1645 290 1675 essequo
316 1637 454 1676 antique
471 1646 532 1676 pro
548 1638 585 1666 cle
601 1638 713 1667 essedo.
737 1636 846 1667 Idem.

212 1690 227 1705 Χ
250 1686 429 1726 Mutronas]
464 1687 566 1717 Stolae
595 1697 671 1717 usus
704 1687 867 1717 matronis

169 1740 315 1774 tantum,
343 1735 376 1766 id
404 1740 469 1773 est,
495 1737 624 1776 pudicis
653 1741 688 1768 et
719 1737 868 1768 honestis

170 1785 363 1816 mulieribus
389 1795 582 1817 concessus.
628 1787 717 1819 Quia
743 1797 784 1817 ea
811 1788 866 1817 ho-

169 1836 326 1866 nestioris
343 1840 417 1866 erat
445 1837 568 1867 cultus.
613 1836 764 1867 Famosae
787 1846 866 1867 vero

169 1886 340 1925 muneres,
366 1895 432 1916 non
473 1886 620 1926 stolatae,
649 1886 707 1917 sed
741 1890 867 1926 togatae

172 1936 359 1975 procedere
386 1937 608 1977 cogebantur.
653 1937 751 1968 Unde
775 1937 868 1967 Mar-

170 1986 244 2016 tial.
270 1986 349 2017 ‘Vis
365 1986 459 2026 dare,
473 1997 546 2027 quse
564 1987 687 2018 meruit
718 1996 868 2023 munera,

171 2035 269 2067 mitte
288 2035 420 2077 togam)
443 2037 541 2068 Idem.

213 2091 225 2110 y
250 2086 422 2126 M'atronis]
449 2087 565 2118 Verba
582 2088 677 2119 Festi
697 2097 739 2119 ex
767 2089 868 2120 Pauli

171 2136 321 2178 epitome
335 2138 564 2178 cognovimus.
611 2139 696 2169 Item
711 2149 753 2169 ex
772 2139 868 2171 Livio

171 2188 228 2219 lib.
255 2198 289 2220 v.
314 2193 456 2229 apparet
482 2188 531 2219 bis
556 2194 727 2221 matronas
750 2200 867 2221 aurum

175 2238 369 2279 contulisse,
390 2238 486 2270 Veiis
509 2239 679 2270 aCamillo
696 2240 818 2280 captis,
833 2244 868 2271 et

174 2289 255 2319 urbe
274 2298 293 2319 a
307 2289 464 2320 Senonib.
480 2294 580 2330 capta
592 2294 717 2330 praeter
731 2291 868 2331 Capito-

172 2340 265 2370 lium.
311 2338 461 2379 Apollini
492 2344 603 2371 antem
635 2341 756 2371 (lonum
788 2341 869 2371 Del-

175 2390 258 2429 phos
290 2394 427 2420 cratera
454 2399 555 2420 aurea
586 2396 720 2430 portata
748 2396 800 2421 est
825 2391 868 2422 ob

175 2441 349 2470 decumam
370 2439 451 2474 voti,
476 2449 540 2480 qno
567 2449 602 2470 se
627 2440 870 2471 damnaverant

175 2490 268 2520 Veiis
286 2489 406 2529 captis.
452 2489 617 2519 Man-onis
643 2500 758 2520 aurum
774 2490 870 2521 resti-

173 2545 285 2571 tutum
301 2539 386 2570 dicit
401 2538 460 2569 lib.
476 2548 524 2570 νι.
562 2539 737 2570 Plutarch.
753 2540 786 2570 in
803 2540 866 2571 Ca-

176 2591 266 2621 mlllo
291 2590 369 2620 doni
397 2589 545 2630 Apollini
575 2589 678 2620 dicati
705 2590 867 2622 meminit.

177 2642 265 2673 Ptin.
280 2641 304 2671 l.
321 2649 453 2672 xxxm.
469 2650 497 2671 c.
513 2643 542 2671 1.
569 2640 601 2669 id
624 2650 740 2671 aurum
763 2641 793 2670 in
810 2639 870 2671 Jo-

263 2694 373 2733 Delplt.
389 2698 419 2727 et
438 2694 512 2725 Var.
526 2694 609 2725 Clas.

780 2694 888 2733 Pomp.
909 2693 996 2724 Fest.

921 1483 969 1514 vis
986 1482 1083 1514 caella
1106 1483 1265 1514 collatum
1290 1482 1453 1514 mansisse
1479 1482 1618 1523 scripsit

920 1533 962 1564 ad
993 1534 1192 1573 Pompeium
1218 1534 1395 1574 Magnum.
1428 1533 1516 1564 Vide
1536 1533 1617 1565 ‘Pi-

920 1583 1046 1614 lentis.'
1066 1583 1144 1615 Ant.
1162 1584 1248 1623 Aug.

964 1634 1137 1675 Macronis]
1173 1635 1286 1675 Magis
1317 1634 1509 1673 odoramur,
1537 1633 1616 1675 qnid

923 1683 1029 1714 voluit
1044 1684 1177 1724 Festus,
1194 1693 1304 1724 quam,
1329 1689 1364 1714 ut
1382 1683 1483 1714 verba
1506 1684 1539 1714 in
1556 1693 1615 1714 nn-

922 1738 1049 1764 merato
1065 1734 1166 1765 edere
1183 1734 1358 1774 possimus.
1380 1735 1451 1766 Jos.
1468 1735 1553 1766 Scal.

964 1785 1123 1816 Matronis
1149 1794 1258 1815 aurum
1281 1784 1454 1824 redditum]
1486 1785 1544 1816 Bis
1562 1795 1618 1816 au·

922 1845 994 1865 rum
1018 1839 1187 1865 matronas
1217 1835 1401 1866 contulisse
1436 1835 1538 1866 docet
1563 1835 1617 1866 Li-

923 1885 1006 1925 vius,
1026 1885 1128 1915 semel
1147 1885 1254 1925 captis
1281 1885 1390 1924 Veiis,
1414 1889 1450 1916 ut
1468 1885 1545 1917 inde
1562 1895 1619 1917 vo-

921 1940 992 1967 tum
1018 1935 1169 1976 Apollini
1194 1936 1389 1967 solverent:
1416 1936 1531 1967 Livius
1557 1936 1616 1971 lib.

921 1997 954 2019 v.
973 1997 1048 2028 cap.
1064 1990 1116 2018 25.
1135 1991 1169 2018 et
1184 1990 1237 2019 28.
1255 1993 1290 2018 et
1303 1988 1424 2018 iterum
1439 1992 1476 2018 ut
1490 1997 1619 2018 summa

923 2042 1037 2079 pactae
1052 2038 1217 2069 mercedis
1234 2037 1341 2068 Gallis
1358 2036 1537 2075 confieret,
1553 2046 1620 2077 qna

923 2088 1046 2119 adduci
1062 2097 1098 2118 se
1116 2097 1213 2128 posse
1224 2087 1394 2123 dicebant,
1407 2092 1444 2118 ut
1456 2086 1619 2126 Capitolii

922 2138 1131 2169 obsidionem
1156 2138 1402 2178 relinquerent:
1427 2136 1517 2167 idem
1541 2145 1618 2176 cap.

920 2191 973 2218 50.
997 2188 1079 2218 Dae.

964 2244 976 2258 Ζ
1000 2238 1158 2269 Macronis
1171 2261 1179 2270 .
1194 2261 1202 2270 .
1220 2260 1228 2269 .
1246 2262 1254 2270 .
1269 2241 1300 2269 to
1315 2238 1377 2278 ait]
1405 2236 1503 2270 Quod
1522 2237 1618 2269 initio

923 2289 1020 2320 deest
1044 2290 1092 2320 ita
1116 2289 1362 2329 snpplendnm:
1387 2288 1546 2319 matronis
1567 2299 1621 2319 au-

922 2349 990 2370 rum
1004 2340 1158 2370 redditum
1174 2340 1283 2370 Ateius
1306 2339 1417 2379 Capito
1432 2340 1487 2370 ait.
1531 2339 1619 2370 Vide

924 2391 933 2407 ‘
946 2389 1100 2420 Pilentis'
1128 2395 1163 2421 et
1182 2390 1252 2420 Liv.
1270 2390 1329 2421 lib.
1350 2399 1384 2419 v.
1402 2398 1476 2430 cap.
1494 2392 1547 2420 25.
1563 2392 1617 2421 28.

924 2445 960 2470 et
975 2443 1028 2470 50.
1072 2439 1217 2478 Apolloni
1246 2444 1359 2469 antem
1390 2449 1451 2479 pro
1482 2439 1619 2479 Apollini

926 2490 1062 2529 antiqua
1079 2489 1250 2520 scribendi
1267 2489 1520 2521 consuetudine.
1564 2489 1619 2521 Sic

923 2540 957 2570 in
974 2548 1063 2569 aereo
1078 2539 1292 2570 numismate:
1320 2539 1329 2556 ‘
1343 2538 1502 2580 Apolloni
1517 2539 1620 2571 Sanc-2

924 2588 983 2620 to.'
1006 2588 1102 2619 Idem.

1469 2694 1532 2724 2C
