1835 2906
169 103 256 146 634

220 205 352 262 fimus
364 205 573 262 faciebat.

624 111 771 142 SEXTI
805 111 1006 142 ΡΟΜΡΕΙῘ
1042 111 1179 142 FESTI

635 205 748 247 Idem
772 208 850 262 jus
870 206 1151 259 magistratus
1172 204 1366 256 habebat,
1391 206 1461 262 qui
1482 206 1524 248 in
1545 206 1625 248 ali-

227 289 308 331 quo
327 276 432 317 loco
455 275 636 329 publico
665 275 785 315 ludos
804 272 1013 330 faciebat,
1047 288 1141 314 nam
1172 274 1205 315 is
1234 279 1432 329 praetexta
1461 274 1624 316 utitur:

230 344 422 384 scribam
458 343 610 383 habere
639 341 752 392 solet,
781 348 953 396 propter
988 356 1051 382 eos
1071 355 1181 396 quos
1202 341 1312 383 facit
1331 341 1490 384 ludos:
1514 355 1625 396 prae-

228 417 344 452 textae
364 410 442 465 jus
473 409 615 451 datum
648 418 706 452 est
739 411 834 451 item
869 409 1123 451 Consulibus
1150 415 1194 451 et
1224 409 1495 451 Prae-toribus
1515 414 1622 452 vota

228 478 586 533 nuncupantib.0b
608 479 893 534 ignorantiam
917 491 1145 520 sacrorum
1160 484 1172 502 ¹
1195 477 1428 518 ascitorum.

1488 475 1624 516 Isdem

226 546 376 588 datum
413 554 479 588 est
514 547 580 588 uti
615 547 719 588 emit
747 550 902 588 votum
922 545 1092 601 aliquod
1110 544 1317 586 solventib.
1339 543 1459 598 quod
1480 549 1624 586 autem

229 613 436 656 Valerius
459 614 651 656 Vicanus
672 628 761 654 cum
782 620 962 654 uteretur
987 627 1094 667 pura
1121 627 1180 655 ex
1213 616 1363 654 senatu
1385 611 1625 666 improbari

230 689 378 737 coeptus
399 689 470 722 esc.

173 749 418 791 Praetextae
433 754 449 778 ἕ
470 748 765 803 appellantur,
787 763 886 802 quae
908 763 977 791 res
1004 753 1152 803 gestas
1175 749 1397 791 Romano·
1446 747 1623 798 [PAUL.

228 831 321 859 rum
344 817 578 858 continent
601 817 823 871 scriptas.²

768 916 1008 928 ‘etreoeaeoeaee

215 983 231 1011 1
258 979 321 1013 Ed.
339 979 429 1013 Scal.
445 990 534 1012 sacra
549 985 772 1013 novorum—2
795 982 878 1014 Vet.
895 983 954 1014 lib.
969 983 1105 1024 scriplae.

829 1091 973 1124 NOTAE

214 1165 396 1206 Praetexta]
421 1166 481 1197 Ait
506 1167 627 1197 Festus
644 1166 727 1198 nulli
754 1167 810 1198 alii
835 1167 873 1198 li-

168 1217 282 1248 cuisse
299 1221 467 1257 praetexta
484 1217 547 1256 uti,
569 1227 668 1258 quam
695 1218 725 1248 ei
739 1218 792 1258 qui
821 1217 872 1248 fu-

170 1278 231 1299 nus
244 1267 390 1302 faceret,
407 1268 661 1307 magistratibus
683 1268 764 1298 item
782 1272 817 1299 et
833 1268 873 1299 iis

171 1319 227 1359 qui
252 1318 350 1349 ludos
371 1317 560 1349 faciebant.
607 1318 652 1349 Et
670 1327 785 1348 verum
810 1323 874 1348 est.

170 1368 244 1400 Liv.
267 1368 328 1400 lib.
353 1376 482 1399 xxxlv.
515 1372 601 1398 sect.
627 1370 659 1398 7.
693 1372 700 1384 ⁴
716 1367 875 1408 Purpura

170 1418 235 1450 viri
250 1423 397 1453 utemur,
421 1417 622 1458 praetextati
640 1417 673 1447 in
692 1417 875 1458 Magistra-

169 1469 271 1505 tibus,
297 1469 330 1500 iu
360 1468 595 1500 Sacerdotiis:
635 1468 735 1499 liberi
766 1469 874 1500 nostri

169 1519 347 1561 praetextis
363 1529 514 1560 purpura
528 1519 788 1560 togisutentur3
805 1529 877 1551 ma-

169 1570 368 1609 gistratibus
386 1570 418 1601 in
433 1570 574 1601 coloniis
602 1570 873 1611 municipiisque,

169 1621 224 1652 hic
237 1622 353 1652 Romae
372 1620 487 1651 infimo
503 1621 630 1660 generi,
646 1622 814 1661 magistris
829 1623 874 1652 vi-

169 1681 299 1717 corum,
316 1677 404 1712 togae
430 1677 610 1711 praetextae
629 1671 794 1703 habenda:
815 1673 874 1713 jus

170 1722 433 1761 permittemus;
458 1732 520 1753 nec
544 1722 589 1757 id,
607 1728 645 1754 ut
671 1723 737 1753 vivi
765 1724 874 1754 solnm

169 1772 319 1804 habeant
345 1778 475 1804 tautum
493 1774 636 1814 insigne,
665 1774 724 1805 sed
756 1775 872 1810 etiam,

170 1827 208 1854 ut
224 1832 300 1854 curn
317 1832 358 1853 eo
376 1829 571 1854 crementur
588 1824 736 1855 mortui.'
767 1825 874 1857 Vides

170 1878 397 1914 praetextatos
413 1875 643 1915 magistratus,
656 1881 724 1907 tam
744 1877 872 1913 Romae,

170 1934 270 1965 quam
284 1925 316 1955 in
334 1924 526 1965 municipiis
540 1930 575 1956 et
588 1926 743 1963 coloniis,
760 1936 872 1958 sacer-

170 1975 270 2006 dotes
297 1975 400 2006 etiam
425 1980 460 2007 et
490 1977 670 2017 magistros
709 1978 871 2015 vicorum,

171 2026 229 2066 qui
270 2025 367 2057 ludos
403 2027 646 2066 compitalitios
676 2028 869 2060 faciebant:

170 2075 248 2107 vide
294 2077 411 2107 ‘Sardi
458 2077 618 2109 venales!
687 2079 871 2120 Magistros

169 2127 271 2158 etiam
313 2128 532 2168 collegiorum
573 2134 746 2169 praetexta
795 2140 871 2162 usos

171 2177 261 2218 apud
280 2178 470 2209 Pedianum
500 2188 541 2209 ex
567 2179 732 2211 Cicerone
759 2182 872 2222 legere

168 2234 236 2265 est,
263 2230 343 2271 quia
368 2230 498 2261 scilicet
526 2231 547 2261 ii
577 2231 680 2263 etiam
700 2232 796 2263 ludos
821 2232 872 2263 fa-

170 2280 320 2312 ciebant.
376 2281 556 2312 Praeterea
582 2287 757 2313 senatores
785 2293 872 2324 prae-

171 2331 296 2361 textati
320 2331 474 2361 ludorum
501 2332 725 2363 Romanorum
742 2333 872 2370 diebus,

172 2381 261 2421 apud
294 2382 495 2413 Ciceronem
526 2391 568 2413 ιι.
600 2383 749 2424 Philipp.
777 2389 814 2415 nt
838 2391 873 2416 et

172 2437 390 2470 praetextata:
430 2432 588 2463 mulieres
623 2435 717 2464 nonis
753 2443 872 2475 capro·

173 2481 253 2512 tinis
269 2482 358 2522 apud
387 2482 573 2513 Varronem
602 2483 660 2515 lib.
684 2493 718 2514 v.
743 2485 873 2516 *Nonae

174 2531 381 2571 Caprotinae,
405 2533 492 2573 qnod
510 2543 550 2564 eo
566 2533 622 2565 die
638 2535 671 2565 in
694 2535 791 2566 Latio
812 2536 873 2568 Ju-

172 2581 253 2612 noni
269 2581 465 2621 Caprotinae
482 2583 639 2615 mulieres
662 2584 873 2626 sacrificant,

174 2634 211 2662 et
227 2631 289 2662 sub
301 2631 462 2672 caprifico
476 2632 620 2674 faciunt,
634 2639 670 2666 et
682 2644 700 2666 e
712 2636 873 2677 caprifico

176 2680 339 2716 adhibent
351 2681 492 2724 virgam.
539 2683 595 2715 Ob
612 2685 675 2717 hoc
693 2691 771 2727 toga
790 2697 874 2727 prae-

930 1172 1026 1199 texta
1043 1167 1121 1199 data
1135 1167 1206 1199 eis.’
1252 1166 1360 1202 Infra,
1378 1175 1454 1198 cum
1479 1165 1526 1197 ait
1546 1165 1627 1196 Fes-

929 1224 983 1249 tus
1012 1219 1217 1250 Consulibus
1243 1223 1278 1249 et
1312 1216 1522 1249 Praetoribus
1549 1221 1629 1246 vota

927 1269 1203 1309 nuncupantibus
1236 1274 1271 1299 et
1298 1267 1505 1299 solventibus
1542 1276 1626 1306 prae-

927 1325 1033 1350 textae
1055 1320 1112 1360 jus
1139 1320 1269 1359 datum,
1292 1319 1426 1350 videtur
1452 1318 1552 1357 velle,
1575 1327 1627 1348 sa-

928 1380 1022 1401 crum
1039 1369 1142 1401 fnisse
1160 1380 1256 1401 usum
1274 1379 1450 1410 purpurae,
1467 1368 1543 1400 ideo
1559 1378 1628 1399 ma-

927 1421 1127 1462 gistratibus
1150 1430 1347 1452 concessum
1365 1429 1431 1451 non
1459 1424 1527 1451 tam
1548 1420 1628 1460 jure

927 1473 1256 1514 :nagistrat11S,1ian1
1292 1477 1327 1502 et
1351 1470 1511 1501 Tribunis
1549 1479 1629 1500 eon-

927 1533 1043 1554 cessus
1070 1522 1202 1564 fuisset,
1229 1522 1298 1563 qui,
1324 1526 1463 1552 auctore
1491 1520 1630 1551 Plutar—

928 1575 1004 1615 cho,
1023 1578 1193 1615 praetexta
1218 1583 1284 1604 non
1307 1572 1505 1606 utebantur,
1529 1580 1629 1612 quam

928 1625 1084 1657 ludorum
1101 1631 1137 1656 et
1154 1629 1310 1656 votorum
1322 1633 1436 1662 causa,
1454 1622 1629 1663 utoptime

928 1677 1061 1708 notavit
1082 1676 1247 1717 Scaliger.
1293 1676 1362 1706 Res
1392 1675 1484 1705 enim
1521 1682 1628 1704 sacrae

928 1728 997 1759 ludi
1012 1733 1047 1759 et
1065 1732 1144 1758 vota
1161 1727 1228 1761 illa,
1245 1735 1320 1767 quae
1342 1723 1631 1765 nuncupabantur

928 1778 971 1809 ob
989 1778 1215 1818 ignorantiam
1232 1785 1404 1808 sacrorum
1433 1773 1631 1812 ascitorum,

927 1829 1102 1869 Scaliger-0
1119 1828 1277 1859 videntur
1294 1836 1380 1865 esse,
1398 1835 1472 1866 quae
1496 1824 1632 1854 Praetor

929 1885 988 1911 aut
1018 1880 1143 1910 Consul
1174 1878 1334 1918 vovebat,
1364 1877 1390 1908 si
1418 1875 1492 1918 quis
1520 1875 1629 1906 minus

927 1930 990 1961 rite
1007 1934 1042 1960 et
1059 1939 1119 1970 per
1150 1928 1374 1969 ignorantiam
1403 1925 1633 1963 committens,

926 1989 1049 2011 novam
1067 1979 1265 2019 religionem
1281 1976 1522 2009 contraxisset.
1547 1974 1630 2005 Ideo

927 2034 1040 2061 autem
1057 2029 1216 2060 Valerius
1234 2027 1403 2066 Vicarius,
1419 2027 1440 2057 i.
1471 2025 1630 2056 Vicima-

927 2082 1047 2122 gister‚
1076 2090 1118 2111 ex
1157 2085 1277 2110 senatu
1314 2076 1525 2118 improbatus
1563 2082 1629 2114 est,

927 2131 1027 2173 quod,
1037 2141 1112 2161 cum
1127 2129 1223 2160 ludos
1233 2128 1474 2169 compitalitios
1486 2125 1631 2164 faceret,

928 2193 1012 2224 pura
1027 2188 1118 2221 toga,
1130 2191 1194 2212 non
1207 2184 1390 2221 praetexta,
1402 2183 1571 2210 uteretur.
1587 2177 1629 2208 In

928 2232 1041 2264 verbis
1067 2232 1175 2271 Festi,
1194 2231 1226 2261 in
1243 2230 1320 2265 tine,
1341 2239 1401 2270 pro
1413 2229 1509 2260 isdem
1523 2230 1630 2260 datum

927 2288 974 2315 est
988 2284 1035 2314 uti
1050 2283 1134 2318 emit,
1151 2282 1318 2313 rescribo:
1344 2281 1432 2312 Idem
1457 2282 1565 2312 datum
1585 2284 1631 2312 est

927 2334 975 2364 uti
990 2344 1026 2365 ea
1039 2337 1079 2368 et,
1095 2335 1147 2372 ἅτ.
1171 2333 1223 2362 vel
1241 2342 1318 2362 cum
1334 2331 1458 2362 Ursino
1471 2331 1519 2361 uti
1542 2330 1629 2362 item.

928 2385 1022 2424 Lego
1049 2384 1152 2414 etiam
1181 2381 1291 2413 infra:
1324 2382 1466 2413 Valerius
1498 2381 1631 2413 Vicanus

928 2439 993 2466 tum
1011 2438 1160 2474 uteretur,
1178 2435 1231 2472 ὅγε.
1255 2437 1330 2467 tum,
1347 2433 1378 2464 id
1398 2438 1463 2469 est,
1481 2441 1554 2463 cum
1573 2441 1630 2463 vo·

929 2491 963 2516 ta
979 2485 1140 2515 solveret.
1165 2484 1246 2514 Duc.

972 2540 987 2562 ἕ
1012 2533 1207 2572 Praetextoe]
1239 2532 1487 2565 Comoediarum
1506 2541 1628 2563 nomen

930 2591 993 2626 est,
1010 2585 1053 2615 ab
1077 2590 1278 2625 argumento
1296 2583 1516 2624 vestibusque
1540 2593 1629 2613 sum-

929 2643 1012 2668 tum.
1037 2636 1168 2666 Graecae
1186 2634 1273 2665 enim
1291 2633 1417 2665 fabulae
1451 2643 1469 2663 a
1499 2633 1627 2663 Latinis

930 2696 1117 2726 conversae‚
1132 2686 1246 2727 quales
1264 2694 1379 2717 omnes
1396 2689 1475 2716 sunt
1500 2684 1626 2725 Plauti,
