<?xml version="1.0" encoding="UTF-8"?>
<!DOCTYPE html PUBLIC "-//W3C//DTD XHTML 1.0 Transitional//EN"
    "http://www.w3.org/TR/xhtml1/DTD/xhtml1-transitional.dtd">
<html xmlns="http://www.w3.org/1999/xhtml" xml:lang="en" lang="en">
 <head>
  <title>
</title>
<meta http-equiv="Content-Type" content="text/html;charset=utf-8" />
  <meta name='ocr-system' content='tesseract 3.04.00' />
  <meta name='ocr-capabilities' content='ocr_page ocr_carea ocr_par ocr_line ocrx_word'/>
</head>
<body>
  <div class='ocr_page' id='page_1' title='image "./mverriiflacciqua01verruoft_0494.png"; bbox 0 0 1835 2906; ppageno 0'>
   <div class='ocr_carea' id='block_1_1' title="bbox 216 104 302 145">
    <p class='ocr_par' dir='ltr' id='par_1_1' title="bbox 216 104 302 145">
     <span class='ocr_line' id='line_1_1' title="bbox 216 104 302 145; baseline -0.012 0"><span class='ocrx_word' id='word_1_1' title='bbox 216 104 302 145; x_wconf 85' lang='grc'><em>476</em></span> 
     </span>
    </p>
   </div>
   <div class='ocr_carea' id='block_1_2' title="bbox 664 112 1223 143">
    <p class='ocr_par' dir='ltr' id='par_1_2' title="bbox 664 112 1223 143">
     <span class='ocr_line' id='line_1_2' title="bbox 664 112 1223 143; baseline 0 0"><span class='ocrx_word' id='word_1_2' title='bbox 664 112 812 143; x_wconf 79' lang='lat' dir='ltr'>SEXTI</span> <span class='ocrx_word' id='word_1_3' title='bbox 848 113 1050 142; x_wconf 82' lang='lat' dir='ltr'><strong>POMPEII</strong></span> <span class='ocrx_word' id='word_1_4' title='bbox 1086 113 1223 143; x_wconf 84' lang='lat' dir='ltr'><strong>FES&#39;PI</strong></span> 
     </span>
    </p>
   </div>
   <div class='ocr_carea' id='block_1_3' title="bbox 219 206 1657 264">
    <p class='ocr_par' dir='ltr' id='par_1_3' title="bbox 219 206 1657 264">
     <span class='ocr_line' id='line_1_3' title="bbox 219 206 1657 264; baseline 0 -14"><span class='ocrx_word' id='word_1_5' title='bbox 219 207 338 264; x_wconf 80' lang='lat' dir='ltr'><em>Nepa</em></span> <span class='ocrx_word' id='word_1_6' title='bbox 354 215 367 231; x_wconf 85' lang='lat'>⁵</span> <span class='ocrx_word' id='word_1_7' title='bbox 387 206 588 263; x_wconf 82' lang='lat' dir='ltr'><em>Afrorum</em></span> <span class='ocrx_word' id='word_1_8' title='bbox 620 206 760 263; x_wconf 78' lang='lat' dir='ltr'><em>lingua</em></span> <span class='ocrx_word' id='word_1_9' title='bbox 798 208 936 258; x_wconf 84' lang='lat' dir='ltr'><em>sidus,</em></span> <span class='ocrx_word' id='word_1_10' title='bbox 958 208 1072 261; x_wconf 91' lang='lat' dir='ltr'><em>quod</em></span> <span class='ocrx_word' id='word_1_11' title='bbox 1111 208 1268 249; x_wconf 82' lang='lat' dir='ltr'><em>dicitur</em></span> <span class='ocrx_word' id='word_1_12' title='bbox 1290 209 1444 250; x_wconf 75' lang='lat' dir='ltr'><em>nostris</em></span> <span class='ocrx_word' id='word_1_13' title='bbox 1493 210 1657 262; x_wconf 81' lang='lat' dir='ltr'>[FEST.</span> 
     </span>
    </p>
   </div>
   <div class='ocr_carea' id='block_1_4' title="bbox 273 274 1222 330">
    <p class='ocr_par' dir='ltr' id='par_1_4' title="bbox 273 274 1222 330">
     <span class='ocr_line' id='line_1_4' title="bbox 273 274 1222 330; baseline -0.002 -14"><span class='ocrx_word' id='word_1_14' title='bbox 273 290 428 325; x_wconf 79' lang='lat' dir='ltr'><strong><em>cancer,</em></strong></span> <span class='ocrx_word' id='word_1_15' title='bbox 450 274 529 326; x_wconf 81' lang='lat' dir='ltr'><em>vel,</em></span> <span class='ocrx_word' id='word_1_16' title='bbox 552 283 597 316; x_wconf 78' lang='lat' dir='ltr'><em>ut</em></span> <span class='ocrx_word' id='word_1_17' title='bbox 631 275 796 330; x_wconf 77' lang='lat' dir='ltr'><em>quidam</em></span> <span class='ocrx_word' id='word_1_18' title='bbox 831 275 987 325; x_wconf 80' lang='lat' dir='ltr'><em>volunt,</em></span> <span class='ocrx_word' id='word_1_19' title='bbox 1009 276 1222 329; x_wconf 84' lang='lat' dir='ltr'><em>scorpios.</em></span> 
     </span>
    </p>
   </div>
   <div class='ocr_carea' id='block_1_5' title="bbox 1283 275 1659 317">
    <p class='ocr_par' dir='ltr' id='par_1_5' title="bbox 1283 275 1659 317">
     <span class='ocr_line' id='line_1_5' title="bbox 1283 275 1659 317; baseline 0 -1"><span class='ocrx_word' id='word_1_20' title='bbox 1283 276 1470 317; x_wconf 85' lang='lat' dir='ltr'><em>Plautus</em></span> <span class='ocrx_word' id='word_1_21' title='bbox 1505 277 1551 316; x_wconf 93' lang='lat' dir='ltr'><em>in</em></span> <span class='ocrx_word' id='word_1_22' title='bbox 1574 275 1659 316; x_wconf 85' lang='lat' dir='ltr'><em>Ca-</em></span> 
     </span>
    </p>
   </div>
   <div class='ocr_carea' id='block_1_6' title="bbox 219 342 1660 532">
    <p class='ocr_par' dir='ltr' id='par_1_6' title="bbox 219 342 1660 532">
     <span class='ocr_line' id='line_1_6' title="bbox 273 342 1509 398; baseline 0.002 -14"><span class='ocrx_word' id='word_1_23' title='bbox 273 344 363 384; x_wconf 80' lang='lat' dir='ltr'><em>sina</em></span> <span class='ocrx_word' id='word_1_24' title='bbox 383 358 395 382; x_wconf 92' lang='grc'><em>.·</em></span> <span class='ocrx_word' id='word_1_25' title='bbox 426 344 602 384; x_wconf 77' lang='lat' dir='ltr'><em>recessim</em></span> <span class='ocrx_word' id='word_1_26' title='bbox 623 343 726 384; x_wconf 81' lang='lat' dir='ltr'><em>dabo</em></span> <span class='ocrx_word' id='word_1_27' title='bbox 743 357 804 383; x_wconf 83' lang='lat' dir='ltr'><em>me</em></span> <span class='ocrx_word' id='word_1_28' title='bbox 826 344 881 384; x_wconf 82' lang='lat' dir='ltr'><em>ad</em></span> <span class='ocrx_word' id='word_1_29' title='bbox 904 342 1337 396; x_wconf 74' lang='lat' dir='ltr'><em>parietem,imitabor</em></span> <span class='ocrx_word' id='word_1_30' title='bbox 1352 359 1509 398; x_wconf 69' lang='lat' dir='ltr'><em>nepam.</em></span> 
     </span>
     <span class='ocr_line' id='line_1_7' title="bbox 219 411 1659 466; baseline 0 -14"><span class='ocrx_word' id='word_1_31' title='bbox 219 411 442 464; x_wconf 71' lang='lat' dir='ltr'><em>Nepotest</em></span> <span class='ocrx_word' id='word_1_32' title='bbox 469 411 711 453; x_wconf 85' lang='lat' dir='ltr'><em>luxuriosae</em></span> <span class='ocrx_word' id='word_1_33' title='bbox 736 413 838 452; x_wconf 85' lang='lat' dir='ltr'><em>vitae</em></span> <span class='ocrx_word' id='word_1_34' title='bbox 860 411 1058 452; x_wconf 89' lang='lat' dir='ltr'><em>homines</em></span> <span class='ocrx_word' id='word_1_35' title='bbox 1080 412 1306 465; x_wconf 79' lang='lat' dir='ltr'><em>appellati,</em></span> <span class='ocrx_word' id='word_1_36' title='bbox 1328 413 1447 466; x_wconf 87' lang='lat' dir='ltr'><em>quod</em></span> <span class='ocrx_word' id='word_1_37' title='bbox 1478 412 1659 466; x_wconf 69' lang='lat' dir='ltr'>[PAUL.</span> 
     </span>
     <span class='ocr_line' id='line_1_8' title="bbox 272 478 1660 532; baseline -0.001 -13"><span class='ocrx_word' id='word_1_38' title='bbox 272 492 360 519; x_wconf 93' lang='lat' dir='ltr'><em>non</em></span> <span class='ocrx_word' id='word_1_39' title='bbox 399 480 540 532; x_wconf 82' lang='lat' dir='ltr'><em>magis</em></span> <span class='ocrx_word' id='word_1_40' title='bbox 580 479 650 519; x_wconf 88' lang='lat' dir='ltr'><em>his</em></span> <span class='ocrx_word' id='word_1_41' title='bbox 689 480 748 519; x_wconf 87' lang='lat' dir='ltr'><em>rei</em></span> <span class='ocrx_word' id='word_1_42' title='bbox 783 492 873 520; x_wconf 84' lang='lat' dir='ltr'><em>suae</em></span> <span class='ocrx_word' id='word_1_43' title='bbox 912 478 1140 519; x_wconf 77' lang='lat' dir='ltr'><em>familiaris</em></span> <span class='ocrx_word' id='word_1_44' title='bbox 1184 492 1288 520; x_wconf 85' lang='lat' dir='ltr'><em>cura</em></span> <span class='ocrx_word' id='word_1_45' title='bbox 1323 484 1408 529; x_wconf 86' lang='lat' dir='ltr'><em>est,</em></span> <span class='ocrx_word' id='word_1_46' title='bbox 1437 491 1568 532; x_wconf 82' lang='lat' dir='ltr'><em>quam</em></span> <span class='ocrx_word' id='word_1_47' title='bbox 1590 479 1660 527; x_wconf 90' lang='lat' dir='ltr'><em>iis,</em></span> 
     </span>
    </p>
   </div>
   <div class='ocr_carea' id='block_1_7' title="bbox 275 546 1026 601">
    <p class='ocr_par' dir='ltr' id='par_1_7' title="bbox 275 546 1026 601">
     <span class='ocr_line' id='line_1_9' title="bbox 275 546 1026 601; baseline -0.001 -14"><span class='ocrx_word' id='word_1_48' title='bbox 275 547 436 601; x_wconf 91' lang='lat' dir='ltr'><em>quibus</em></span> <span class='ocrx_word' id='word_1_49' title='bbox 474 551 600 600; x_wconf 82' lang='lat' dir='ltr'><em>pater</em></span> <span class='ocrx_word' id='word_1_50' title='bbox 627 559 826 600; x_wconf 82' lang='lat' dir='ltr'><strong>avusque</strong></span> <span class='ocrx_word' id='word_1_51' title='bbox 859 546 1026 587; x_wconf 84' lang='lat' dir='ltr'><em>vivunt.</em></span> 
     </span>
    </p>
   </div>
   <div class='ocr_carea' id='block_1_8' title="bbox 1100 546 1660 600">
    <p class='ocr_par' dir='ltr' id='par_1_8' title="bbox 1100 546 1660 600">
     <span class='ocr_line' id='line_1_10' title="bbox 1100 546 1660 600; baseline -0.002 -13"><span class='ocrx_word' id='word_1_52' title='bbox 1100 546 1254 600; x_wconf 86' lang='lat' dir='ltr'><em>Nepos</em></span> <span class='ocrx_word' id='word_1_53' title='bbox 1289 548 1578 600; x_wconf 84' lang='lat' dir='ltr'><em>compositum</em></span> <span class='ocrx_word' id='word_1_54' title='bbox 1605 547 1660 586; x_wconf 85' lang='lat' dir='ltr'><em>ab</em></span> 
     </span>
    </p>
   </div>
   <div class='ocr_carea' id='block_1_9' title="bbox 218 614 1662 939">
    <p class='ocr_par' dir='ltr' id='par_1_9' title="bbox 271 614 1291 668">
     <span class='ocr_line' id='line_1_11' title="bbox 271 614 1291 668; baseline 0 -13"><span class='ocrx_word' id='word_1_55' title='bbox 271 628 337 664; x_wconf 90' lang='lat' dir='ltr'><em>eo,</em></span> <span class='ocrx_word' id='word_1_56' title='bbox 360 614 480 668; x_wconf 89' lang='lat' dir='ltr'><em>quod</em></span> <span class='ocrx_word' id='word_1_57' title='bbox 501 619 633 655; x_wconf 83' lang='lat' dir='ltr'><em>natus</em></span> <span class='ocrx_word' id='word_1_58' title='bbox 654 619 756 668; x_wconf 88' lang='lat' dir='ltr'><em>post</em></span> <span class='ocrx_word' id='word_1_59' title='bbox 781 615 837 654; x_wconf 88' lang='lat' dir='ltr'><em>sit</em></span> <span class='ocrx_word' id='word_1_60' title='bbox 858 615 986 668; x_wconf 83' lang='lat' dir='ltr'><em>patri,</em></span> <span class='ocrx_word' id='word_1_61' title='bbox 1007 628 1136 668; x_wconf 83' lang='lat' dir='ltr'><em>quam</em></span> <span class='ocrx_word' id='word_1_62' title='bbox 1158 615 1291 656; x_wconf 90' lang='lat' dir='ltr'><em>filius.</em></span> 
     </span>
    </p>

    <p class='ocr_par' dir='ltr' id='par_1_10' title="bbox 218 680 1662 939">
     <span class='ocr_line' id='line_1_12' title="bbox 218 680 1662 737; baseline -0.003 -13"><span class='ocrx_word' id='word_1_63' title='bbox 218 682 353 737; x_wconf 77' lang='lat' dir='ltr'><em>Nepos</em></span> <span class='ocrx_word' id='word_1_64' title='bbox 375 689 392 705; x_wconf 76' lang='lat'><em>¹¹</em></span> <span class='ocrx_word' id='word_1_65' title='bbox 434 681 662 722; x_wconf 63' lang='lat' dir='ltr'><em>luxuriosus</em></span> <span class='ocrx_word' id='word_1_66' title='bbox 692 697 717 721; x_wconf 88' lang='lat' dir='ltr'><strong><em>a</em></strong></span> <span class='ocrx_word' id='word_1_67' title='bbox 748 682 912 723; x_wconf 87' lang='lat' dir='ltr'><em>Tuscis</em></span> <span class='ocrx_word' id='word_1_68' title='bbox 948 682 1118 731; x_wconf 82' lang='lat' dir='ltr'><em>dicitur,</em></span> <span class='ocrx_word' id='word_1_69' title='bbox 1149 696 1243 722; x_wconf 77' lang='lat' dir='ltr'><em>nam</em></span> <span class='ocrx_word' id='word_1_70' title='bbox 1287 687 1443 736; x_wconf 73' lang='lat' dir='ltr'><em>nepotes</em></span> <span class='ocrx_word' id='word_1_71' title='bbox 1497 680 1662 734; x_wconf 81' lang='lat' dir='ltr'>[FEST.</span> 
     </span>
     <span class='ocr_line' id='line_1_13' title="bbox 269 744 1662 804; baseline -0.001 -16"><span class='ocrx_word' id='word_1_72' title='bbox 269 756 362 789; x_wconf 81' lang='lat' dir='ltr'><em>sunt</em></span> <span class='ocrx_word' id='word_1_73' title='bbox 398 748 593 789; x_wconf 70' lang='lat' dir='ltr'><em>luxuriosi</em></span> <span class='ocrx_word' id='word_1_74' title='bbox 622 749 819 790; x_wconf 85' lang='lat' dir='ltr'><em>homines</em></span> <span class='ocrx_word' id='word_1_75' title='bbox 857 748 1069 802; x_wconf 78' lang='lat' dir='ltr'><em>appellati,</em></span> <span class='ocrx_word' id='word_1_76' title='bbox 1109 748 1216 804; x_wconf 82' lang='lat' dir='ltr'><em>quod</em></span> <span class='ocrx_word' id='word_1_77' title='bbox 1244 763 1324 788; x_wconf 79' lang='lat' dir='ltr'><em>non</em></span> <span class='ocrx_word' id='word_1_78' title='bbox 1354 748 1482 803; x_wconf 81' lang='lat' dir='ltr'><em>magis</em></span> <span class='ocrx_word' id='word_1_79' title='bbox 1512 744 1662 786; x_wconf 65' lang='lat' dir='ltr'><em>lais&#39;res</em></span> 
     </span>
     <span class='ocr_line' id='line_1_14' title="bbox 272 815 1661 872; baseline -0.003 -15"><span class='ocrx_word' id='word_1_80' title='bbox 272 830 353 857; x_wconf 85' lang='lat' dir='ltr'><em>sua</em></span> <span class='ocrx_word' id='word_1_81' title='bbox 385 815 608 857; x_wconf 81' lang='lat' dir='ltr'><em>familiaris</em></span> <span class='ocrx_word' id='word_1_82' title='bbox 647 830 751 857; x_wconf 76' lang='lat' dir='ltr'><em>curae</em></span> <span class='ocrx_word' id='word_1_83' title='bbox 792 822 861 866; x_wconf 78' lang='lat' dir='ltr'><em>est,</em></span> <span class='ocrx_word' id='word_1_84' title='bbox 898 830 1020 871; x_wconf 80' lang='lat' dir='ltr'><em>quam</em></span> <span class='ocrx_word' id='word_1_85' title='bbox 1059 816 1122 866; x_wconf 70' lang='lat' dir='ltr'><em>iis,</em></span> <span class='ocrx_word' id='word_1_86' title='bbox 1164 815 1306 872; x_wconf 78' lang='lat' dir='ltr'><em>quibus</em></span> <span class='ocrx_word' id='word_1_87' title='bbox 1337 822 1459 870; x_wconf 81' lang='lat' dir='ltr'><em>pater</em></span> <span class='ocrx_word' id='word_1_88' title='bbox 1485 828 1661 868; x_wconf 76' lang='lat' dir='ltr'><em>avusque</em></span> 
     </span>
     <span class='ocr_line' id='line_1_15' title="bbox 271 881 1662 939; baseline -0.003 -15"><span class='ocrx_word' id='word_1_89' title='bbox 271 885 449 925; x_wconf 77' lang='lat' dir='ltr'><em>vivuntz</em></span> <span class='ocrx_word' id='word_1_90' title='bbox 480 884 597 939; x_wconf 80' lang='lat' dir='ltr'><em>quod</em></span> <span class='ocrx_word' id='word_1_91' title='bbox 624 899 766 925; x_wconf 77' lang='lat' dir='ltr'><em>nomen</em></span> <span class='ocrx_word' id='word_1_92' title='bbox 795 884 957 924; x_wconf 69' lang='lat' dir='ltr'><em>ductum</em></span> <span class='ocrx_word' id='word_1_93' title='bbox 989 883 1042 924; x_wconf 82' lang='lat' dir='ltr'><em>ab</em></span> <span class='ocrx_word' id='word_1_94' title='bbox 1074 898 1130 934; x_wconf 89' lang='lat' dir='ltr'><em>eo,</em></span> <span class='ocrx_word' id='word_1_95' title='bbox 1156 882 1264 938; x_wconf 82' lang='lat' dir='ltr'><em>quod</em></span> <span class='ocrx_word' id='word_1_96' title='bbox 1291 889 1410 922; x_wconf 77' lang='lat' dir='ltr'><em>natus</em></span> <span class='ocrx_word' id='word_1_97' title='bbox 1427 888 1516 936; x_wconf 81' lang='lat' dir='ltr'><em>post</em></span> <span class='ocrx_word' id='word_1_98' title='bbox 1547 881 1662 935; x_wconf 79' lang='lat' dir='ltr'><em>patri</em></span> 
     </span>
    </p>
   </div>
   <div class='ocr_carea' id='block_1_10' title="bbox 272 953 671 1006">
    <p class='ocr_par' dir='ltr' id='par_1_11' title="bbox 272 953 671 1006">
     <span class='ocr_line' id='line_1_16' title="bbox 272 953 671 1006; baseline 0.005 -14"><span class='ocrx_word' id='word_1_99' title='bbox 272 953 341 1002; x_wconf 83' lang='lat' dir='ltr'><em>sit,</em></span> <span class='ocrx_word' id='word_1_100' title='bbox 373 966 507 1006; x_wconf 82' lang='lat' dir='ltr'><em>quam</em></span> <span class='ocrx_word' id='word_1_101' title='bbox 545 953 607 994; x_wconf 83' lang='lat' dir='ltr'><em>fili</em></span> <span class='ocrx_word' id='word_1_102' title='bbox 612 968 671 994; x_wconf 76' lang='lat' dir='ltr'><em>us.</em></span> 
     </span>
    </p>
   </div>
   <div class='ocr_carea' id='block_1_11' title="bbox 734 949 1662 1006">
    <p class='ocr_par' dir='ltr' id='par_1_12' title="bbox 734 949 1662 1006">
     <span class='ocr_line' id='line_1_17' title="bbox 734 949 1662 1006; baseline -0.008 -11"><span class='ocrx_word' id='word_1_103' title='bbox 734 950 928 1001; x_wconf 77' lang='lat' dir='ltr'><em>Quidam,</em></span> <span class='ocrx_word' id='word_1_104' title='bbox 960 953 1067 992; x_wconf 78' lang='lat' dir='ltr'><em>inter</em></span> <span class='ocrx_word' id='word_1_105' title='bbox 1099 965 1195 1006; x_wconf 81' lang='lat' dir='ltr'><em>quos</em></span> <span class='ocrx_word' id='word_1_106' title='bbox 1228 949 1507 990; x_wconf 82' lang='lat' dir='ltr'><em>Aristarchus</em></span> <span class='ocrx_word' id='word_1_107' title='bbox 1535 949 1662 989; x_wconf 86' lang='lat' dir='ltr'><em>inter-</em></span> 
     </span>
    </p>
   </div>
   <div class='ocr_carea' id='block_1_12' title="bbox 265 1016 1660 1073">
    <p class='ocr_par' dir='ltr' id='par_1_13' title="bbox 265 1016 1660 1073">
     <span class='ocr_line' id='line_1_18' title="bbox 265 1016 1660 1073; baseline -0.003 -14"><span class='ocrx_word' id='word_1_108' title='bbox 265 1034 359 1073; x_wconf 82' lang='lat' dir='ltr'><em>pres</em></span> <span class='ocrx_word' id='word_1_109' title='bbox 383 1019 569 1070; x_wconf 83' lang='lat' dir='ltr'><em>Homeri,</em></span> <span class='ocrx_word' id='word_1_110' title='bbox 603 1019 793 1061; x_wconf 68' lang='lat' dir='ltr'><em>Graecum</em></span> <span class='ocrx_word' id='word_1_111' title='bbox 823 1033 899 1060; x_wconf 83' lang='lat' dir='ltr'><em>esse</em></span> <span class='ocrx_word' id='word_1_112' title='bbox 928 1018 1082 1069; x_wconf 78' lang='lat' dir='ltr'><em>volunt,</em></span> <span class='ocrx_word' id='word_1_113' title='bbox 1122 1017 1177 1058; x_wconf 80' lang='lat' dir='ltr'><em>ad</em></span> <span class='ocrx_word' id='word_1_114' title='bbox 1204 1016 1311 1073; x_wconf 80' lang='lat' dir='ltr'><em>quod</em></span> <span class='ocrx_word' id='word_1_115' title='bbox 1337 1019 1427 1064; x_wconf 81' lang='grc' dir='ltr'><em>τεοῖς</em></span> <span class='ocrx_word' id='word_1_116' title='bbox 1456 1016 1660 1056; x_wconf 84' lang='grc' dir='ltr'>νεποδεσσιν</span> 
     </span>
    </p>
   </div>
   <div class='ocr_carea' id='block_1_13' title="bbox 271 1087 923 1143">
    <p class='ocr_par' dir='ltr' id='par_1_14' title="bbox 271 1087 923 1143">
     <span class='ocr_line' id='line_1_19' title="bbox 271 1087 923 1143; baseline 0.003 -18"><span class='ocrx_word' id='word_1_117' title='bbox 271 1090 394 1140; x_wconf 81' lang='grc' dir='ltr'>ἑτοιμὴ</span> <span class='ocrx_word' id='word_1_118' title='bbox 418 1088 597 1143; x_wconf 58' lang='lat' dir='ltr'><em>(sfferzmt</em></span> <span class='ocrx_word' id='word_1_119' title='bbox 618 1104 664 1129; x_wconf 70' lang='lat' dir='ltr'><em>ea:</em></span> <span class='ocrx_word' id='word_1_120' title='bbox 687 1087 923 1143; x_wconf 78' lang='lat' dir='ltr'><em>Apollonio.</em></span> 
     </span>
    </p>
   </div>
   <div class='ocr_carea' id='block_1_14' title="bbox 873 1220 1011 1252">
    <p class='ocr_par' dir='ltr' id='par_1_15' title="bbox 873 1220 1011 1252">
     <span class='ocr_line' id='line_1_20' title="bbox 873 1220 1011 1252; baseline -0.014 0"><span class='ocrx_word' id='word_1_121' title='bbox 873 1221 903 1252; x_wconf 86' lang='lat' dir='ltr'>N</span> <span class='ocrx_word' id='word_1_122' title='bbox 910 1220 1011 1252; x_wconf 76' lang='lat' dir='ltr'><em>OTAE</em></span> 
     </span>
    </p>
   </div>
   <div class='ocr_carea' id='block_1_15' title="bbox 209 1305 913 2604">
    <p class='ocr_par' dir='ltr' id='par_1_16' title="bbox 214 1305 911 1445">
     <span class='ocr_line' id='line_1_21' title="bbox 255 1305 909 1345; baseline 0.003 -10"><span class='ocrx_word' id='word_1_123' title='bbox 255 1310 266 1324; x_wconf 68' lang='lat'>³</span> <span class='ocrx_word' id='word_1_124' title='bbox 293 1305 395 1345; x_wconf 84' lang='lat' dir='ltr'><em>Nepa]</em></span> <span class='ocrx_word' id='word_1_125' title='bbox 419 1305 561 1336; x_wconf 76' lang='lat' dir='ltr'><em>Plautus</em></span> <span class='ocrx_word' id='word_1_126' title='bbox 590 1307 623 1337; x_wconf 85' lang='lat' dir='ltr'><em>iu</em></span> <span class='ocrx_word' id='word_1_127' title='bbox 652 1307 795 1337; x_wconf 81' lang='lat' dir='ltr'><em>Casina:</em></span> <span class='ocrx_word' id='word_1_128' title='bbox 820 1312 829 1325; x_wconf 87' lang='lat'><em>‘</em></span> <span class='ocrx_word' id='word_1_129' title='bbox 846 1307 909 1337; x_wconf 85' lang='lat' dir='ltr'><em>Re-</em></span> 
     </span>
     <span class='ocr_line' id='line_1_22' title="bbox 214 1357 911 1398; baseline 0.003 -12"><span class='ocrx_word' id='word_1_130' title='bbox 214 1357 334 1387; x_wconf 80' lang='lat' dir='ltr'><em>cessim</em></span> <span class='ocrx_word' id='word_1_131' title='bbox 352 1357 471 1387; x_wconf 85' lang='lat' dir='ltr'><em>cedam</em></span> <span class='ocrx_word' id='word_1_132' title='bbox 493 1358 534 1388; x_wconf 84' lang='lat' dir='ltr'><em>ad</em></span> <span class='ocrx_word' id='word_1_133' title='bbox 558 1358 737 1398; x_wconf 86' lang='lat' dir='ltr'><em>parietem,</em></span> <span class='ocrx_word' id='word_1_134' title='bbox 754 1357 911 1388; x_wconf 81' lang='lat' dir='ltr'><em>imitabor</em></span> 
     </span>
     <span class='ocr_line' id='line_1_23' title="bbox 214 1405 484 1445; baseline 0.007 -10"><span class='ocrx_word' id='word_1_135' title='bbox 214 1405 360 1445; x_wconf 67' lang='lat' dir='ltr'><em>nepam!</em></span> <span class='ocrx_word' id='word_1_136' title='bbox 386 1407 484 1437; x_wconf 81' lang='lat' dir='ltr'><em>Idem.</em></span> 
     </span>
    </p>

    <p class='ocr_par' dir='ltr' id='par_1_17' title="bbox 213 1455 911 1752">
     <span class='ocr_line' id='line_1_24' title="bbox 257 1455 909 1496; baseline 0.002 -10"><span class='ocrx_word' id='word_1_137' title='bbox 257 1457 346 1496; x_wconf 79' lang='lat' dir='ltr'><em>Nepa</em></span> <span class='ocrx_word' id='word_1_138' title='bbox 362 1455 527 1496; x_wconf 68' lang='lat' dir='ltr'><em>Ast-orum]</em></span> <span class='ocrx_word' id='word_1_139' title='bbox 553 1456 659 1488; x_wconf 83' lang='lat' dir='ltr'><em>Recte</em></span> <span class='ocrx_word' id='word_1_140' title='bbox 684 1457 816 1488; x_wconf 82' lang='lat' dir='ltr'><em>dubitat</em></span> <span class='ocrx_word' id='word_1_141' title='bbox 832 1457 909 1487; x_wconf 88' lang='lat' dir='ltr'><em>Fes-</em></span> 
     </span>
     <span class='ocr_line' id='line_1_25' title="bbox 214 1507 908 1547; baseline 0.003 -11"><span class='ocrx_word' id='word_1_142' title='bbox 214 1511 268 1537; x_wconf 72' lang='lat' dir='ltr'><em>tus</em></span> <span class='ocrx_word' id='word_1_143' title='bbox 293 1516 424 1547; x_wconf 77' lang='lat' dir='ltr'><em>nepane</em></span> <span class='ocrx_word' id='word_1_144' title='bbox 448 1516 571 1538; x_wconf 86' lang='lat' dir='ltr'><em>cancer</em></span> <span class='ocrx_word' id='word_1_145' title='bbox 595 1507 649 1541; x_wconf 80' lang='lat' dir='ltr'><em>sit,</em></span> <span class='ocrx_word' id='word_1_146' title='bbox 673 1517 713 1537; x_wconf 88' lang='lat' dir='ltr'><em>an</em></span> <span class='ocrx_word' id='word_1_147' title='bbox 737 1508 908 1547; x_wconf 86' lang='lat' dir='ltr'><em>scorpius:</em></span> 
     </span>
     <span class='ocr_line' id='line_1_26' title="bbox 213 1558 910 1598; baseline 0.001 -11"><span class='ocrx_word' id='word_1_148' title='bbox 213 1567 288 1588; x_wconf 87' lang='lat' dir='ltr'><em>nam</em></span> <span class='ocrx_word' id='word_1_149' title='bbox 313 1563 457 1598; x_wconf 74' lang='lat' dir='ltr'><em>utroque</em></span> <span class='ocrx_word' id='word_1_150' title='bbox 484 1558 582 1589; x_wconf 89' lang='lat' dir='ltr'><em>modo</em></span> <span class='ocrx_word' id='word_1_151' title='bbox 600 1559 745 1589; x_wconf 78' lang='lat' dir='ltr'><em>Veteres</em></span> <span class='ocrx_word' id='word_1_152' title='bbox 772 1568 910 1597; x_wconf 86' lang='lat' dir='ltr'><em>usurpa-</em></span> 
     </span>
     <span class='ocr_line' id='line_1_27' title="bbox 213 1610 910 1649; baseline 0.001 -11"><span class='ocrx_word' id='word_1_153' title='bbox 213 1614 314 1646; x_wconf 83' lang='lat' dir='ltr'><em>rnnt3</em></span> <span class='ocrx_word' id='word_1_154' title='bbox 351 1618 411 1649; x_wconf 85' lang='lat' dir='ltr'><em>pro</em></span> <span class='ocrx_word' id='word_1_155' title='bbox 436 1618 545 1639; x_wconf 76' lang='lat' dir='ltr'><em>cancro</em></span> <span class='ocrx_word' id='word_1_156' title='bbox 568 1619 680 1649; x_wconf 80' lang='lat' dir='ltr'><em>supra,</em></span> <span class='ocrx_word' id='word_1_157' title='bbox 710 1610 823 1640; x_wconf 87' lang='lat' dir='ltr'><em>Plaut.</em></span> <span class='ocrx_word' id='word_1_158' title='bbox 850 1619 910 1649; x_wconf 89' lang='lat' dir='ltr'><em>pro</em></span> 
     </span>
     <span class='ocr_line' id='line_1_28' title="bbox 214 1660 911 1700; baseline 0.003 -11"><span class='ocrx_word' id='word_1_159' title='bbox 214 1660 342 1700; x_wconf 81' lang='lat' dir='ltr'><em>Scorpio</em></span> <span class='ocrx_word' id='word_1_160' title='bbox 369 1660 490 1690; x_wconf 83' lang='lat' dir='ltr'><em>Cicero</em></span> <span class='ocrx_word' id='word_1_161' title='bbox 507 1665 542 1690; x_wconf 88' lang='lat' dir='ltr'><em>et</em></span> <span class='ocrx_word' id='word_1_162' title='bbox 559 1661 599 1690; x_wconf 84' lang='lat' dir='ltr'><em>al.</em></span> <span class='ocrx_word' id='word_1_163' title='bbox 627 1661 673 1691; x_wconf 87' lang='lat' dir='ltr'><em>sic</em></span> <span class='ocrx_word' id='word_1_164' title='bbox 690 1661 791 1700; x_wconf 75' lang='lat' dir='ltr'><em>gloss.</em></span> <span class='ocrx_word' id='word_1_165' title='bbox 817 1661 825 1677; x_wconf 92' lang='lat'>‘</span> <span class='ocrx_word' id='word_1_166' title='bbox 844 1661 911 1691; x_wconf 77' lang='lat' dir='ltr'><em>Ne-</em></span> 
     </span>
     <span class='ocr_line' id='line_1_29' title="bbox 213 1711 565 1752; baseline -0.003 -10"><span class='ocrx_word' id='word_1_167' title='bbox 213 1722 270 1752; x_wconf 85' lang='lat' dir='ltr'><em>pa,</em></span> <span class='ocrx_word' id='word_1_168' title='bbox 288 1711 456 1751; x_wconf 79' lang='grc' dir='ltr'>σκορπίος.’</span> <span class='ocrx_word' id='word_1_169' title='bbox 481 1712 565 1742; x_wconf 80' lang='lat' dir='ltr'><em>Duc.</em></span> 
     </span>
    </p>

    <p class='ocr_par' dir='ltr' id='par_1_18' title="bbox 209 1762 913 2604">
     <span class='ocr_line' id='line_1_30' title="bbox 259 1762 911 1802; baseline 0.005 -12"><span class='ocrx_word' id='word_1_170' title='bbox 259 1763 268 1781; x_wconf 77' lang='grc' dir='ltr'><strong>ῑ</strong></span> <span class='ocrx_word' id='word_1_171' title='bbox 289 1762 439 1801; x_wconf 67' lang='lat' dir='ltr'><em>Nepotes]</em></span> <span class='ocrx_word' id='word_1_172' title='bbox 468 1763 622 1801; x_wconf 76' lang='lat' dir='ltr'><em>Nepotes</em></span> <span class='ocrx_word' id='word_1_173' title='bbox 654 1768 732 1793; x_wconf 81' lang='lat' dir='ltr'><em>sunt</em></span> <span class='ocrx_word' id='word_1_174' title='bbox 764 1762 911 1802; x_wconf 80' lang='grc' dir='ltr'>ἀπόγονοι</span> 
     </span>
     <span class='ocr_line' id='line_1_31' title="bbox 215 1811 913 1853; baseline 0.001 -11"><span class='ocrx_word' id='word_1_175' title='bbox 215 1812 348 1842; x_wconf 75' lang='lat' dir='ltr'><em>Graecis</em></span> <span class='ocrx_word' id='word_1_176' title='bbox 374 1813 476 1842; x_wconf 76' lang='lat' dir='ltr'><em>etiam</em></span> <span class='ocrx_word' id='word_1_177' title='bbox 501 1811 624 1843; x_wconf 81' lang='grc' dir='ltr'>νέποδες</span> <span class='ocrx_word' id='word_1_178' title='bbox 648 1813 731 1843; x_wconf 70' lang='lat' dir='ltr'><em>(licii</em></span> <span class='ocrx_word' id='word_1_179' title='bbox 749 1824 767 1843; x_wconf 80' lang='lat' dir='ltr'><em>a</em></span> <span class='ocrx_word' id='word_1_180' title='bbox 793 1825 824 1843; x_wconf 87' lang='grc' dir='ltr'><em>νε</em></span> <span class='ocrx_word' id='word_1_181' title='bbox 850 1814 913 1853; x_wconf 89' lang='lat' dir='ltr'><em>pri-</em></span> 
     </span>
     <span class='ocr_line' id='line_1_32' title="bbox 213 1862 913 1902; baseline 0.003 -11"><span class='ocrx_word' id='word_1_182' title='bbox 213 1862 326 1891; x_wconf 83' lang='lat' dir='ltr'><em>vativa</em></span> <span class='ocrx_word' id='word_1_183' title='bbox 351 1863 516 1902; x_wconf 79' lang='lat' dir='ltr'><em>particula</em></span> <span class='ocrx_word' id='word_1_184' title='bbox 542 1868 575 1892; x_wconf 87' lang='lat' dir='ltr'><em>et</em></span> <span class='ocrx_word' id='word_1_185' title='bbox 599 1862 685 1900; x_wconf 83' lang='grc' dir='ltr'>ποὺς,</span> <span class='ocrx_word' id='word_1_186' title='bbox 705 1873 775 1902; x_wconf 79' lang='lat' dir='ltr'><em>pes,</em></span> <span class='ocrx_word' id='word_1_187' title='bbox 793 1862 913 1893; x_wconf 83' lang='lat' dir='ltr'><em>funda-</em></span> 
     </span>
     <span class='ocr_line' id='line_1_33' title="bbox 213 1911 911 1952; baseline 0 -10"><span class='ocrx_word' id='word_1_188' title='bbox 213 1917 377 1951; x_wconf 81' lang='lat' dir='ltr'><em>mentum,</em></span> <span class='ocrx_word' id='word_1_189' title='bbox 394 1912 470 1952; x_wconf 82' lang='lat' dir='ltr'><em>quia</em></span> <span class='ocrx_word' id='word_1_190' title='bbox 492 1911 746 1942; x_wconf 81' lang='lat' dir='ltr'><em>fundamentum</em></span> <span class='ocrx_word' id='word_1_191' title='bbox 775 1922 836 1942; x_wconf 92' lang='lat' dir='ltr'><em>non</em></span> <span class='ocrx_word' id='word_1_192' title='bbox 862 1923 911 1943; x_wconf 86' lang='lat' dir='ltr'><em>es-</em></span> 
     </span>
     <span class='ocr_line' id='line_1_34' title="bbox 214 1962 910 2003; baseline 0.003 -11"><span class='ocrx_word' id='word_1_193' title='bbox 214 1967 288 1993; x_wconf 87' lang='lat' dir='ltr'><em>sent</em></span> <span class='ocrx_word' id='word_1_194' title='bbox 316 1963 474 2003; x_wconf 82' lang='lat' dir='ltr'><em>generis:</em></span> <span class='ocrx_word' id='word_1_195' title='bbox 498 1962 572 1994; x_wconf 82' lang='grc' dir='ltr'>ποὺς</span> <span class='ocrx_word' id='word_1_196' title='bbox 598 1965 699 2001; x_wconf 80' lang='lat' dir='ltr'><em>enim,</em></span> <span class='ocrx_word' id='word_1_197' title='bbox 719 1968 755 1993; x_wconf 85' lang='lat' dir='ltr'><em>nt</em></span> <span class='ocrx_word' id='word_1_198' title='bbox 782 1964 910 1994; x_wconf 82' lang='lat' dir='ltr'><em>Latinis</em></span> 
     </span>
     <span class='ocr_line' id='line_1_35' title="bbox 209 2012 911 2053; baseline 0.006 -12"><span class='ocrx_word' id='word_1_199' title='bbox 209 2022 272 2052; x_wconf 82' lang='lat' dir='ltr'><em>pes,</em></span> <span class='ocrx_word' id='word_1_200' title='bbox 292 2023 352 2053; x_wconf 84' lang='lat' dir='ltr'><em>pro</em></span> <span class='ocrx_word' id='word_1_201' title='bbox 379 2012 609 2045; x_wconf 76' lang='lat' dir='ltr'><em>fundamento.</em></span> <span class='ocrx_word' id='word_1_202' title='bbox 636 2014 748 2045; x_wconf 78' lang='lat' dir='ltr'><em>l&#39;lant.</em></span> <span class='ocrx_word' id='word_1_203' title='bbox 777 2015 911 2046; x_wconf 76' lang='lat' dir='ltr'><em>Asinar.</em></span> 
     </span>
     <span class='ocr_line' id='line_1_36' title="bbox 211 2063 911 2104; baseline 0.003 -11"><span class='ocrx_word' id='word_1_204' title='bbox 211 2065 220 2080; x_wconf 90' lang='lat'>‘</span> <span class='ocrx_word' id='word_1_205' title='bbox 241 2063 314 2103; x_wconf 82' lang='lat' dir='ltr'><em>Ego</em></span> <span class='ocrx_word' id='word_1_206' title='bbox 340 2068 442 2103; x_wconf 80' lang='lat' dir='ltr'><em>caput</em></span> <span class='ocrx_word' id='word_1_207' title='bbox 468 2064 545 2095; x_wconf 89' lang='lat' dir='ltr'><em>hnic</em></span> <span class='ocrx_word' id='word_1_208' title='bbox 571 2070 712 2104; x_wconf 76' lang='lat' dir='ltr'><em>argento</em></span> <span class='ocrx_word' id='word_1_209' title='bbox 739 2064 786 2095; x_wconf 86' lang='lat' dir='ltr'><em>fui</em></span> <span class='ocrx_word' id='word_1_210' title='bbox 814 2065 911 2096; x_wconf 80' lang='lat' dir='ltr'><em>hodie</em></span> 
     </span>
     <span class='ocr_line' id='line_1_37' title="bbox 213 2113 910 2153; baseline 0.003 -10"><span class='ocrx_word' id='word_1_211' title='bbox 213 2113 429 2153; x_wconf 85' lang='lat' dir='ltr'><em>reperiundo.</em></span> <span class='ocrx_word' id='word_1_212' title='bbox 475 2113 547 2153; x_wconf 82' lang='lat' dir='ltr'><em>Ego</em></span> <span class='ocrx_word' id='word_1_213' title='bbox 565 2123 623 2153; x_wconf 81' lang='lat' dir='ltr'><em>pes</em></span> <span class='ocrx_word' id='word_1_214' title='bbox 638 2113 711 2145; x_wconf 84' lang='lat' dir='ltr'><em>sui.&#39;</em></span> <span class='ocrx_word' id='word_1_215' title='bbox 755 2114 839 2144; x_wconf 86' lang='lat' dir='ltr'><em>Inde</em></span> <span class='ocrx_word' id='word_1_216' title='bbox 854 2124 910 2145; x_wconf 90' lang='lat' dir='ltr'><em>ne·</em></span> 
     </span>
     <span class='ocr_line' id='line_1_38' title="bbox 213 2163 909 2204; baseline 0.001 -10"><span class='ocrx_word' id='word_1_217' title='bbox 213 2168 308 2204; x_wconf 86' lang='lat' dir='ltr'><em>potes</em></span> <span class='ocrx_word' id='word_1_218' title='bbox 325 2163 407 2194; x_wconf 83' lang='lat' dir='ltr'><em>dicti</em></span> <span class='ocrx_word' id='word_1_219' title='bbox 426 2163 551 2203; x_wconf 81' lang='lat' dir='ltr'><em>perditi</em></span> <span class='ocrx_word' id='word_1_220' title='bbox 570 2173 608 2194; x_wconf 81' lang='lat' dir='ltr'><em>ac</em></span> <span class='ocrx_word' id='word_1_221' title='bbox 626 2164 806 2195; x_wconf 64' lang='lat' dir='ltr'><em>luxuriosae</em></span> <span class='ocrx_word' id='word_1_222' title='bbox 831 2165 909 2195; x_wconf 82' lang='lat' dir='ltr'><em>vitae</em></span> 
     </span>
     <span class='ocr_line' id='line_1_39' title="bbox 211 2213 913 2254; baseline 0 -10"><span class='ocrx_word' id='word_1_223' title='bbox 211 2214 378 2252; x_wconf 83' lang='lat' dir='ltr'><em>homines,</em></span> <span class='ocrx_word' id='word_1_224' title='bbox 412 2213 506 2254; x_wconf 84' lang='lat' dir='ltr'><em>cnjus</em></span> <span class='ocrx_word' id='word_1_225' title='bbox 536 2214 584 2245; x_wconf 92' lang='lat' dir='ltr'><em>rei</em></span> <span class='ocrx_word' id='word_1_226' title='bbox 620 2215 786 2245; x_wconf 79' lang='lat' dir='ltr'><em>rationem</em></span> <span class='ocrx_word' id='word_1_227' title='bbox 826 2214 913 2245; x_wconf 80' lang='lat' dir='ltr'><em>infra</em></span> 
     </span>
     <span class='ocr_line' id='line_1_40' title="bbox 214 2264 911 2305; baseline 0.001 -11"><span class='ocrx_word' id='word_1_228' title='bbox 214 2265 335 2295; x_wconf 83' lang='lat' dir='ltr'><em>Festus</em></span> <span class='ocrx_word' id='word_1_229' title='bbox 353 2265 458 2301; x_wconf 80' lang='lat' dir='ltr'><em>dabit,</em></span> <span class='ocrx_word' id='word_1_230' title='bbox 476 2264 529 2295; x_wconf 91' lang='lat' dir='ltr'><em>cui</em></span> <span class='ocrx_word' id='word_1_231' title='bbox 543 2270 577 2295; x_wconf 88' lang='lat' dir='ltr'><em>et</em></span> <span class='ocrx_word' id='word_1_232' title='bbox 594 2265 679 2295; x_wconf 87' lang='lat' dir='ltr'><em>hanc</em></span> <span class='ocrx_word' id='word_1_233' title='bbox 697 2270 792 2305; x_wconf 85' lang='lat' dir='ltr'><em>potes</em></span> <span class='ocrx_word' id='word_1_234' title='bbox 810 2264 911 2295; x_wconf 80' lang='lat' dir='ltr'><em>adde-</em></span> 
     </span>
     <span class='ocr_line' id='line_1_41' title="bbox 212 2315 912 2356; baseline 0.001 -11"><span class='ocrx_word' id='word_1_235' title='bbox 212 2325 260 2353; x_wconf 86' lang='lat' dir='ltr'><em>re,</em></span> <span class='ocrx_word' id='word_1_236' title='bbox 278 2316 365 2356; x_wconf 90' lang='lat' dir='ltr'><em>quod</em></span> <span class='ocrx_word' id='word_1_237' title='bbox 384 2315 566 2356; x_wconf 77' lang='lat' dir='ltr'><em>nepotibus</em></span> <span class='ocrx_word' id='word_1_238' title='bbox 584 2325 717 2355; x_wconf 79' lang='lat' dir='ltr'><em>semper</em></span> <span class='ocrx_word' id='word_1_239' title='bbox 734 2315 912 2355; x_wconf 79' lang='lat' dir='ltr'><em>indulgent</em></span> 
     </span>
     <span class='ocr_line' id='line_1_42' title="bbox 214 2365 910 2403; baseline 0.001 -9"><span class='ocrx_word' id='word_1_240' title='bbox 214 2366 279 2403; x_wconf 88' lang='lat' dir='ltr'><em>avi,</em></span> <span class='ocrx_word' id='word_1_241' title='bbox 294 2365 474 2396; x_wconf 81' lang='lat' dir='ltr'><em>connivent</em></span> <span class='ocrx_word' id='word_1_242' title='bbox 492 2375 608 2396; x_wconf 85' lang='lat' dir='ltr'><em>eorum</em></span> <span class='ocrx_word' id='word_1_243' title='bbox 633 2365 782 2401; x_wconf 72' lang='lat' dir='ltr'><em>deliciis,</em></span> <span class='ocrx_word' id='word_1_244' title='bbox 796 2375 834 2396; x_wconf 83' lang='lat' dir='ltr'><em>ac</em></span> <span class='ocrx_word' id='word_1_245' title='bbox 852 2366 910 2396; x_wconf 89' lang='lat' dir='ltr'><em>im—</em></span> 
     </span>
     <span class='ocr_line' id='line_1_43' title="bbox 214 2414 910 2456; baseline 0.003 -12"><span class='ocrx_word' id='word_1_246' title='bbox 214 2414 367 2455; x_wconf 88' lang='lat' dir='ltr'><em>pediunt,</em></span> <span class='ocrx_word' id='word_1_247' title='bbox 383 2416 462 2456; x_wconf 85' lang='lat' dir='ltr'><em>quin</em></span> <span class='ocrx_word' id='word_1_248' title='bbox 477 2425 516 2446; x_wconf 87' lang='lat' dir='ltr'><em>ea</em></span> <span class='ocrx_word' id='word_1_249' title='bbox 534 2416 566 2446; x_wconf 91' lang='lat' dir='ltr'><em>in</em></span> <span class='ocrx_word' id='word_1_250' title='bbox 584 2421 764 2456; x_wconf 84' lang='lat' dir='ltr'><em>parentum</em></span> <span class='ocrx_word' id='word_1_251' title='bbox 781 2417 910 2447; x_wconf 88' lang='lat' dir='ltr'><em>consci-</em></span> 
     </span>
     <span class='ocr_line' id='line_1_44' title="bbox 214 2463 909 2506; baseline 0.006 -13"><span class='ocrx_word' id='word_1_252' title='bbox 214 2463 339 2494; x_wconf 86' lang='lat' dir='ltr'><em>entiam</em></span> <span class='ocrx_word' id='word_1_253' title='bbox 371 2466 520 2505; x_wconf 86' lang='lat' dir='ltr'><em>veniant,</em></span> <span class='ocrx_word' id='word_1_254' title='bbox 548 2466 634 2496; x_wconf 87' lang='lat' dir='ltr'><em>unde</em></span> <span class='ocrx_word' id='word_1_255' title='bbox 662 2467 682 2496; x_wconf 91' lang='lat' dir='ltr'><em>ii</em></span> <span class='ocrx_word' id='word_1_256' title='bbox 710 2471 829 2506; x_wconf 77' lang='lat' dir='ltr'><em>postea</em></span> <span class='ocrx_word' id='word_1_257' title='bbox 852 2476 909 2497; x_wconf 88' lang='lat' dir='ltr'><em>ne-</em></span> 
     </span>
     <span class='ocr_line' id='line_1_45' title="bbox 213 2516 909 2554; baseline 0.006 -10"><span class='ocrx_word' id='word_1_258' title='bbox 213 2523 313 2554; x_wconf 87' lang='lat' dir='ltr'><em>quam</em></span> <span class='ocrx_word' id='word_1_259' title='bbox 350 2516 498 2546; x_wconf 82' lang='lat' dir='ltr'><em>evadunt</em></span> <span class='ocrx_word' id='word_1_260' title='bbox 534 2522 569 2547; x_wconf 90' lang='lat' dir='ltr'><em>et</em></span> <span class='ocrx_word' id='word_1_261' title='bbox 606 2516 772 2547; x_wconf 75' lang='lat' dir='ltr'><em>dissoluti.</em></span> <span class='ocrx_word' id='word_1_262' title='bbox 820 2517 909 2549; x_wconf 86' lang='lat' dir='ltr'><em>Hinc</em></span> 
     </span>
     <span class='ocr_line' id='line_1_46' title="bbox 212 2565 887 2604; baseline 0.006 -10"><span class='ocrx_word' id='word_1_263' title='bbox 212 2565 221 2580; x_wconf 81' lang='lat'><strong><em>⁴</em></strong></span> <span class='ocrx_word' id='word_1_264' title='bbox 241 2569 422 2604; x_wconf 74' lang='lat' dir='ltr'><em>nepotatus</em></span> <span class='ocrx_word' id='word_1_265' title='bbox 438 2565 444 2577; x_wconf 89' lang='lat'>’</span> <span class='ocrx_word' id='word_1_266' title='bbox 460 2566 491 2596; x_wconf 90' lang='lat' dir='ltr'><em>in</em></span> <span class='ocrx_word' id='word_1_267' title='bbox 509 2566 621 2598; x_wconf 89' lang='lat' dir='ltr'><em>Gloss.</em></span> <span class='ocrx_word' id='word_1_268' title='bbox 637 2566 766 2598; x_wconf 81' lang='grc' dir='ltr'>ἀσωτία.</span> <span class='ocrx_word' id='word_1_269' title='bbox 792 2568 887 2598; x_wconf 78' lang='lat' dir='ltr'><em>Idem.</em></span> 
     </span>
    </p>
   </div>
   <div class='ocr_carea' id='block_1_16' title="bbox 215 2614 909 2700">
    <p class='ocr_par' dir='ltr' id='par_1_19' title="bbox 215 2614 909 2700">
     <span class='ocr_line' id='line_1_47' title="bbox 256 2614 909 2658; baseline 0.009 -14"><span class='ocrx_word' id='word_1_270' title='bbox 256 2620 271 2634; x_wconf 79' lang='lat'><em>¹¹</em></span> <span class='ocrx_word' id='word_1_271' title='bbox 296 2614 417 2655; x_wconf 82' lang='lat' dir='ltr'><em>Nepos]</em></span> <span class='ocrx_word' id='word_1_272' title='bbox 442 2617 622 2648; x_wconf 80' lang='lat' dir='ltr'><em>Maximam</em></span> <span class='ocrx_word' id='word_1_273' title='bbox 645 2625 774 2658; x_wconf 76' lang='lat' dir='ltr'><em>partem</em></span> <span class='ocrx_word' id='word_1_274' title='bbox 793 2620 909 2650; x_wconf 81' lang='lat' dir='ltr'><em>horum</em></span> 
     </span>
     <span class='ocr_line' id='line_1_48' title="bbox 215 2664 908 2700; baseline 0.009 -6"><span class='ocrx_word' id='word_1_275' title='bbox 215 2664 396 2696; x_wconf 84' lang='lat' dir='ltr'><em>verborum</em></span> <span class='ocrx_word' id='word_1_276' title='bbox 423 2665 515 2696; x_wconf 82' lang='lat' dir='ltr'><em>Festi</em></span> <span class='ocrx_word' id='word_1_277' title='bbox 542 2677 583 2697; x_wconf 66' lang='lat' dir='ltr'><em>ex</em></span> <span class='ocrx_word' id='word_1_278' title='bbox 601 2669 712 2699; x_wconf 81' lang='lat' dir='ltr'><em>verbis</em></span> <span class='ocrx_word' id='word_1_279' title='bbox 738 2670 835 2699; x_wconf 80' lang='lat' dir='ltr'><em>Pauli</em></span> <span class='ocrx_word' id='word_1_280' title='bbox 860 2670 908 2700; x_wconf 92' lang='lat' dir='ltr'><em>in-</em></span> 
     </span>
    </p>
   </div>
   <div class='ocr_carea' id='block_1_17' title="bbox 963 1300 1666 2710">
    <p class='ocr_par' dir='ltr' id='par_1_20' title="bbox 963 1300 1665 2252">
     <span class='ocr_line' id='line_1_49' title="bbox 965 1300 1662 1345; baseline -0.009 -9"><span class='ocrx_word' id='word_1_281' title='bbox 965 1304 1222 1345; x_wconf 82' lang='lat' dir='ltr'><em>terpretaberis,</em></span> <span class='ocrx_word' id='word_1_282' title='bbox 1254 1307 1378 1344; x_wconf 67' lang='lat' dir='ltr'><em>praeter</em></span> <span class='ocrx_word' id='word_1_283' title='bbox 1416 1302 1461 1341; x_wconf 84' lang='lat' dir='ltr'><em>id,</em></span> <span class='ocrx_word' id='word_1_284' title='bbox 1492 1300 1582 1341; x_wconf 81' lang='lat' dir='ltr'><em>quod</em></span> <span class='ocrx_word' id='word_1_285' title='bbox 1620 1300 1662 1330; x_wconf 90' lang='lat' dir='ltr'><em>de</em></span> 
     </span>
     <span class='ocr_line' id='line_1_50' title="bbox 964 1350 1661 1393; baseline -0.01 -6"><span class='ocrx_word' id='word_1_286' title='bbox 964 1357 1085 1387; x_wconf 86' lang='lat' dir='ltr'><em>Tuscis</em></span> <span class='ocrx_word' id='word_1_287' title='bbox 1102 1356 1196 1386; x_wconf 88' lang='lat' dir='ltr'><em>initio</em></span> <span class='ocrx_word' id='word_1_288' title='bbox 1206 1355 1352 1385; x_wconf 83' lang='lat' dir='ltr'><em>dicitur:</em></span> <span class='ocrx_word' id='word_1_289' title='bbox 1379 1352 1533 1393; x_wconf 86' lang='lat' dir='ltr'><em>quodque</em></span> <span class='ocrx_word' id='word_1_290' title='bbox 1547 1352 1579 1382; x_wconf 90' lang='lat' dir='ltr'><em>in</em></span> <span class='ocrx_word' id='word_1_291' title='bbox 1596 1350 1661 1381; x_wconf 89' lang='lat' dir='ltr'><em>sme</em></span> 
     </span>
     <span class='ocr_line' id='line_1_51' title="bbox 963 1402 1662 1446; baseline -0.01 -8"><span class='ocrx_word' id='word_1_292' title='bbox 963 1406 1110 1438; x_wconf 80' lang='grc' dir='ltr'>πόδεσσιν</span> <span class='ocrx_word' id='word_1_293' title='bbox 1125 1406 1290 1446; x_wconf 84' lang='lat' dir='ltr'><em>scriptum</em></span> <span class='ocrx_word' id='word_1_294' title='bbox 1305 1409 1369 1435; x_wconf 86' lang='lat' dir='ltr'><em>est.</em></span> <span class='ocrx_word' id='word_1_295' title='bbox 1413 1404 1469 1434; x_wconf 88' lang='lat' dir='ltr'><em>De</em></span> <span class='ocrx_word' id='word_1_296' title='bbox 1480 1402 1598 1433; x_wconf 87' lang='lat' dir='ltr'><em>Tuscis</em></span> <span class='ocrx_word' id='word_1_297' title='bbox 1614 1402 1662 1432; x_wconf 82' lang='lat' dir='ltr'><em>ni-</em></span> 
     </span>
     <span class='ocr_line' id='line_1_52' title="bbox 965 1452 1661 1496; baseline -0.01 -8"><span class='ocrx_word' id='word_1_298' title='bbox 965 1459 1009 1488; x_wconf 82' lang='lat' dir='ltr'><em>liil</em></span> <span class='ocrx_word' id='word_1_299' title='bbox 1040 1458 1129 1488; x_wconf 78' lang='lat' dir='ltr'><em>aliud</em></span> <span class='ocrx_word' id='word_1_300' title='bbox 1161 1456 1281 1495; x_wconf 81' lang='lat' dir='ltr'><em>haben,</em></span> <span class='ocrx_word' id='word_1_301' title='bbox 1311 1464 1410 1496; x_wconf 86' lang='lat' dir='ltr'><em>quam</em></span> <span class='ocrx_word' id='word_1_302' title='bbox 1437 1463 1490 1484; x_wconf 91' lang='lat' dir='ltr'><em>me</em></span> <span class='ocrx_word' id='word_1_303' title='bbox 1529 1452 1661 1492; x_wconf 86' lang='lat' dir='ltr'><em>opinari</em></span> 
     </span>
     <span class='ocr_line' id='line_1_53' title="bbox 964 1503 1662 1538; baseline -0.009 0"><span class='ocrx_word' id='word_1_304' title='bbox 964 1509 1092 1538; x_wconf 75' lang='lat' dir='ltr'><em>Tuscos</em></span> <span class='ocrx_word' id='word_1_305' title='bbox 1125 1516 1165 1537; x_wconf 80' lang='lat' dir='ltr'><em>eo</em></span> <span class='ocrx_word' id='word_1_306' title='bbox 1199 1506 1331 1536; x_wconf 84' lang='lat' dir='ltr'><em>nomine</em></span> <span class='ocrx_word' id='word_1_307' title='bbox 1369 1514 1457 1535; x_wconf 90' lang='lat' dir='ltr'><em>usos.</em></span> <span class='ocrx_word' id='word_1_308' title='bbox 1502 1503 1662 1535; x_wconf 75' lang='lat' dir='ltr'><em>Graecum</em></span> 
     </span>
     <span class='ocr_line' id='line_1_54' title="bbox 966 1553 1662 1596; baseline -0.01 -7"><span class='ocrx_word' id='word_1_309' title='bbox 966 1563 1078 1590; x_wconf 87' lang='lat' dir='ltr'><em>antem</em></span> <span class='ocrx_word' id='word_1_310' title='bbox 1106 1567 1179 1588; x_wconf 86' lang='lat' dir='ltr'><em>esse</em></span> <span class='ocrx_word' id='word_1_311' title='bbox 1204 1555 1360 1596; x_wconf 73' lang='lat' dir='ltr'><em>cognovi,</em></span> <span class='ocrx_word' id='word_1_312' title='bbox 1380 1564 1454 1585; x_wconf 87' lang='lat' dir='ltr'><em>cnm</em></span> <span class='ocrx_word' id='word_1_313' title='bbox 1478 1553 1557 1584; x_wconf 79' lang='lat' dir='ltr'><em>mihi</em></span> <span class='ocrx_word' id='word_1_314' title='bbox 1587 1553 1662 1583; x_wconf 81' lang='lat' dir='ltr'><em>Ful-</em></span> 
     </span>
     <span class='ocr_line' id='line_1_55' title="bbox 967 1603 1663 1646; baseline -0.011 -7"><span class='ocrx_word' id='word_1_315' title='bbox 967 1609 1038 1639; x_wconf 88' lang='lat' dir='ltr'><em>vius</em></span> <span class='ocrx_word' id='word_1_316' title='bbox 1064 1607 1219 1646; x_wconf 85' lang='lat' dir='ltr'><em>Ursinus,</em></span> <span class='ocrx_word' id='word_1_317' title='bbox 1249 1606 1322 1646; x_wconf 68' lang='lat' dir='ltr'><em>ejus</em></span> <span class='ocrx_word' id='word_1_318' title='bbox 1349 1606 1470 1644; x_wconf 85' lang='lat' dir='ltr'><em>lingnae</em></span> <span class='ocrx_word' id='word_1_319' title='bbox 1500 1603 1663 1643; x_wconf 78' lang='lat' dir='ltr'><em>peritissi-</em></span> 
     </span>
     <span class='ocr_line' id='line_1_56' title="bbox 968 1654 1663 1698; baseline -0.01 -9"><span class='ocrx_word' id='word_1_320' title='bbox 968 1669 1052 1694; x_wconf 87' lang='lat' dir='ltr'><em>mus,</em></span> <span class='ocrx_word' id='word_1_321' title='bbox 1069 1669 1086 1689; x_wconf 87' lang='lat' dir='ltr'><em>a</em></span> <span class='ocrx_word' id='word_1_322' title='bbox 1104 1669 1167 1698; x_wconf 91' lang='lat' dir='ltr'><em>qno</em></span> <span class='ocrx_word' id='word_1_323' title='bbox 1186 1657 1291 1688; x_wconf 85' lang='lat' dir='ltr'><em>multa</em></span> <span class='ocrx_word' id='word_1_324' title='bbox 1309 1657 1340 1686; x_wconf 93' lang='lat' dir='ltr'><em>in</em></span> <span class='ocrx_word' id='word_1_325' title='bbox 1364 1656 1427 1685; x_wconf 81' lang='lat' dir='ltr'><em>hoc</em></span> <span class='ocrx_word' id='word_1_326' title='bbox 1448 1654 1532 1685; x_wconf 89' lang='lat' dir='ltr'><em>libro</em></span> <span class='ocrx_word' id='word_1_327' title='bbox 1550 1662 1663 1684; x_wconf 87' lang='lat' dir='ltr'><em>emen-</em></span> 
     </span>
     <span class='ocr_line' id='line_1_57' title="bbox 967 1703 1663 1747; baseline -0.007 -7"><span class='ocrx_word' id='word_1_328' title='bbox 967 1710 1048 1741; x_wconf 83' lang='lat' dir='ltr'><em>data</em></span> <span class='ocrx_word' id='word_1_329' title='bbox 1074 1715 1164 1747; x_wconf 88' lang='lat' dir='ltr'><em>suut,</em></span> <span class='ocrx_word' id='word_1_330' title='bbox 1189 1707 1337 1738; x_wconf 81' lang='lat' dir='ltr'><em>ostendit</em></span> <span class='ocrx_word' id='word_1_331' title='bbox 1363 1704 1581 1746; x_wconf 87' lang='lat' dir='ltr'><em>Apollonium</em></span> <span class='ocrx_word' id='word_1_332' title='bbox 1607 1703 1663 1735; x_wconf 83' lang='lat' dir='ltr'><em>lib.</em></span> 
     </span>
     <span class='ocr_line' id='line_1_58' title="bbox 968 1755 1664 1798; baseline -0.01 -7"><span class='ocrx_word' id='word_1_333' title='bbox 968 1770 1018 1791; x_wconf 79' lang='lat' dir='ltr'><em>iv.</em></span> <span class='ocrx_word' id='word_1_334' title='bbox 1036 1766 1071 1791; x_wconf 90' lang='lat' dir='ltr'><em>et</em></span> <span class='ocrx_word' id='word_1_335' title='bbox 1094 1760 1236 1790; x_wconf 83' lang='lat' dir='ltr'><em>Theocr.</em></span> <span class='ocrx_word' id='word_1_336' title='bbox 1252 1758 1338 1798; x_wconf 91' lang='lat' dir='ltr'>Idyl.</span> <span class='ocrx_word' id='word_1_337' title='bbox 1359 1766 1452 1788; x_wconf 81' lang='lat' dir='ltr'>xvu.</span> <span class='ocrx_word' id='word_1_338' title='bbox 1468 1757 1500 1786; x_wconf 89' lang='lat' dir='ltr'><em>in</em></span> <span class='ocrx_word' id='word_1_339' title='bbox 1517 1756 1576 1786; x_wconf 81' lang='lat' dir='ltr'><em>hac</em></span> <span class='ocrx_word' id='word_1_340' title='bbox 1599 1755 1664 1795; x_wconf 88' lang='lat' dir='ltr'><em>sig-</em></span> 
     </span>
     <span class='ocr_line' id='line_1_59' title="bbox 968 1806 1663 1841; baseline -0.009 0"><span class='ocrx_word' id='word_1_341' title='bbox 968 1810 1162 1841; x_wconf 82' lang='lat' dir='ltr'><em>nificatione</em></span> <span class='ocrx_word' id='word_1_342' title='bbox 1200 1809 1262 1840; x_wconf 83' lang='lat' dir='ltr'><em>hoc</em></span> <span class='ocrx_word' id='word_1_343' title='bbox 1295 1807 1397 1839; x_wconf 87' lang='lat' dir='ltr'><em>verbo</em></span> <span class='ocrx_word' id='word_1_344' title='bbox 1435 1807 1495 1837; x_wconf 85' lang='lat' dir='ltr'><em>uti.</em></span> <span class='ocrx_word' id='word_1_345' title='bbox 1542 1806 1663 1836; x_wconf 80' lang='lat' dir='ltr'><em>Eusta-</em></span> 
     </span>
     <span class='ocr_line' id='line_1_60' title="bbox 969 1856 1662 1901; baseline -0.006 -10"><span class='ocrx_word' id='word_1_346' title='bbox 969 1861 1057 1891; x_wconf 78' lang='lat' dir='ltr'><em>thius</em></span> <span class='ocrx_word' id='word_1_347' title='bbox 1090 1869 1224 1901; x_wconf 81' lang='lat' dir='ltr'><em>qnoque</em></span> <span class='ocrx_word' id='word_1_348' title='bbox 1253 1858 1342 1889; x_wconf 82' lang='lat' dir='ltr'><em>idem</em></span> <span class='ocrx_word' id='word_1_349' title='bbox 1381 1856 1539 1895; x_wconf 84' lang='lat' dir='ltr'><em>affirmat,</em></span> <span class='ocrx_word' id='word_1_350' title='bbox 1563 1856 1595 1886; x_wconf 92' lang='lat' dir='ltr'><em>in</em></span> <span class='ocrx_word' id='word_1_351' title='bbox 1624 1860 1662 1887; x_wconf 92' lang='grc' dir='ltr'><em>Δ.</em></span> 
     </span>
     <span class='ocr_line' id='line_1_61' title="bbox 968 1906 1665 1952; baseline -0.007 -10"><span class='ocrx_word' id='word_1_352' title='bbox 968 1911 1095 1952; x_wconf 86' lang='lat' dir='ltr'><em>Odyss.</em></span> <span class='ocrx_word' id='word_1_353' title='bbox 1121 1911 1210 1941; x_wconf 83' lang='lat' dir='ltr'><em>Fieri</em></span> <span class='ocrx_word' id='word_1_354' title='bbox 1233 1910 1335 1940; x_wconf 80' lang='lat' dir='ltr'><em>etiam</em></span> <span class='ocrx_word' id='word_1_355' title='bbox 1362 1913 1490 1949; x_wconf 77' lang='lat' dir='ltr'><em>potest,</em></span> <span class='ocrx_word' id='word_1_356' title='bbox 1505 1912 1543 1938; x_wconf 89' lang='lat' dir='ltr'><em>ut</em></span> <span class='ocrx_word' id='word_1_357' title='bbox 1562 1906 1665 1947; x_wconf 82' lang='lat' dir='ltr'><em>Apol·-</em></span> 
     </span>
     <span class='ocr_line' id='line_1_62' title="bbox 965 1957 1664 1998; baseline -0.007 -5"><span class='ocrx_word' id='word_1_358' title='bbox 965 1963 1046 1993; x_wconf 87' lang='lat' dir='ltr'><em>lonii</em></span> <span class='ocrx_word' id='word_1_359' title='bbox 1074 1971 1209 1992; x_wconf 81' lang='lat' dir='ltr'><em>carmen</em></span> <span class='ocrx_word' id='word_1_360' title='bbox 1235 1960 1391 1991; x_wconf 87' lang='lat' dir='ltr'><em>retulerit</em></span> <span class='ocrx_word' id='word_1_361' title='bbox 1420 1960 1552 1998; x_wconf 79' lang='lat' dir='ltr'><em>Festus,</em></span> <span class='ocrx_word' id='word_1_362' title='bbox 1567 1957 1664 1997; x_wconf 89' lang='lat' dir='ltr'><em>cujus</em></span> 
     </span>
     <span class='ocr_line' id='line_1_63' title="bbox 966 2006 1662 2046; baseline -0.006 -3"><span class='ocrx_word' id='word_1_363' title='bbox 966 2012 1042 2043; x_wconf 79' lang='lat' dir='ltr'><em>finis</em></span> <span class='ocrx_word' id='word_1_364' title='bbox 1087 2018 1161 2043; x_wconf 87' lang='lat' dir='ltr'><em>est:</em></span> <span class='ocrx_word' id='word_1_365' title='bbox 1205 2012 1287 2042; x_wconf 83' lang='grc' dir='ltr'>τεοῖς</span> <span class='ocrx_word' id='word_1_366' title='bbox 1327 2009 1509 2040; x_wconf 84' lang='grc' dir='ltr'>νεπόδεσσιν</span> <span class='ocrx_word' id='word_1_367' title='bbox 1545 2006 1662 2046; x_wconf 81' lang='grc' dir='ltr'>ἑτοιμή.</span> 
     </span>
     <span class='ocr_line' id='line_1_64' title="bbox 968 2059 1662 2102; baseline -0.009 -7"><span class='ocrx_word' id='word_1_368' title='bbox 968 2065 1077 2096; x_wconf 80' lang='lat' dir='ltr'><em>Quem</em></span> <span class='ocrx_word' id='word_1_369' title='bbox 1109 2072 1190 2093; x_wconf 85' lang='lat' dir='ltr'><em>vero</em></span> <span class='ocrx_word' id='word_1_370' title='bbox 1220 2061 1389 2102; x_wconf 81' lang='lat' dir='ltr'><em>significet</em></span> <span class='ocrx_word' id='word_1_371' title='bbox 1426 2061 1488 2091; x_wconf 88' lang='lat' dir='ltr'><em>illis</em></span> <span class='ocrx_word' id='word_1_372' title='bbox 1523 2059 1662 2099; x_wconf 83' lang='lat' dir='ltr'><em>syllabis</em></span> 
     </span>
     <span class='ocr_line' id='line_1_65' title="bbox 966 2109 1665 2153; baseline -0.007 -9"><span class='ocrx_word' id='word_1_373' title='bbox 966 2114 1057 2153; x_wconf 81' lang='lat' dir='ltr'><em>(chus</em></span> <span class='ocrx_word' id='word_1_374' title='bbox 1076 2112 1173 2153; x_wconf 80' lang='lat' dir='ltr'><em>inter)</em></span> <span class='ocrx_word' id='word_1_375' title='bbox 1190 2122 1232 2142; x_wconf 87' lang='lat' dir='ltr'><em>an</em></span> <span class='ocrx_word' id='word_1_376' title='bbox 1249 2111 1494 2149; x_wconf 83' lang='lat' dir='ltr'><em>Aristarchum,</em></span> <span class='ocrx_word' id='word_1_377' title='bbox 1510 2110 1563 2140; x_wconf 85' lang='lat' dir='ltr'><em>vel</em></span> <span class='ocrx_word' id='word_1_378' title='bbox 1587 2109 1665 2140; x_wconf 83' lang='lat' dir='ltr'><em>Cal-</em></span> 
     </span>
     <span class='ocr_line' id='line_1_66' title="bbox 966 2161 1661 2203; baseline -0.006 -9"><span class='ocrx_word' id='word_1_379' title='bbox 966 2164 1156 2203; x_wconf 86' lang='lat' dir='ltr'><em>limachum,</em></span> <span class='ocrx_word' id='word_1_380' title='bbox 1187 2162 1342 2200; x_wconf 79' lang='lat' dir='ltr'><em>aliumve,</em></span> <span class='ocrx_word' id='word_1_381' title='bbox 1370 2161 1465 2192; x_wconf 90' lang='lat' dir='ltr'><em>nobis</em></span> <span class='ocrx_word' id='word_1_382' title='bbox 1495 2161 1661 2192; x_wconf 83' lang='lat' dir='ltr'><em>incertum</em></span> 
     </span>
     <span class='ocr_line' id='line_1_67' title="bbox 967 2214 1229 2252; baseline -0.011 -6"><span class='ocrx_word' id='word_1_383' title='bbox 967 2220 1029 2246; x_wconf 77' lang='lat' dir='ltr'><em>est.</em></span> <span class='ocrx_word' id='word_1_384' title='bbox 1046 2214 1126 2245; x_wconf 74' lang='lat' dir='ltr'><em>Ant.</em></span> <span class='ocrx_word' id='word_1_385' title='bbox 1142 2214 1229 2252; x_wconf 77' lang='lat' dir='ltr'><em>Aug.</em></span> 
     </span>
    </p>

    <p class='ocr_par' dir='ltr' id='par_1_21' title="bbox 966 2262 1666 2346">
     <span class='ocr_line' id='line_1_68' title="bbox 1011 2262 1666 2304; baseline -0.006 -9"><span class='ocrx_word' id='word_1_386' title='bbox 1011 2264 1129 2304; x_wconf 84' lang='lat' dir='ltr'><em>Nepos]</em></span> <span class='ocrx_word' id='word_1_387' title='bbox 1155 2264 1244 2295; x_wconf 80' lang='lat' dir='ltr'><em>Vide</em></span> <span class='ocrx_word' id='word_1_388' title='bbox 1267 2264 1299 2294; x_wconf 87' lang='lat' dir='ltr'><em>in</em></span> <span class='ocrx_word' id='word_1_389' title='bbox 1325 2262 1579 2304; x_wconf 84' lang='lat' dir='ltr'><em>Coujectaneis.</em></span> <span class='ocrx_word' id='word_1_390' title='bbox 1595 2262 1666 2292; x_wconf 85' lang='lat' dir='ltr'><em>Jos.</em></span> 
     </span>
     <span class='ocr_line' id='line_1_69' title="bbox 966 2314 1051 2346; baseline 0.012 -1"><span class='ocrx_word' id='word_1_391' title='bbox 966 2314 1051 2346; x_wconf 83' lang='lat' dir='ltr'><em>Scul.</em></span> 
     </span>
    </p>

    <p class='ocr_par' dir='ltr' id='par_1_22' title="bbox 964 2366 1664 2710">
     <span class='ocr_line' id='line_1_70' title="bbox 1011 2366 1664 2408; baseline -0.003 -10"><span class='ocrx_word' id='word_1_392' title='bbox 1011 2369 1130 2408; x_wconf 70' lang='lat' dir='ltr'><em>Nepos]</em></span> <span class='ocrx_word' id='word_1_393' title='bbox 1163 2367 1219 2399; x_wconf 84' lang='lat' dir='ltr'><em>Ita</em></span> <span class='ocrx_word' id='word_1_394' title='bbox 1245 2376 1306 2407; x_wconf 82' lang='lat' dir='ltr'><em>ego</em></span> <span class='ocrx_word' id='word_1_395' title='bbox 1337 2367 1424 2397; x_wconf 88' lang='lat' dir='ltr'><em>lmnc</em></span> <span class='ocrx_word' id='word_1_396' title='bbox 1450 2367 1561 2397; x_wconf 92' lang='lat' dir='ltr'><em>locum</em></span> <span class='ocrx_word' id='word_1_397' title='bbox 1585 2366 1664 2397; x_wconf 91' lang='lat' dir='ltr'><em>olim</em></span> 
     </span>
     <span class='ocr_line' id='line_1_71' title="bbox 966 2416 1662 2459; baseline -0.004 -10"><span class='ocrx_word' id='word_1_398' title='bbox 966 2420 1196 2459; x_wconf 83' lang='lat' dir='ltr'><em>expleveram,</em></span> <span class='ocrx_word' id='word_1_399' title='bbox 1214 2424 1440 2458; x_wconf 63' lang='lat' dir='ltr'><em>praeterquam</em></span> <span class='ocrx_word' id='word_1_400' title='bbox 1460 2416 1549 2458; x_wconf 91' lang='lat' dir='ltr'><em>quod</em></span> <span class='ocrx_word' id='word_1_401' title='bbox 1574 2416 1607 2446; x_wconf 87' lang='lat' dir='ltr'><em>in</em></span> <span class='ocrx_word' id='word_1_402' title='bbox 1626 2417 1662 2446; x_wconf 87' lang='lat' dir='ltr'><em>il-</em></span> 
     </span>
     <span class='ocr_line' id='line_1_72' title="bbox 966 2468 1664 2501; baseline -0.004 -2"><span class='ocrx_word' id='word_1_403' title='bbox 966 2470 1017 2500; x_wconf 88' lang='lat' dir='ltr'><em>lis.</em></span> <span class='ocrx_word' id='word_1_404' title='bbox 1033 2492 1040 2499; x_wconf 94' lang='lat'>.</span> <span class='ocrx_word' id='word_1_405' title='bbox 1053 2493 1060 2500; x_wconf 93' lang='lat'>.</span> <span class='ocrx_word' id='word_1_406' title='bbox 1075 2492 1082 2501; x_wconf 90' lang='lat'><strong>.</strong></span> <span class='ocrx_word' id='word_1_407' title='bbox 1099 2469 1182 2500; x_wconf 77' lang='lat' dir='ltr'><em>chus.</em></span> <span class='ocrx_word' id='word_1_408' title='bbox 1200 2491 1207 2499; x_wconf 90' lang='lat'><strong>.</strong></span> <span class='ocrx_word' id='word_1_409' title='bbox 1222 2492 1229 2500; x_wconf 90' lang='lat'><strong>.</strong></span> <span class='ocrx_word' id='word_1_410' title='bbox 1244 2491 1251 2499; x_wconf 90' lang='lat'>.</span> <span class='ocrx_word' id='word_1_411' title='bbox 1268 2468 1464 2500; x_wconf 83' lang='lat' dir='ltr'><em>Callimachi</em></span> <span class='ocrx_word' id='word_1_412' title='bbox 1488 2468 1594 2498; x_wconf 87' lang='lat' dir='ltr'><em>locum</em></span> <span class='ocrx_word' id='word_1_413' title='bbox 1620 2468 1664 2496; x_wconf 80' lang='lat' dir='ltr'><em>la-</em></span> 
     </span>
     <span class='ocr_line' id='line_1_73' title="bbox 966 2515 1661 2560; baseline -0.006 -10"><span class='ocrx_word' id='word_1_414' title='bbox 966 2525 1039 2550; x_wconf 88' lang='lat' dir='ltr'><em>tere</em></span> <span class='ocrx_word' id='word_1_415' title='bbox 1058 2520 1245 2560; x_wconf 85' lang='lat' dir='ltr'><em>putaverim</em></span> <span class='ocrx_word' id='word_1_416' title='bbox 1261 2530 1267 2547; x_wconf 77' lang='grc' dir='ltr'>ε</span> <span class='ocrx_word' id='word_1_417' title='bbox 1293 2518 1328 2548; x_wconf 85' lang='grc' dir='ltr'><em>οὐ</em></span> <span class='ocrx_word' id='word_1_418' title='bbox 1343 2518 1405 2557; x_wconf 73' lang='grc' dir='ltr'><em>’γὰρ</em></span> <span class='ocrx_word' id='word_1_419' title='bbox 1422 2515 1546 2558; x_wconf 78' lang='grc' dir='ltr'>ἐργάτιν</span> <span class='ocrx_word' id='word_1_420' title='bbox 1560 2516 1661 2556; x_wconf 83' lang='grc' dir='ltr'>τρέψω</span> 
     </span>
     <span class='ocr_line' id='line_1_74' title="bbox 964 2567 1661 2608; baseline -0.004 -8"><span class='ocrx_word' id='word_1_421' title='bbox 964 2571 1026 2607; x_wconf 78' lang='grc' dir='ltr'><em>Τὴν</em></span> <span class='ocrx_word' id='word_1_422' title='bbox 1041 2571 1170 2608; x_wconf 80' lang='grc' dir='ltr'>μοῦσαν,</span> <span class='ocrx_word' id='word_1_423' title='bbox 1183 2570 1221 2600; x_wconf 86' lang='grc' dir='ltr'><em>ὡς</em></span> <span class='ocrx_word' id='word_1_424' title='bbox 1237 2570 1252 2598; x_wconf 88' lang='grc' dir='ltr'><strong><em>ὁ</em></strong></span> <span class='ocrx_word' id='word_1_425' title='bbox 1271 2570 1360 2600; x_wconf 81' lang='grc' dir='ltr'>Κεῖος</span> <span class='ocrx_word' id='word_1_426' title='bbox 1374 2567 1527 2607; x_wconf 75' lang='grc' dir='ltr'>Ὑλλίχου</span> <span class='ocrx_word' id='word_1_427' title='bbox 1541 2567 1661 2603; x_wconf 78' lang='grc' dir='ltr'>νέπους,</span> 
     </span>
     <span class='ocr_line' id='line_1_75' title="bbox 965 2619 1663 2661; baseline -0.006 -9"><span class='ocrx_word' id='word_1_428' title='bbox 965 2628 1099 2661; x_wconf 87' lang='lat' dir='ltr'><em>‘neque</em></span> <span class='ocrx_word' id='word_1_429' title='bbox 1135 2621 1223 2650; x_wconf 88' lang='lat' dir='ltr'><em>enim</em></span> <span class='ocrx_word' id='word_1_430' title='bbox 1273 2619 1513 2649; x_wconf 78' lang='lat' dir='ltr'><em>mercenarium</em></span> <span class='ocrx_word' id='word_1_431' title='bbox 1552 2619 1663 2649; x_wconf 78' lang='lat' dir='ltr'><em>nutrio</em></span> 
     </span>
     <span class='ocr_line' id='line_1_76' title="bbox 965 2669 1661 2710; baseline -0.004 -8"><span class='ocrx_word' id='word_1_432' title='bbox 965 2672 1099 2702; x_wconf 80' lang='lat' dir='ltr'><em>Musam</em></span> <span class='ocrx_word' id='word_1_433' title='bbox 1115 2678 1150 2703; x_wconf 78' lang='grc' dir='ltr'><em>ιιι</em></span> <span class='ocrx_word' id='word_1_434' title='bbox 1175 2672 1263 2702; x_wconf 86' lang='lat' dir='ltr'><em>Ceus</em></span> <span class='ocrx_word' id='word_1_435' title='bbox 1281 2669 1429 2709; x_wconf 81' lang='lat' dir='ltr'><em>Hylliclii</em></span> <span class='ocrx_word' id='word_1_436' title='bbox 1446 2669 1573 2710; x_wconf 64' lang='lat' dir='ltr'><em>nepos.⁸</em></span> <span class='ocrx_word' id='word_1_437' title='bbox 1613 2670 1661 2700; x_wconf 85' lang='lat' dir='ltr'><em>Si-</em></span> 
     </span>
    </p>
   </div>
  </div>
 </body>
</html>
