1835 2906
197 107 281 148 192

193 209 531 259 CRACENTES,‘³
559 210 759 263 graciles.

247 279 426 332 regione
447 283 683 319 cracentes.

641 115 786 146 SEXTI
822 114 1022 149 FOMPEH
1058 114 1193 145 FESTI

821 211 1011 252 Ennius:
1044 208 1270 250 Succincti
1297 207 1456 261 gladiis
1491 208 1635 249 media

196 346 464 387 Craticulum
481 351 495 369 θ
526 359 553 386 a
572 345 730 387 Graeco
753 343 898 400 κρατέω
916 344 1194 385 deducitur.¹⁰

194 413 448 455 Crebrisuro
465 410 478 434 f
507 413 627 466 apud
650 412 841 453 Ennium
871 412 1091 464 significat
1119 409 1280 450 vallum
1312 409 1476 450 crebris
1507 406 1636 456 suris,

249 480 293 521 id
315 484 395 530 est,
420 481 546 534 palis,
568 479 792 520 munitum.

196 547 428 597 Creduasg
440 547 609 589 credas.
640 547 855 588 Plautus:
876 546 1010 600 Ipsus
1027 558 1107 586 nec
1129 549 1261 591 amat,
1275 556 1354 584 nec
1372 547 1418 584 tu
1439 541 1638 582 creduas.

196 615 449 669 Creperum,
470 613 680 664 dubium,h
712 614 826 654 unde
848 611 1135 668 increpitarei
1168 612 1370 661 dicimus,
1399 610 1506 664 quia
1526 608 1639 649 male

251 683 370 723 dicta
390 683 476 723 fere
497 683 658 723 incerta
680 685 724 722 et
744 681 878 722 dubia
898 686 1009 722 sunt.

198 747 488 804 Crepidines‚‚k
521 762 633 790 saxa
653 749 959 802 prominentia.

801 863 1001 877 ‘betereo-eo
1005 865 1022 876 e
1028 864 1047 876 e

242 914 281 942 10
305 911 391 942 Vide
410 910 518 942 Notas
535 910 633 942 infra.

850 974 990 1006 NOTAE

199 1049 363 1090 syllabam
380 1047 519 1080 referat.
541 1048 607 1080 Sed
625 1048 743 1079 melius
759 1049 895 1079 Servius

200 1100 243 1131 ab
270 1099 405 1140 obliquo
431 1098 561 1139 ὄρτυγος
584 1108 644 1139 per
663 1099 898 1140 transpositio-

200 1160 290 1188 nem,
305 1161 328 1188 Ὑ
345 1150 376 1180 in
393 1160 409 1180 c
426 1154 568 1180 mutato.
586 1149 684 1180 Idem.

243 1199 257 1220 ὃ
296 1199 478 1240 Cracentes]
516 1198 700 1238 Isidorus,·
725 1198 898 1230 ‘Cracen-

199 1255 265 1284 tes,
291 1249 457 1290 graciles!
502 1248 532 1280 A
566 1249 670 1280 verbo
696 1258 807 1288 gracco
839 1258 898 1289 pro

201 1309 267 1341 quo
291 1309 395 1330 croceo
425 1299 596 1330 dicebant.
645 1299 764 1329 Gracco
788 1303 898 1329 autem

203 1360 223 1381 a
248 1348 332 1390 ’γράω
359 1349 509 1380 absumo.
557 1350 608 1379 Ex
631 1349 694 1379 hoc
719 1349 791 1379 loco
816 1349 900 1379 Nes-

201 1406 278 1432 tor:
302 1401 311 1417 ‘
328 1399 530 1438 marcentes,
557 1399 711 1438 graciles.
756 1399 899 1430 Ennius:

201 1450 373 1481 Succincti
396 1450 515 1490 gladiis
540 1449 651 1480 media
672 1449 811 1489 regione
828 1459 903 1490 gra-

203 1501 343 1532 centes?
368 1500 465 1531 Idem.

248 1554 262 1570 e
290 1549 499 1589 Crutz'cutum]
536 1549 619 1589 Ego,
642 1548 731 1590 quod
762 1547 902 1579 verbum

205 1600 259 1631 hic
277 1600 438 1631 Graecuin
462 1599 735 1630 substituendum
763 1599 821 1633 sit,
839 1607 904 1628 non

210 1649 323 1680 video.
369 1649 490 1680 Potius
517 1648 598 1678 mihi
627 1647 763 1678 videtur
790 1648 905 1687 legen-

208 1700 300 1740 dum,
331 1700 525 1731 Craticulum
554 1710 573 1729 α
609 1701 695 1729 crate
717 1698 905 1729 deducitur:

206 1757 240 1782 et
259 1761 376 1781 verum
400 1756 464 1781 est.
510 1750 613 1781 erate
639 1754 761 1780 neutro
783 1757 907 1788 genere

209 1801 411 1841 antiquitus,
444 1810 463 1830 a
500 1809 565 1839 quo
602 1799 826 1835 Craticulum;
871 1804 908 1829 ut

205 1851 215 1867 ⁴
231 1849 326 1884 rete,'
342 1852 350 1867 ‘
366 1848 569 1880 reticulum!
592 1849 659 1878 Jos.
675 1848 753 1878 Scul-

256 1899 464 1939 Craticulum]
494 1900 523 1930 A
554 1898 677 1929 Graeco
705 1899 834 1938 κρατέω,
860 1903 908 1928 te—

208 1961 287 1989 neo,
316 1951 438 1985 vincio,
466 1949 696 1989 apprehendo.
742 1949 808 1979 Sed
842 1958 908 1978 nou

212 1999 419 2030 immediate.
467 1998 554 2029 Nam
582 2003 635 2029 est
661 2008 680 2029 a
705 2002 803 2037 crate,
829 2005 866 2029 ut
892 2008 910 2028 a

208 2048 324 2087 ‘rete‚'
358 2053 366 2066 ‘
384 2046 587 2086 reticulum,'
615 2053 724 2079 crates
754 2052 866 2078 autem
892 2058 910 2078 a

215 2097 344 2138 κρατέω.
403 2098 495 2129 Male
522 2098 625 2137 igitur
653 2098 815 2139 Scaliger,
854 2099 910 2139 qui

212 2149 266 2179 liic
295 2149 394 2178 aliter
421 2147 599 2187 legendnm
629 2155 757 2179 censet.
816 2149 910 2179 Male

214 2199 316 2229 etiam
340 2198 397 2238 qui
425 2196 570 2237 κράταιον
595 2199 648 2229 vel
666 2198 853 2239 κραταίωμα,
874 2204 910 2229 ut

215 2249 338 2279 eratin
356 2248 519 2288 margine.
543 2249 625 2279 Dae.

256 2298 268 2316 f
292 2298 492 2340 Crebrisuro]
528 2299 569 2330 In
600 2298 736 2340 obliquo
767 2298 909 2330 scilicet.

214 2348 305 2379 Nam
323 2353 451 2379 rectum
481 2353 534 2379 est
557 2349 782 2380 cretur-isuram.-
807 2350 909 2380 Festo

214 2398 318 2434 enim,
333 2403 369 2427 ut
396 2403 430 2428 et
447 2398 629 2439 Hesycliio‚
650 2404 684 2429 et
701 2399 789 2438 aliis,
803 2399 911 2430 solen-

214 2458 257 2479 ne
274 2452 326 2478 est
343 2447 447 2478 verba
461 2449 648 2487 producere
663 2454 699 2480 ut
713 2450 822 2490 posita
836 2454 914 2480 sunt

215 2498 248 2527 in
267 2496 350 2527 locis
379 2497 466 2527 unde
494 2508 533 2528 ea
560 2500 703 2538 petiere.
754 2500 914 2529 Crebrisu-

220 2556 289 2576 rum
306 2551 417 2577 autem
440 2552 492 2577 est
518 2548 639 2579 vallum
666 2548 793 2580 crebris
820 2549 916 2588 suris,

222 2597 286 2627 hoc
318 2601 383 2634 est,
415 2597 514 2636 palis,
545 2597 658 2629 fixum.
703 2600 789 2630 Nam
827 2609 916 2630 surus

226 2647 337 2688 palum
363 2647 537 2686 significat.
581 2649 668 2680 Vide
692 2649 776 2680 iufra
800 2651 831 2680 in
848 2650 912 2680 ‘ri-

953 1047 1051 1090 gido'
1077 1052 1112 1080 et
1132 1046 1271 1078 ‘surus'
1296 1047 1391 1078 Idem.

994 1104 1009 1127 g
1035 1098 1188 1138 Creduas]
1213 1097 1325 1129 Plaut.
1342 1098 1374 1128 in
1392 1096 1552 1128 Bacchid.
1566 1095 1645 1127 Ant.

953 1149 1038 1187 Aug.

991 1198 1144 1238 Creduas]
1160 1199 1266 1229 Locus
1283 1198 1400 1229 Plauti
1417 1202 1468 1228 est
1485 1195 1647 1228 Bacchid.

953 1257 1009 1279 ιιι.
1028 1251 1058 1279 3.
1103 1248 1159 1279 Sic
1184 1253 1219 1279 et
1241 1247 1410 1288 Amphitr.
1434 1247 1443 1264 ‘
1460 1257 1480 1278 o
1500 1245 1649 1278 1)ιῇιοί-

955 1305 1011 1330 ant
1043 1304 1080 1330 ut
1112 1304 1146 1330 tu
1178 1308 1311 1339 quoque
1336 1298 1498 1329 Concisus
1515 1296 1650 1337 pugniS‚

957 1355 990 1380 et
1016 1350 1108 1380 illisis
1127 1349 1298 1384 dentibus,
1315 1348 1348 1379 id
1373 1349 1560 1388 impransus
1577 1355 1650 1378 cre-

956 1399 1059 1430 duas.²
1104 1399 1148 1429 Et
1166 1398 1244 1428 alibi
1261 1398 1334 1438 plus
1353 1397 1467 1428 vicies.
1491 1397 1575 1427 Dac.

999 1446 1012 1468 ¹¹
1039 1450 1218 1488 Creperum,
1233 1447 1374 1486 dubium]
1397 1447 1534 1477 Lucret.
1549 1445 1604 1476 lib.
1619 1454 1653 1475 v.

958 1501 966 1516 ‘
983 1500 1239 1539 Exaequataque
1253 1503 1330 1528 sunt
1347 1497 1480 1536 creperi
1495 1494 1652 1526 certami-

959 1559 1002 1579 na
1031 1546 1134 1579 belli.'
1178 1546 1336 1577 Sabinam
1364 1555 1481 1576 vocem
1510 1554 1582 1575 csse
1604 1544 1654 1574 ait

958 1599 1066 1628 Varro
1081 1598 1102 1628 1.
1118 1607 1153 1628 v.
1175 1598 1184 1614 ‘
1201 1597 1445 1636 Crepusculum
1464 1606 1482 1625 a
1500 1603 1654 1634 crepero,

959 1648 992 1679 id
1023 1647 1220 1678 vocabulum
1249 1650 1438 1677 sumserunt
1462 1644 1653 1680 aSabinis;

962 1698 1051 1729 uude
1104 1697 1244 1728 veniunt
1282 1696 1447 1736 Crepusci
1494 1693 1657 1726 nominati

964 1749 1155 1785 Amiterno,
1185 1746 1272 1788 qumi
1302 1756 1343 1777 eo
1374 1752 1526 1786 tempore
1559 1749 1657 1775 erant

962 1800 1044 1831 nati.
1091 1799 1138 1830 Ut
1156 1799 1250 1830 Lucii
1278 1798 1383 1838 prima
1411 1798 1484 1827 luce
1511 1797 1542 1826 in
1564 1805 1658 1827 crea·

964 1851 1066 1888 tione,
1089 1849 1322 1889 crepusculum
1370 1846 1535 1887 significat
1561 1846 1658 1876 dubi-

964 1910 1016 1930 um
1031 1911 1040 1938 ;
1055 1899 1095 1930 ab
1116 1908 1156 1930 eo
1178 1908 1230 1929 res
1252 1897 1361 1928 dubiae
1378 1897 1479 1928 dictae
1496 1906 1659 1937 creperae,

964 1950 1050 1990 quod
1078 1949 1329 1989 crepusculum,
1355 1948 1426 1978 (lies
1451 1947 1550 1977 etiam
1580 1954 1656 1976 num

965 2001 1020 2037 sit,
1037 2009 1078 2029 au
1097 1999 1162 2029 ima
1178 2008 1255 2037 nox,
1271 1997 1383 2028 multis
1398 1994 1559 2027 dubium.'
1589 1992 1657 2025 Sed

964 2059 1106 2088 creperus
1130 2054 1163 2079 et
1186 2048 1394 2088 crepusculum
1413 2056 1432 2077 a
1447 2055 1562 2085 crepus.
1608 2044 1656 2075 At

964 2109 1072 2139 cropus
1088 2098 1202 2132 Sabini
1218 2097 1258 2128 ab
1282 2097 1432 2128 Hebraeo
1450 2104 1515 2128 :iux
1531 2094 1657 2135 ἑσπέρα.

966 2150 1063 2180 Idem.

1006 2199 1013 2219 i
1040 2199 1127 2229 Unde
1161 2196 1360 2237 increpitare]
1386 2197 1475 2227 Male
1499 2196 1552 2227 hic
1581 2196 1659 2226 Fes-

965 2254 1018 2280 tus
1045 2258 1064 2279 a
1093 2258 1225 2288 crepero,
1249 2247 1435 2287 increpitare
1463 2246 1563 2286 dixit,
1584 2255 1659 2276 nam

964 2303 1046 2329 esta
1061 2298 1163 2329 verbo
1180 2307 1317 2337 crepare,
1329 2296 1417 2337 quod
1435 2296 1580 2326 clamare
1594 2296 1660 2336 sig-

966 2348 1092 2379 nificat.
1137 2349 1180 2379 Et
1204 2348 1253 2378 ita
1280 2347 1354 2386 ipse
1379 2347 1496 2377 Festus
1523 2346 1554 2376 iu
1578 2355 1660 2377 voce

968 2399 977 2415 ‘
995 2398 1222 2438 increpitare!
1266 2398 1390 2428 Locum
1407 2395 1473 2427 adi.
1498 2396 1595 2427 Idem.

1011 2449 1024 2469 Κ
1066 2448 1263 2489 Crepidz'nes]
1299 2448 1387 2478 Saxa
1425 2446 1664 2486 prominentia.

970 2500 1125 2540 Proprie,
1154 2499 1244 2529 basis
1263 2505 1431 2535 saxorum,
1452 2497 1661 2527 summitates

971 2551 1135 2589 riparum,
1148 2547 1328 2589 aliquando
1346 2548 1446 2577 etiam
1465 2556 1577 2586 margo
1588 2545 1659 2577 fou-

971 2600 1026 2640 tis‚
1044 2601 1147 2639 lacus,
1161 2605 1198 2629 ut
1214 2598 1334 2629 Graece
1353 2595 1465 2636 κρηπίς.
1493 2596 1587 2627 Idem.
