1835 2906
203 122 286 164 4:20

649 128 798 160 SEXTI
831 127 1034 158 POMPEII
1071 127 1206 158 FESTI

203 227 422 268 Minorum
445 225 709 267 Pontificum
741 224 964 266 maximus
999 222 1171 273 dicitur,
1208 224 1285 277 qui
1321 225 1489 278 primus
1523 225 1565 265 in
1606 226 1649 266 id

259 294 493 346 collegium
514 294 642 334 venit.

703 293 817 334 Item
839 292 1058 339 minimus
1081 291 1159 344 qui
1179 291 1464 333 novissimus.

198 360 452 410 Minotauri,
475 359 665 413 effigiesc
684 360 796 401 inter
815 360 942 412 signa
962 358 1167 399 militaria
1189 362 1257 399 est
1276 372 1286 400 :
1319 360 1438 413 quod
1459 371 1548 400 non
1570 360 1650 400 nii-

255 440 343 468 nus
366 428 546 470 occulta
575 441 672 469 esse
703 428 863 468 debent
895 426 1080 467 consilia
1112 425 1289 475 ducum,
1312 440 1445 480 quam
1465 427 1551 468 fuit
1574 427 1650 467 do-

257 496 468 537 micilium
504 496 603 551 ejus
638 493 948 548 Labyrinthus.

1022 492 1305 534 Minotaurus
1340 497 1520 546 putatur
1553 507 1651 534 esse

258 563 441 615 genitus,
463 577 560 605 cum
582 562 820 616 Pasiphaae
849 560 1017 601 Minois
1050 561 1162 613 regis
1183 573 1295 601 uxor
1315 561 1471 602 dicitur
1490 573 1651 601 concu-

256 630 410 671 buisse
439 644 538 672 cum
570 635 722 672 tauro:
754 628 834 670 sed
863 628 1080 669 affirmant
1102 628 1176 669 alii
1198 628 1392 670 Taurum
1413 627 1550 668 fuisse
1571 640 1651 668 no-

256 709 359 737 men
380 697 582 738 adulteri,

202 763 433 804 Minuciad
466 769 595 817 porta
628 762 852 817 appellata
884 766 965 811 est,
999 775 1053 803 eo
1087 762 1203 816 quod
1233 761 1438 815 proxima
1472 761 1652 815 [PAUn.

257 834 403 871 esset4
433 831 595 871 sacello
618 830 802 871 Minuci.

864 828 1066 870 Minucia
1093 833 1222 883 porta
1251 828 1409 871 Romae
1432 833 1498 870 est
1516 828 1651 878 dicta,

257 898 313 938 ab
335 909 411 938 ara
433 897 618 948 Minuci,
640 910 770 951 quem
792 897 940 937 Deum
965 897 1197 950 putabant.

201 962 487 1006 Minuebatur
534 964 707 1017 populo
757 964 932 1005 luctuse
980 963 1090 1004 aedis
1140 963 1432 1012 dedicatione,
1477 975 1578 1003 cum
1628 974 1654 1003 a

258 1030 527 1072 Censorinus
565 1031 750 1072 lustrum
804 1031 1098 1082 condebatur3
1141 1043 1239 1072 cum
1279 1035 1434 1071 votum
1474 1030 1652 1084 publice

259 1103 516 1153 susceptum
546 1099 826 1139 solvebatur:
859 1098 1042 1151 privatis
1064 1102 1227 1147 autem,
1265 1110 1363 1138 cum
1394 1097 1521 1138 liberi
1553 1110 1653 1137 nas-

257 1170 482 1217 cerentur;
513 1180 608 1208 cum
637 1163 811 1207 honosf
840 1167 884 1206 in
919 1165 1162 1207 familiams·
1185 1166 1370 1216 veniret3
1403 1177 1501 1205 curn
1531 1169 1654 1218 pater

810 1296 983 1307 enemo
991 1296 1045 1307 ree

244 1388 262 1415 4
291 1385 354 1416 Ed.
371 1386 460 1416 Scal.
476 1388 595 1416 est.—5
624 1385 702 1415 Vet.
720 1383 926 1421 lib.sami!iu·

856 1488 994 1521 NOTAE

199 1568 342 1600 cendum
381 1573 433 1599 est
462 1578 649 1608 cognomen
683 1568 748 1599 dici
777 1576 896 1597 vocem

200 1618 385 1659 quamlibet
401 1628 467 1659 qua
491 1619 663 1658 gentilitia
680 1618 814 1649 nomina
830 1616 896 1647 dis·

199 1669 404 1709 tinguamus,
417 1680 483 1710 qna
496 1679 575 1700 voce
591 1674 657 1700 tam
675 1669 782 1710 prima
799 1677 896 1709 quam

199 1720 301 1749 tertia
359 1719 494 1750 nomina
553 1719 895 1759 comprehenduntur.

199 1768 290 1799 Hinc
315 1768 365 1808 fit,
381 1774 416 1800 nt
434 1771 520 1800 ratio
542 1770 701 1801 nascendi
719 1770 897 1809 praenomi-

198 1819 296 1849 nibus
318 1821 445 1859 pariter
469 1825 502 1850 et
525 1820 794 1860 cognominibus,
819 1829 895 1850 cau-

197 1878 266 1899 sam
290 1869 437 1900 dederit.
482 1871 607 1910 Atque,
631 1877 668 1901 nt
691 1872 897 1910 proenomina

199 1918 376 1959 aliquando
393 1929 454 1960 pro
469 1920 736 1960 cognominibus,
752 1921 801 1951 sic
819 1930 894 1960 cog-

198 1969 334 1999 nomina
357 1979 418 2010 pro
447 1970 710 2010 praenominibus
734 1976 897 2011 usurpata

199 2023 287 2059 sunt,
303 2024 338 2050 ut
354 2020 473 2060 prima,
489 2021 652 2059 secunda,
667 2021 895 2061 tertia,>qnar-

198 2073 247 2108 ta,
284 2070 401 2110 major,
429 2071 550 2109 minor,
579 2081 655 2111 quae
689 2071 767 2102 olim
799 2078 896 2102 erant

197 2121 416 2159 praenomina,
450 2126 484 2151 et
527 2130 647 2151 nomen
688 2121 893 2161 gentilitium

197 2170 456 2208 praecedebant‚
491 2176 528 2201 ut
565 2172 707 2202 ‘Prima
733 2172 895 2209 Valeria‚'

196 2221 260 2250 διο.
277 2225 396 2260 postea
418 2222 620 2261 cognomina
642 2220 735 2252 facta
758 2227 794 2252 et
818 2227 895 2261 post

196 2279 317 2301 nomen
351 2271 553 2310 gentilitium
584 2272 707 2311 posita,
736 2276 773 2303 ut
804 2271 894 2311 apud

196 2319 345 2351 Livium:
371 2323 379 2338 ‘
394 2321 504 2352 Aruns
518 2322 722 2362 Tarquinius
739 2326 773 2353 et
785 2322 896 2352 Tullia

196 2370 328 2401 minor.’
351 2372 395 2402 Et
409 2371 530 2402 Horat.
555 2374 563 2388 ‘
581 2373 665 2402 Cum
678 2372 810 2412 Sagana
825 2382 893 2402 ma-

192 2418 269 2456 jore
287 2421 496 2452 ululantem!
519 2423 599 2453 Dae.

240 2472 252 2487 ⁰
278 2469 464 2508 Minotauri,
490 2473 623 2514 effigies]
659 2472 746 2504 Vide
775 2475 783 2490 ‘
801 2474 893 2514 lupi.'

196 2518 243 2549 Et
259 2527 326 2549 non
343 2522 487 2561 aquilam
509 2528 637 2554 tantum
653 2524 705 2554 vel
730 2523 894 2554 minotau-

197 2576 271 2598 rum
300 2570 400 2608 prisci
430 2571 477 2602 illi
510 2573 664 2609 Romani,
700 2574 759 2605 sed
797 2575 895 2615 plura

198 2617 362 2655 ejusmodi
378 2620 531 2652 animalia
546 2622 579 2653 in
597 2632 724 2664 pugnas
740 2629 798 2655 aut
820 2634 894 2665 rap-

199 2671 252 2697 tus
264 2672 355 2709 nata,
367 2668 715 2713 benonraeferebant‚
732 2679 768 2705 ut
784 2674 893 2715 lupos,

951 1572 1070 1604 equos,
1087 1573 1200 1603 apros,
1219 1572 1352 1603 porcos,
1369 1566 1434 1594 Sec.
1454 1564 1552 1594 Idem.

995 1614 1009 1634 ⁴¹
1034 1613 1192 1653 Minucia]
1218 1615 1303 1644 Sunt
1316 1615 1418 1645 Festi.
1453 1613 1607 1645 Alterum
1618 1614 1655 1644 τὸ

953 1667 1094 1697 Minucia
1113 1671 1164 1697 est
1183 1666 1293 1696 Pauli.
1323 1667 1391 1696 Jos.
1409 1665 1491 1697 Scal.

996 1717 1158 1757 Minucia]
1181 1717 1247 1748 Ubi
1273 1715 1376 1747 fuerit
1408 1718 1561 1757 ignotum
1589 1720 1653 1754 est,

953 1776 990 1801 nt
1008 1776 1042 1800 et
1059 1770 1133 1810 quis
1151 1768 1255 1799 fuerit
1272 1768 1335 1798 iste
1358 1767 1539 1799 Minucius.
1585 1767 1654 1798 Pu-

952 1819 1063 1850 tabam
1077 1819 1154 1850 olim
1166 1818 1349 1849 Minuciam
1364 1821 1496 1858 portam
1511 1816 1654 1847 eandem

952 1879 1037 1908 esse,
1069 1874 1104 1900 et
1132 1869 1346 1909 trigeminam
1374 1868 1416 1898 ab
1442 1877 1483 1898 eo
1501 1867 1654 1898 Minucio

952 1921 999 1951 sic
1030 1920 1171 1958 dictam,
1203 1920 1257 1960 qui
1296 1925 1396 1950 extra
1427 1928 1501 1949 eam
1535 1922 1653 1948 aurato

951 1971 1036 2001 bove
1063 1970 1207 2000 donatus
1235 1974 1306 2000 est:
1333 1974 1370 1999 nt
1396 1972 1512 1998 narrat
1540 1967 1652 1997 Livius

952 2032 1003 2052 iv.
1033 2024 1083 2052 16.
1131 2021 1199 2052 Sed
1237 2022 1318 2052 nihil
1357 2021 1403 2052 ibi
1434 2020 1476 2051 de
1508 2019 1650 2050 sacello:

951 2082 1055 2113 quare
1073 2073 1216 2112 amplius
1233 2071 1466 2113 quaerendum.
1491 2071 1574 2101 Duc.

995 2128 1008 2142 ⁰
1031 2122 1233 2153 minuebatur
1254 2123 1363 2161 populo
1388 2119 1502 2159 luctus]
1527 2120 1610 2151 Cum
1633 2129 1652 2149 a

950 2172 1156 2203 Censoribns
1181 2172 1322 2201 lustrum
1344 2170 1568 2208 condebatur,
1590 2169 1651 2201 hoc

950 2229 1013 2261 est,
1028 2231 1103 2252 cum
1118 2231 1276 2253 censores
1294 2231 1399 2252 censu
1413 2226 1553 2261 peracto
1568 2220 1651 2251 Suo-

950 2272 1172 2303 vetaurilibus
1187 2271 1305 2302 urbem
1320 2272 1373 2302 vel
1388 2271 1577 2302 exerciturm
1593 2279 1652 2301 ex-

951 2322 1090 2363 piabant
1105 2333 1112 2352 :
1131 2322 1164 2352 id
1182 2322 1268 2352 enim
1283 2322 1355 2352 est‘
1369 2322 1512 2353 lustrum
1528 2321 1651 2352 conde·

951 2373 1009 2404 re!
1056 2373 1168 2403 Livius
1193 2373 1253 2405 lib.
1283 2382 1306 2404 1.
1337 2377 1345 2389 ⁶
1368 2372 1421 2403 Ibi
1449 2373 1649 2403 instructum

949 2424 1138 2456 exercitum
1183 2434 1315 2455 omnem
1365 2423 1648 2455 suovetaurilibus

949 2475 1120 2514 lustravit,
1131 2474 1230 2515 idque
1245 2474 1416 2506 conditum
1435 2474 1576 2504 lustrum
1592 2483 1649 2512 ap-

948 2525 1127 2565 pellatum,
1142 2525 1219 2565 quia
1242 2525 1276 2556 in
1299 2523 1465 2556 censendo
1487 2522 1562 2553 finis
1579 2522 1647 2554 fac-

949 2580 1005 2606 tus
1023 2574 1101 2606 est.’
1126 2574 1223 2605 Idem.

992 2624 1004 2646 s
1026 2624 1220 2664 Cumhonos]
1244 2623 1648 2658 Putaconsularis,Prae-

952 2676 1050 2717 toria,
1065 2674 1230 2709 censoria
1244 2674 1400 2715 dignitas,
1416 2675 1479 2705 Sec.
1497 2673 1592 2705 Idem.
