1835 2906
189 97 274 139 590

247 203 414 255 impetu
445 204 488 242 et
519 201 668 242 crebro
699 204 854 255 petunt
883 198 1072 242 laedendi
1101 200 1284 241 alterius
1319 200 1473 254 gratia.

637 106 786 137 SEXTI
819 105 1020 137 POMPEll
1054 104 1192 136 FESTI

1532 201 1632 243 Vir-

249 269 379 321 gilius
409 272 564 322 quarto
587 267 922 321 Georgicorum:
955 280 1227 321 nequeoves
1245 268 1433 322 hedique
1461 268 1630 322 petulci

250 335 457 376 Floribus
477 335 710 376 insultent:
741 340 799 384 et,
817 333 1075 387 Cornigeras
1091 339 1248 376 norunt
1263 339 1436 377 matres.
1495 366 1504 375 .

249 403 434 457 agnique
452 403 692 457 petulciz20
723 405 764 444 et
783 400 994 442 Afranius
1024 401 1068 442 in
1098 402 1208 444 Ida:
1239 407 1435 443 nostrum
1460 402 1503 442 in
1534 414 1635 443 con-

250 476 444 521 ventum,
478 475 556 512 aut
586 483 840 512 consessum
880 469 1045 519 ludum,
1082 469 1341 524 lapsumque
1385 469 1637 523 petulcum:

250 538 469 580 interdum
501 551 580 592 pro
610 538 756 579 veloci
786 537 856 577 usi
884 537 1084 578 videntur
1111 538 1296 591 antiqui,
1324 541 1374 577 ut
1401 536 1484 577 hoc
1509 548 1639 577 versu

250 607 432 660 intelligi
451 611 620 659 potest:
651 605 853 655 exilivit,¹
885 606 1015 660 quasi
1043 606 1270 659 petulcusq
1299 604 1494 659 quidam,
1517 604 1640 659 pedi-

253 688 333 716 cus
353 674 662 715 convibravit.²

196 742 521 784 PnAsconAv
552 741 774 796 appellant
803 740 964 794 Graeci,
994 753 1105 795 quas
1139 741 1298 793 vulgus
1326 751 1424 794 per·
1459 739 1641 793 [PAUL.

254 822 337 850 nas
348 809 368 832 ⁴
388 813 534 850 vocat.

197 877 549 918 PIACULAR1A⁵
573 876 776 931 auspicia
808 876 1101 931 appellabant,
1133 889 1233 930 quae
1265 874 1643 917 sacrificantibus5

255 945 402 986 tristia
421 944 764 999 portendebant3
796 958 895 986 cum
915 948 992 985 aut
1011 942 1157 984 hostia
1190 943 1246 984 ab
1268 955 1344 984 ara
1362 941 1643 996 profugisset,

254 1018 334 1054 aut
348 1025 557 1066 percussa
587 1012 795 1065 mugitum
817 1011 1024 1061 dedisset,
1045 1014 1119 1052 aut
1145 1011 1188 1051 in
1209 1010 1338 1052 aliam
1361 1013 1526 1064 partem
1547 1021 1644 1050 cor·-

254 1081 392 1134 poris,
414 1092 547 1134 quam
569 1082 810 1133 oporteret,
830 1077 1104 1121 decidisset.⁶

808 1186 1044 1199 OOW‘O‘

243 1258 285 1286 20
307 1253 395 1285 Vide
412 1251 571 1284 infra.—l
597 1253 678 1284 Vet.
695 1253 753 1284 lib.
768 1253 954 1285 exiluit.—2
978 1253 1066 1284 Scal.
1095 1256 1131 1283 et
1160 1252 1244 1283 Dac.
1261 1251 1378 1289 legunt
1393 1250 1530 1291 'pedihus
1544 1253 1647 1282 com-i-

202 1298 382 1329 bravia—3
405 1296 501 1326 Vett.
517 1295 601 1326 libb.
620 1296 786 1335 Pasclzola,
805 1297 967 1331 Phastolu,
992 1296 1223 1326 Pharcel‹1.—4
1246 1294 1327 1325 Ver.
1344 1294 1420 1325 cod.
1435 1303 1540 1334 penas.
1586 1295 1649 1324 Vir

202 1341 295 1372 doct.
313 1340 345 1370 in
363 1348 466 1379 marg.
482 1338 536 1369 ed.
549 1339 638 1369 Scal.
656 1339 743 1379 conj.
757 1349 858 1378 peras,
873 1339 962 1379 quod
980 1339 1104 1377 probat
1120 1339 1271 1369 Dac.-5
1296 1338 1377 1368 Vet.
1394 1337 1451 1368 lib.
1468 1347 1536 1367 cum
1551 1337 1647 1368 sacri-

194 1383 416 1424 ficabant.—6
438 1382 518 1412 Vet.
533 1381 594 1413 lib.
607 1382 779 1413 cecidisset.
827 1382 916 1412 Vide
931 1382 1054 1413 Notas.

864 1471 1004 1503 NOTAE

249 1550 448 1591 Petulantes]
474 1551 625 1582 Petulans
649 1554 683 1580 et
712 1549 859 1580 Pelulcus
883 1558 902 1578 a

203 1602 344 1640 petendo,
374 1605 412 1631 ut
443 1601 485 1632 ab
509 1602 518 1617 ‘
538 1598 683 1638 liiando‚'
723 1600 731 1615 ‘
750 1597 902 1629 hiulcus.'

207 1652 319 1683 Cicer.
343 1651 387 1683 de
404 1651 539 1692 Repub.
563 1651 621 1682 lib.
643 1659 690 1681 iv.
716 1651 724 1667 ‘
741 1650 862 1690 Itaque
886 1658 905 1679 a

206 1701 356 1742 petendo
385 1702 583 1742 petulantia,
612 1711 631 1732 a
659 1699 844 1741 procando,
870 1698 904 1729 id

208 1756 273 1791 est,
302 1751 484 1792 poscendo,
515 1751 703 1792 procacitas
734 1749 907 1781 nominata

209 1802 283 1833 est.'
328 1801 423 1832 Infra
446 1802 607 1842 spatium,
633 1799 720 1841 quod
746 1804 821 1840 post
842 1809 906 1829 ma-

210 1855 274 1883 tres
291 1852 505 1893 relinquitur,
528 1856 603 1891 post
623 1849 660 1880 ‘rb
676 1854 705 1881 et
723 1858 906 1890 repraesen-

210 1902 349 1933 tandum
379 1906 441 1933 est.
502 1903 607 1932 Deest
637 1906 747 1931 autem
786 1908 907 1930 nomeu

212 1952 388 1983 Lucretius.
432 1951 509 1983 Sic:
534 1952 578 1982 Et
595 1951 777 1982 Lucretius.-
797 1949 908 1980 Corni-

208 2012 302 2042 geras
329 2005 441 2034 norunt
470 2005 583 2033 matres
619 2002 752 2041 agnique
781 2000 908 2041 petulci.

213 2052 323 2084 Quem
342 2062 472 2084 versum
492 2050 599 2083 refert
615 2051 770 2082 Maca-ob.
787 2051 848 2081 lib.
862 2059 910 2082 vr.

211 2103 326 2134 Satur.
344 2113 385 2134 ex
401 2112 441 2134 ιι.
458 2103 621 2135 Lucretii.
643 2103 724 2133 Duc.

258 2159 271 2179 ‘1
306 2153 455 2191 Exilii-it,
490 2153 578 2194 quasi
617 2151 770 2193 petulcus]
796 2152 907 2191 Lege:

215 2204 354 2235 Eminuit
371 2204 459 2244 qnasi
476 2204 614 2243 petulcus
630 2203 764 2243 quidam,
785 2202 911 2241 pedibus

213 2255 418 2285 convibravit.
464 2254 620 2294 Nugatur
645 2253 808 2293 Scaliger,
833 2260 910 2282 cum

217 2305 264 2334 ait
281 2304 402 2335 vibrare
418 2308 453 2335 et
468 2304 644 2334 com-ibrare
667 2308 787 2333 neutra
810 2301 912 2342 signi-

215 2353 376 2385 ficatione
406 2354 587 2385 Veteribus
622 2353 796 2393 usurpari:
835 2361 910 2382 nam

217 2413 349 2443 semper
366 2405 514 2436 activum
539 2409 603 2442 est,
629 2408 665 2434 et
688 2402 912 2442 subintelligi-

219 2457 272 2483 tur
296 2465 340 2494 se,
361 2460 400 2485 ut
422 2455 488 2486 hic.
534 2455 643 2484 Porro
665 2452 793 2483 fallitur
809 2453 911 2483 etiam

219 2503 339 2534 Festus
371 2514 446 2535 cnm
483 2506 623 2545 petulcus
661 2504 912 2543 interpretatur

218 2554 227 2570 ‘
246 2554 419 2584 velocem-¹
464 2555 551 2586 Nam
574 2554 702 2594 pedihus
721 2552 913 2584 convibravit

219 2604 314 2644 quasi
342 2605 500 2644 petulcus:
533 2605 595 2636 hoc
627 2609 690 2643 cst,
718 2613 791 2635 sese
823 2602 911 2634 foras

221 2654 401 2696 proripuit,
432 2654 572 2695 pedibus
603 2655 636 2685 iu
670 2654 772 2685 altum
801 2653 912 2693 elatis,

957 1546 1049 1588 quasi
1068 1547 1176 1578 solent
1198 1546 1323 1586 petulci,
1347 1546 1402 1587 qui
1427 1543 1569 1585 pedibus
1594 1551 1651 1583 pe-

955 1601 1043 1627 tunt.
1088 1597 1217 1627 Tamen
1233 1606 1274 1627 ex
1295 1596 1357 1627 hac
1374 1594 1469 1626 Festi
1486 1594 1652 1633 interpre-

956 1647 1082 1678 tatione
1111 1646 1262 1677 Isidorus
1285 1647 1293 1663 ‘
1313 1645 1484 1687 petulcum
1508 1653 1630 1684 equum
1645 1643 1652 1655 ’

956 1697 1146 1738 appellasse
1163 1697 1295 1729 videtur
1311 1697 1474 1734 velocem,
1487 1704 1562 1726 cum
1574 1694 1654 1725 scri-

956 1747 1020 1786 bit,
1036 1747 1046 1763 ‘
1061 1747 1194 1787 petulns
1221 1755 1339 1787 equus,
1354 1745 1409 1787 qui
1434 1743 1536 1775 habet
1562 1742 1654 1773 albos

957 1796 1086 1837 pedes.’
1123 1795 1244 1827 Scribo
1264 1796 1411 1836 petulcus.
1446 1795 1455 1811 ‘
1470 1793 1536 1826 Qui
1552 1793 1656 1824 habet

959 1846 1074 1882 albos,'
1097 1846 1130 1876 id
1146 1852 1208 1885 est,
1225 1847 1337 1885 velox,
1353 1844 1458 1886 ἀργός.
1504 1843 1580 1875 Nisi
1597 1853 1654 1883 po-

958 1898 1024 1928 tius
1040 1896 1259 1928 scribendum
1279 1896 1345 1927 sit:
1378 1895 1528 1926 Petulcus
1551 1902 1655 1933 equus,

959 1948 1012 1988 qui
1029 1947 1118 1978 habet
1135 1948 1230 1977 elatos
1243 1947 1345 1987 pedes.
1369 1944 1477 1976 Idem.

1004 2003 1015 2018 ¹·
1038 1996 1205 2037 Phaseola]
1233 1997 1318 2032 Quas
1332 1996 1443 2034 vulgus
1455 2003 1545 2034 peras
1560 1996 1657 2023 vocat.

962 2048 1124 2089 Optime:
1152 2056 1228 2077 nam
1256 2046 1417 2077 Graecum
1447 2048 1500 2074 est
1529 2042 1655 2081 φάσκω-

961 2105 1030 2138 λον,
1045 2098 1132 2140 quod
1147 2097 1268 2128 Suidas
1281 2097 1527 2136 interpretatur
1543 2097 1552 2110 ‘
1566 2093 1656 2123 Mar-

961 2147 1120 2190 supiurn.'
1145 2148 1244 2179 Idem.

1004 2205 1014 2219 S
1042 2198 1237 2237 Piacularia]
1261 2194 1381 2227 Infra:
1408 2193 1588 2225 Piacularia
1604 2203 1658 2233 ap-

959 2250 1115 2290 pellantur
1138 2247 1236 2278 veteri
1263 2246 1404 2287 loquendi
1429 2245 1658 2281 consuetudine,

962 2309 1030 2330 cum
1045 2299 1145 2329 hostia
1159 2298 1273 2337 sugit:
1289 2300 1341 2327 aut
1359 2297 1391 2326 in
1407 2296 1500 2326 alium
1513 2294 1660 2334 corporis,

963 2360 1053 2390 quam
1069 2349 1218 2390 oportuit,
1242 2351 1363 2388 partem
1382 2346 1504 2377 cecidit.
1549 2345 1658 2375 Mani·

962 2400 1049 2432 festo
1072 2401 1120 2431 ita
1142 2399 1281 2440 scripsit
1305 2398 1437 2429 Festus.
1484 2395 1581 2426 Pauli
1609 2400 1658 2425 ta-

964 2460 1039 2482 men
1055 2450 1212 2490 Epitome
1225 2448 1362 2480 uberius
1379 2447 1450 2478 liaec
1467 2450 1604 2482 tractat,
1621 2449 1658 2474 ut

964 2503 1150 2542 integriore
1164 2501 1281 2532 codice
1295 2508 1373 2531 usus
1391 2498 1556 2529 videatur.
1582 2497 1657 2527 Pia-

963 2555 1065 2584 culm-e
1094 2553 1193 2593 plane
1222 2556 1273 2582 est
1303 2549 1385 2580 illud
1416 2548 1655 2587 Virgiliannm:

965 2604 974 2619 ‘
991 2603 1096 2644 qualis
1112 2600 1200 2642 fugit
1216 2610 1292 2632 cum
1314 2599 1445 2630 saucius
1461 2606 1551 2629 aram
1568 2595 1657 2628 Tau·

966 2662 1034 2692 rus,
1058 2657 1092 2683 et
1115 2652 1278 2683 incertam
1295 2649 1443 2681 excussit
1460 2647 1591 2679 cervice
1608 2657 1657 2678 se-
