1835 2906
197 401 515 478 SEX.
589 395 1150 478 POMPEI}
1222 391 1566 469 FESTI

889 591 950 619 DE

195 734 749 797 VERBORUM
806 723 1645 795 SIGNIFICATIONE

708 918 927 966 LIBER
983 915 1141 963 XIII.

206 1207 322 1266 013³
353 1225 614 1279 praepositio
637 1224 747 1264 alias
771 1221 950 1276 ponitur
971 1232 1051 1273 pro
1075 1217 1252 1264 circum,
1274 1219 1324 1257 ut
1347 1228 1448 1256 cum
1481 1211 1661 1267 [ΡΑυιεἳ

262 1294 448 1335 dicimus
472 1294 617 1334 urbem
639 1290 850 1338 obsideri,
870 1286 1109 1341 obsignari,
1131 1284 1369 1326 obvallari:
1400 1283 1512 1324 alias
1534 1280 1662 1334 poni»

262 1365 331 1402 tur
360 1361 403 1401 in
428 1362 569 1402 vicem
590 1357 934 1414 praepositionis,
966 1369 1065 1409 quae
1088 1358 1156 1394 est
1178 1356 1374 1406 propter,
1406 1355 1459 1391 ut
1480 1349 1551 1390 Ob
1574 1361 1664 1388 me-

264 1430 363 1477 rita,
386 1430 442 1470 ob
464 1432 699 1482 superatos
720 1426 901 1467 hostes:
930 1423 1043 1464 unde
1067 1420 1259 1469 obsides,
1282 1433 1363 1473 pro
1386 1416 1568 1466 obfides,
1588 1415 1665 1469 qui

268 1499 325 1539 ob
344 1497 472 1538 fidem
506 1497 660 1550 patriae
693 1493 991 1549 praestandam
1023 1491 1208 1532 dantur:
1238 1488 1349 1529 alias
1380 1499 1461 1541 pro
1496 1484 1552 1526 ad
1587 1496 1666 1538 po-

267 1566 397 1616 nitur,
418 1571 465 1606 ut
488 1564 682 1606 Ennius:
716 1562 786 1603 Ob
808 1561 997 1602 Romam
1016 1561 1151 1600 noctu
1174 1557 1374 1609 legiones
1396 1555 1555 1595 ducere
1576 1564 1668 1592 coe-

268 1635 361 1688 pit:
393 1639 437 1674 et
459 1633 564 1673 alibi
580 1638 591 1655 ¹
626 1633 681 1672 ob
703 1630 885 1684 Trojam
911 1629 1040 1669 duxit
1061 1626 1326 1667 exercitum.

215 1701 286 1743 Ob
322 1700 582 1755 praepositio
614 1699 726 1739 alias
758 1698 934 1752 ponitur
964 1709 1042 1749 pro
1075 1695 1254 1744 circum,
1286 1697 1337 1733 ut
1368 1703 1469 1732 cum
1504 1687 1668 1742 [FEST.

273 1769 460 1810 dicimus
482 1768 630 1808 urbem
654 1765 863 1815 obsideri,
887 1763 1126 1816 obsignari,
1151 1759 1382 1802 obvallari.
1443 1757 1572 1798 Alias
1593 1767 1671 1809 po-

269 1838 388 1878 nitur
408 1836 451 1876 in
473 1835 610 1876 vicem
632 1832 961 1888 praepositionis
984 1844 1084 1884 quae
1108 1835 1177 1870 est
1202 1833 1392 1882 propter,
1425 1831 1474 1866 ut
1503 1825 1561 1866 ob
1585 1836 1671 1863 me-

823 1953 859 1964 eo
865 1952 1020 1964 “eud“
1027 1951 1061 1963 ‘e

263 2039 277 2066 1
304 2034 344 2065 In
362 2034 416 2065 ed.
434 2032 525 2064 Scal.
543 2031 722 2074 sequentia
738 2031 787 2063 ita
802 2031 993 2062 habentur:

391 2078 399 2093 ‘
418 2084 453 2108 et
470 2076 548 2107 alibi
701 2098 709 2107 .
840 2098 849 2106 .
980 2095 988 2104 .
1124 2094 1130 2102 .
1264 2067 1377 2098 onitu·-

220 2121 262 2153 ob
278 2121 416 2163 Trojam
434 2120 533 2151 duxit
700 2139 708 2147 .
843 2141 850 2149 .
982 2138 990 2145 .
1123 2137 1130 2144 .
1266 2134 1273 2141 .

505 2161 651 2193 obsideri
669 2161 712 2192 ob
842 2182 851 2190 .
985 2182 991 2189 .
1125 2180 1133 2188 .
1268 2176 1275 2183 .
1473 2149 1635 2192 [FEsTus.

506 2206 539 2236 in
557 2206 663 2235 vicem
679 2213 795 2244 praepo
843 2227 850 2234 .

505 2254 684 2288 superatos

506 2293 564 2322 riae
584 2291 812 2330 praestandam

507 2335 549 2364 ob
568 2336 704 2365 Romani
725 2343 786 2363 noc

506 2377 548 2408 ob
563 2377 698 2417 Trojam
721 2375 818 2407 duxit

883 2477 1023 2511 NOTAE

273 2566 287 2581 ἢ
317 2559 381 2599 Ob]
409 2559 436 2590 A
462 2559 585 2589 Graeco
612 2557 673 2597 ἐπὶ,
697 2558 793 2598 cnjus
817 2567 853 2586 ea
881 2557 929 2587 vis
988 2554 1064 2596 quia
1079 2549 1260 2584 obsidionis
1285 2547 1458 2580 solvendae
1479 2547 1589 2588 gratia
1613 2545 1685 2577 dati

233 2618 297 2650 esi,
310 2613 450 2645 circum,
468 2614 622 2650 propter,
640 2609 693 2644 ad,
708 2612 771 2640 διο.
801 2608 931 2638 Obsides
988 2610 1079 2636 sunt.
1125 2603 1254 2633 Versus
1279 2600 1376 2630 Ennii
1393 2604 1502 2630 estex
1522 2607 1599 2628 vm.
1618 2597 1689 2627 An-

234 2668 347 2693 antem
363 2672 428 2693 non
444 2661 538 2702 quasi
554 2660 687 2702 olfides:
713 2658 771 2690 sed
789 2659 866 2700 quia
881 2659 930 2698 ip·
988 2655 1055 2686 nal.
1086 2653 1129 2684 de
1153 2650 1337 2688 Annibale,
1362 2649 1417 2690 qni
1451 2658 1469 2679 a
1499 2647 1685 2679 Tarentino

235 2714 262 2743 si
292 2711 490 2744 obsidentur
521 2717 556 2742 et
594 2710 843 2748 custodiuntur,
879 2709 931 2740 vel
990 2717 1068 2748 agro
1088 2710 1189 2737 noctu
1207 2703 1323 2734 urbem
1341 2701 1450 2743 petiit.
1474 2700 1554 2731 Dae.
