1835 2906
193 141 248 180 :30
624 152 771 181 sextu
808 152 1008 181 POMPEM
1048 151 1183 181 FEs'ri

192 246 425 288 Abemitog
446 247 667 299 significat
689 247 867 295 demito,
890 245 959 285 vel
983 246 1173 286 auferto:
1207 259 1348 286 emere
1372 246 1485 286 enim
1510 245 1638 287 Anti-

251 315 326 366 qui
349 314 556 354 dicebant
572 328 649 367 pro
675 315 892 365 accipere.

191 379 481 433 Abgregare‚¹1
507 385 574 420 est
595 381 651 420 ab
675 392 803 432 grege
823 379 1008 419 ducere:
1032 379 1283 432 adgregare,
1300 381 1354 421 ad
1371 394 1543 433 gregem
1560 381 1638 422 du·

248 461 371 489 cere:
404 460 645 500 segregare,
680 460 737 487 ex
772 447 974 499 pluribus
996 447 1199 498 gregibus
1233 451 1382 500 partes
1405 448 1636 489 seducere:

248 514 361 554 unde
383 518 426 554 et
446 515 645 566 egregius
668 513 827 553 dicitur
856 526 880 552 e
914 526 1042 566 grege
1063 514 1230 555 lectus:
1264 528 1448 567 quorum
1485 516 1639 556 verbo—

247 595 343 622 rum
363 582 560 635 frequens
593 594 698 621 usus
730 593 817 621 non
847 580 1003 620 mirum
1035 581 1073 620 si
1107 594 1165 621 ex
1198 583 1433 634 pecoribus
1463 582 1638 635 pendet.

250 648 361 689 Cum
386 649 504 703 apud
529 648 748 702 Antiquos
771 646 907 701 opesi
943 653 989 688 et
1018 649 1285 701 patrimonia
1304 662 1361 689 ex
1380 649 1450 689 his
1482 650 1639 701 praeci-

249 729 337 769 pue
357 717 638 765 constiterint,
659 721 708 756 ut
726 715 870 757 adhuc
893 716 1025 757 etiarn
1058 716 1286 769 pecunias,
1311 721 1353 758 et
1374 716 1552 769 peculia
1573 716 1638 755 di-

251 784 406 824 cimus.

191 849 453 891 Abietariak
485 850 682 902 negotia¹
720 850 993 899 dicebantur,
1026 863 1155 903 quam
1177 851 1409 891 materiam
1438 864 1550 891 nunc
1574 851 1638 891 di-

248 918 404 966 cimus,
427 917 633 957 videlicet
654 918 709 957 ab
733 917 951 957 abietibus
974 915 1241 957 coemendis.

796 1026 832 1037 oe
838 1025 1033 1037 ,Ναοιθθοο

236 1096 250 1123 l
275 1093 371 1123 Fulv.
389 1092 502 1123 Ursin.
520 1092 683 1123 indicavit
712 1093 744 1124 in
768 1093 835 1124 Ms.
853 1093 918 1133 legi
936 1092 1105 1131 negotiatio
1127 1091 1298 1131 dicebatur,
1327 1095 1361 1121 et
1388 1101 1448 1130 pro
1477 1092 1640 1122 materiam

191 1136 286 1167 malit
315 1136 538 1167 materiariam.
583 1136 734 1175 Scaliger
764 1136 859 1167 malit
885 1136 1071 1175 negotiatio,
1104 1145 1193 1175 quam
1215 1134 1475 1173 muteriationem,
1514 1136 1639 1174 impro-

846 1221 988 1253 NOTAE

192 1287 275 1316 time
307 1285 489 1325 abdimus,
521 1286 705 1321 abortivus,
736 1286 887 1326 quamvis

191 1337 263 1367 sine
293 1337 459 1376 exemplo.
520 1337 634 1368 Gloss.
672 1338 680 1354 ⁴
694 1337 887 1370 Abditivus,

191 1387 425 1427 ἇποσπασθεὶς,’
436 1388 639 1427 abstractus,
652 1388 797 1418 avulsus.
815 1387 887 1426 Op-

193 1440 287 1474 time,
311 1449 353 1469 ex
377 1439 476 1469 unico
500 1439 612 1469 Plauti
638 1439 711 1469 loco
735 1438 768 1468 in
792 1447 888 1477 argu—

192 1495 306 1519 mento
330 1489 492 1519 Poenuli:
528 1491 536 1505 ‘
555 1488 621 1518 Sed
652 1489 699 1518 illi
730 1489 801 1518 seni
833 1487 888 1528 qui

193 1545 343 1570 mortuus
358 1544 421 1575 est,
439 1539 528 1570 filius
546 1539 674 1570 Unicus
692 1539 748 1579 qui
766 1539 893 1576 fuerat,

192 1590 269 1620 olim
286 1589 455 1620 abditivos
469 1599 486 1619 a
501 1594 611 1629 patre,
624 1590 716 1620 Puer
732 1594 893 1628 septuen-

193 1640 244 1669 nis
260 1640 443 1680 surripitur
454 1638 684 1678 Carthagine!
730 1639 776 1670 Ut
791 1639 891 1669 mira-

193 1690 220 1719 ri
251 1690 332 1721 satis
359 1698 522 1729 nequeam
550 1689 603 1719 liic
632 1689 738 1719 virum
766 1689 891 1729 alioqui

193 1739 422 1770 doctissimum
449 1740 592 1780 pessime
615 1749 650 1770 se
667 1739 815 1776 dedisse,
836 1739 892 1779 qui

192 1789 342 1820 abductus
358 1790 390 1819 in
409 1793 539 1819 textum
567 1790 712 1829 recepit,
735 1789 825 1829 quod
851 1789 892 1819 ab

195 1839 349 1869 studioso
363 1839 521 1879 quodam,
535 1844 571 1869 ut
590 1848 658 1868 mos
675 1838 790 1877 est‚ad
802 1847 891 1868 oram

194 1888 323 1919 codicis
340 1889 502 1928 scriptum
520 1887 644 1927 fuerat,
656 1892 694 1918 ut
710 1897 824 1918 vocem
840 1888 892 1917 ub-

195 1938 308 1968 dz'tivos
320 1939 521 1977 explicaret.
568 1937 608 1967 In
622 1942 706 1967 vett.
721 1936 797 1967 edd.
814 1937 893 1976 legi-

197 1992 251 2018 tur
265 1987 437 2027 abdivz'tiis,
456 1988 545 2028 quod
566 1986 749 2018 manifeste
772 1987 894 2027 probat

196 2043 392 2078 corruptum
410 2048 449 2068 ex
465 2037 629 2069 abdicit-os.
654 2037 831 2068 Dacerius.

239 2094 255 2114 ἕ
277 2087 420 2127 Abemit]
447 2088 684 2119 Glossarium:
722 2086 894 2124 ‘Abemit‚

199 2139 298 2169 abeo
315 2138 464 2178 accepit,
488 2137 627 2173 ἔλαβεν]
673 2137 728 2168 Sic
754 2137 894 2167 ‘Surre-

200 2189 282 2227 init‚'
309 2199 438 2220 sursum
466 2189 572 2219 emit:
598 2189 661 2219 hoc
685 2192 748 2227 est,
780 2196 893 2219 susce-

200 2240 269 2279 pit:
288 2245 333 2279 et,
351 2241 359 2256 ‘
371 2238 601 2280 Surrempsit‚’
618 2237 893 2278 susceperit.J0s.

202 2290 358 2328 Scaliger.

243 2339 401 2379 Abemz‘to]
429 2340 541 2371 Gloss.
575 2339 751 2377 ‘Abemm
782 2339 823 2370 ab
855 2348 895 2369 eo

201 2390 349 2429 accepit,
366 2388 501 2424 ἔλαβενῖ
548 2391 682 2429 Emere,
702 2389 790 2430 quod
808 2399 896 2419 nunc

201 2438 742 2480 mercari,Antiquissignificabat
753 2448 897 2478 sumere,

202 2490 369 2528 accipere.
415 2489 471 2520 Sic
494 2490 503 2507 ‘
519 2491 691 2521 surremit:
707 2491 716 2504 '
732 2492 751 2520 i.
769 2499 898 2520 sursum

204 2540 298 2578 emit,
315 2540 462 2578 accepit,
480 2540 586 2571 Lucil.
614 2541 623 2556 ‘
638 2541 746 2581 Inque
763 2549 896 2570 manum

205 2589 360 2620 surremit
390 2589 537 2621 hastam?
585 2590 628 2620 Et
649 2590 657 2606 ‘
676 2588 898 2629 surrempsit‚’

207 2640 407 2680 susceperit.
465 2639 553 2671 Vide
592 2640 626 2670 iu
673 2641 681 2658 ‘
709 2639 899 2672 Surremit.’

206 2689 288 2723 Duc.

983 1284 997 1304 ¹¹
1017 1284 1212 1324 Ahgregare]
1241 1283 1441 1323 Abgregare
1466 1286 1501 1313 et
1520 1282 1642 1322 Segre-

942 1344 1020 1374 gare
1045 1344 1108 1364 non
1134 1340 1200 1365 tam
1225 1344 1268 1364 ex
1296 1333 1445 1373 pluribus
1471 1332 1642 1373 gregibus,

942 1394 1039 1426 quam
1054 1394 1096 1414 ex
1113 1394 1216 1424 grege
1229 1392 1376 1414 seorsum
1392 1383 1528 1413 ducere.
1545 1383 1641 1413 Idem.

985 1433 992 1453 ί
1017 1434 1093 1464 Cum
1109 1436 1190 1473 apud
1208 1434 1361 1474 Antiquos
1376 1433 1460 1473 opes]
1474 1433 1561 1465 Quia
1576 1433 1641 1463 Ve-

944 1489 1033 1515 teres
1062 1485 1256 1524 pecuariam
1285 1483 1505 1521 exercebant,
1534 1484 1581 1514 ita
1604 1488 1642 1513 ut

946 1534 1052 1564 omnis
1070 1544 1186 1565 eorum
1204 1534 1301 1573 copia
1318 1534 1351 1564 in
1376 1542 1499 1573 pecore
1518 1534 1641 1564 consis-

947 1589 1050 1623 teret,
1067 1590 1104 1615 ut
1120 1595 1162 1615 ex
1178 1584 1290 1615 Sacris
1303 1583 1423 1614 Literis
1442 1588 1478 1613 et
1492 1582 1642 1613 Homero

947 1636 1020 1674 ipso
1034 1640 1161 1666 notum.
1209 1634 1295 1665 Inde
1316 1633 1355 1664 fit
1372 1639 1408 1664 ut
1425 1633 1590 1673 hodieque
1608 1639 1644 1664 et

947 1687 956 1704 ‘
972 1685 1155 1725 pecunias’
1192 1689 1227 1716 et
1263 1683 1440 1725 ‘peculia'
1478 1683 1645 1715 dicamus.

946 1735 1034 1765 Vide
1067 1736 1077 1753 ⁶
1095 1735 1269 1766 Pecunia!
1313 1735 1398 1765 Inde
1427 1735 1528 1765 etiam
1559 1743 1643 1774 opes

948 1796 1008 1826 pro
1025 1786 1167 1824 divitiis,
1193 1785 1282 1826 quod
1301 1784 1444 1826 Antiqui
1470 1794 1550 1815 oves
1576 1794 1645 1824 opes

948 1836 1121 1866 dicebaut.
1169 1835 1266 1866 Unde
1294 1841 1301 1853 ¹
1318 1835 1522 1875 opulentus,'
1548 1834 1645 1866 πολύ-

945 1892 1054 1924 μηλος.
1082 1887 1181 1915 Varr.
1197 1886 1254 1916 lib.
1273 1895 1312 1916 ιι.
1328 1885 1370 1916 (le
1388 1886 1437 1916 Re
1454 1886 1550 1917 Rust.
1568 1895 1643 1926 cap.

948 1940 975 1967 1.
994 1937 1002 1952 ‘
1015 1936 1065 1966 De
1083 1936 1230 1976 antiquis
1243 1936 1484 1967 illustrissimus
1502 1938 1644 1977 quisque

947 1991 1064 2027 pastor
1081 1991 1165 2026 erat,
1178 1990 1216 2016 ut
1229 1985 1379 2016 ostendit
1393 1985 1517 2016 Graeca
1530 1991 1565 2016 et
1582 1985 1644 2015 La-

949 2037 1020 2067 tina
1046 2036 1172 2075 lingua,
1205 2040 1239 2066 et
1268 2040 1403 2066 veteres
1434 2034 1558 2074 poe'tae.
1587 2035 1644 2074 qni

950 2086 1032 2116 alios
1050 2090 1172 2116 vocant
1187 2084 1373 2125 πολύαρνας,
1399 2085 1482 2115 alios
1506 2084 1644 2122 πολυμή-

948 2144 1034 2178 λους,
1049 2139 1130 2168 alio‘s
1146 2136 1354 2174 πολυβούτας,
1371 2138 1424 2178 qui
1439 2138 1529 2177 ipsas
1543 2148 1645 2178 pecu-

950 2189 1008 2219 des
1032 2192 1171 2228 propter
1195 2189 1374 2219 caritatem
1400 2198 1519 2219 aureas
1544 2189 1645 2219 nabu-

950 2240 1015 2270 isse
1033 2239 1137 2278 pelles
1155 2238 1392 2269 tradiderunt.'
1416 2238 1515 2269 Idem.

994 2288 1007 2309 ¹¹
1030 2288 1208 2329 Abietaria]
1232 2290 1384 2327 Mallem,
1413 2290 1575 2321 Abietaria
1594 2300 1644 2321 ne·

948 2341 1096 2380 gotiatz'o,
1113 2351 1202 2380 quam
1219 2341 1467 2371 'materiationem
1491 2351 1570 2371 num:
1597 2342 1644 2371 ‹ii-

949 2391 1064 2421 cz'mus:
1089 2390 1229 2430 subjicit
1258 2391 1365 2421 enim:
1397 2391 1405 2406 ‘
1421 2390 1580 2421 videlicet
1603 2391 1644 2421 ab

952 2440 1120 2471 abietibus
1136 2440 1352 2478 coemendi&
1372 2445 1409 2470 ut
1430 2450 1495 2471 non
1513 2441 1579 2471 sint
1596 2440 1644 2480 ξύ-

951 2496 1004 2528 λα,
1026 2491 1084 2521 sed
1100 2490 1277 2531 ξυλουργία,
1294 2500 1393 2531 quam
1412 2490 1585 2521 Vitruvius
1610 2496 1645 2522 et

951 2541 1006 2572 alii
1032 2546 1126 2572 recte
1151 2543 1158 2557 ‘
1173 2541 1463 2572 inateriatiouem'
1495 2547 1640 2572 vocant:

952 2592 1123 2631 vulgarem
1150 2597 1261 2622 tamen
1288 2592 1467 2623 lectionem
1497 2591 1645 2622 retinere

952 2651 1140 2682 possumus.
1165 2642 1235 2671 Jos.
1249 2640 1332 2671 Scal.

998 2691 1159 2722 Abietaria
1178 2689 1315 2730 negotiu]
1339 2689 1474 2721 Fulvius
1504 2689 1644 2722 Ursinus
