1835 2906
355 124 417 154 DE
451 116 722 151 VERBORUM
757 111 1169 146 SIGNlFicA'rioNE
1203 110 1296 141 LIB.
1330 109 1423 139 X11.

1538 97 1623 138 495

179 218 333 260 Nuces
366 211 649 268 flagitanturd
684 207 883 265 nuptis,¹8
916 207 1143 261 jaciuntur
1176 205 1338 259 pueris,
1360 206 1406 244 ut
1444 201 1625 255 [PAUL.

235 297 362 326 novae
384 285 530 336 nuptae
561 279 743 323 intranti
764 278 940 319 domum
970 274 1074 315 novi
1107 272 1249 313 mariti
1280 270 1517 313 secundum
1547 269 1626 310 fiat

234 357 501 410 auspicium.

180 424 412 467 Nuculase
452 420 755 462 Praenestinos
776 423 808 449 ¹⁹
864 415 1176 469 appellabant3
1226 410 1348 465 quod
1398 409 1558 450 inclusi
1599 421 1626 448 a

235 491 388 533 Poenis
420 488 608 530 Casilini
644 486 803 527 famem
833 484 1019 524 nucibus
1049 482 1377 529 sustentarunt3
1408 477 1478 518 vel
1511 475 1628 529 quod

231 560 275 600 in
296 571 442 600 eorum
462 555 639 608 regione
659 553 849 607 plurima
867 563 961 590 nux
982 549 1149 590 minuta
1169 546 1382 588 nascitur.

180 625 375 668 Nuculas
398 621 665 665 Praenestinos
685 617 845 673 antiqui
866 615 1145 674 appellabant,
1182 613 1303 667 quod
1341 613 1406 653 in·
1464 610 1628 664 [FEST.

786 747 1024 762 OOOOOOOO‘OO‘

223 857 263 885 18
285 853 365 885 Vet-
381 852 438 884 lib.
455 850 573 891 nuptiis
591 850 643 881 vel
659 859 676 880 a
692 848 894 888 nuptis.—19
917 846 996 878 Vet.
1014 845 1072 876 lib.
1092 840 1284 875 Praenestz'ni
1301 840 1353 871 vel
1371 838 1601 871 Praenestinas.

841 974 984 1007 NOTAE

180 1070 189 1087 ‘
204 1070 342 1109 Sparge,
359 1067 494 1106 marite,
510 1064 635 1097 nuceS.'
660 1065 739 1096 Ant.
754 1063 839 1102 Aug.

229 1119 347 1159 Nuces]
364 1117 479 1148 Nuces
496 1115 657 1147 cadentes
672 1116 681 1132 ‘
697 1113 881 1153 auspicium

184 1168 347 1198 sonivium
360 1166 367 1179 ’
389 1165 503 1196 facere
526 1165 573 1195 ait
591 1163 720 1195 Plinius
746 1162 805 1193 lib.
821 1170 883 1194 xv.

186 1227 262 1258 cap.
274 1219 326 1248 22.
337 1215 425 1257 quod
437 1215 489 1245 hic
503 1219 644 1245 vocatur
658 1215 667 1231 ‘
683 1212 883 1244 solistimum

186 1265 396 1307 auspicium.’
419 1266 489 1295 Jos.
506 1264 588 1296 Scal.

228 1317 242 1338 1¹
268 1312 588 1356 Nucesflagitantur]
613 1312 811 1354 Auspicium
827 1312 885 1343 So-

186 1368 346 1399 listimum
373 1372 437 1403 est,
462 1365 550 1407 quod
574 1374 675 1395 nuces
701 1364 734 1395 in
761 1367 885 1395 terram

189 1418 350 1448 cadentes
366 1415 507 1446 faciunt.
544 1419 551 1432 ‘
565 1413 739 1446 Sonivium
753 1412 762 1426 '
787 1416 887 1444 vocat

189 1468 278 1499 Pun.
290 1467 347 1498 lib.
363 1475 423 1498 xv.
439 1475 516 1505 cap.
531 1467 584 1496 22.
630 1464 699 1495 Cur
711 1472 814 1494 nuces
830 1472 888 1493 au-

190 1523 259 1549 tem
289 1520 529 1557 spargerentur
559 1513 592 1544 in
629 1512 759 1552 nuptiis
787 1511 887 1543 varim

190 1577 299 1599 causae
316 1565 518 1598 afferuntur.
563 1563 653 1594 Vide
674 1562 829 1594 Servium
846 1561 887 1593 ad

190 1617 272 1649 illud
285 1617 400 1655 Eclog.
417 1624 498 1646 vul.
512 1614 521 1631 ‘
534 1614 674 1653 Sparge,
686 1612 889 1652 marite,nu-

191 1666 273 1698 ces.'
317 1666 403 1697 Vide
421 1664 546 1697 Catull.
560 1673 662 1694 carm.
676 1664 729 1694 57.
745 1662 787 1693 de
804 1671 889 1702 nup-

192 1719 248 1748 tiis
263 1717 364 1750 Juliae
381 1720 416 1747 et
432 1714 564 1746 Manlii.
609 1713 889 1744 Hocinstitutum

191 1778 210 1798 c
241 1766 373 1799 Graecis
403 1764 550 1796 fontibus
577 1772 728 1794 manasse
758 1767 889 1794 certum

192 1823 256 1858 est,
272 1828 349 1849 nam
375 1817 408 1848 in
434 1826 475 1847 ea
502 1819 603 1856 gente
626 1824 732 1846 novus
748 1823 890 1855 sponsus

187 1869 383 1909 juglandas,
394 1866 600 1908 amygdalas,
614 1870 649 1897 et
660 1865 693 1896 id
709 1875 813 1906 genus
826 1864 892 1896 alia

194 1918 391 1959 spargebat,
410 1927 485 1958 quae
513 1917 579 1956 ipsi
606 1916 773 1948 vocabant
797 1927 890 1947 κατα·

193 1967 514 2008 χύσματα.1οςιιρίεε
528 1966 626 1998 testis
638 1965 893 2006 Aristophanes.

196 2020 278 2051 Dac-

238 2075 250 2091 e
276 2067 430 2108 Nuculus]
455 2067 530 2100 Liv.
551 2066 610 2098 lib.
629 2075 738 2097 xxm.
765 2064 894 2104 scribit,

195 2121 204 2137 ‘
220 2119 449 2151 Praenestiuos
466 2117 628 2159 quosdam
640 2115 744 2147 fuisse
755 2115 893 2146 Casilini

197 2169 229 2199 in
253 2168 430 2209 praesidi0;
452 2167 645 2208 famemque
667 2166 842 2198 tolerasse.
860 2165 893 2196 in

198 2228 263 2258 qua
284 2218 451 2249 Romanos
463 2217 585 2248 milites
596 2225 698 2247 nuces
713 2216 745 2246 in
758 2214 895 2250 flumen,

200 2268 257 2308 qui
273 2268 404 2298 medius
422 2273 496 2298 erat
512 2268 600 2298 inter
616 2267 768 2298 Romana
785 2270 897 2296 castra

199 2322 234 2349 et
245 2316 419 2358 oppidum,
436 2316 643 2356 profudisse,
656 2325 780 2356 easque
794 2314 897 2346 fuisse

201 2367 351 2399 crathus
383 2366 572 2407 exceptas.'
615 2365 812 2398 Macrobius
840 2365 898 2396 lib.

201 2427 259 2449 111.
282 2417 419 2448 Saturn.
448 2415 556 2448 refert
582 2416 769 2447 Varronem
785 2415 900 2446 existi-

200 2477 323 2506 masse,
338 2467 566 2498 Praenestinas
580 2475 682 2498 nuces
695 2475 769 2497 esse
782 2465 902 2505 dictas,

202 2517 291 2559 quod
313 2517 418 2557 juxta
443 2526 560 2557 agrum
581 2516 829 2547 Praenestinum
850 2524 901 2545 es-

203 2573 292 2607 sent,
317 2567 508 2598 Carsitanas
534 2566 593 2598 ἀπὸ
611 2568 672 2598 τῶν
696 2567 815 2605 καρυῶν
832 2565 901 2597 dic-

204 2626 267 2650 tas.
291 2618 371 2649 Ant.
387 2618 470 2657 Aug.

249 2666 403 2707 Nuculas]
425 2666 563 2698 Naevius
576 2665 609 2696 in
625 2665 740 2697 Ariolo
757 2675 765 2696 ε
793 2665 802 2682 ‘
818 2664 902 2695 Heri

936 1059 1021 1093 Quis
1038 1057 1128 1099 apud
1147 1062 1180 1089 te
1197 1057 1208 1087 ?
1246 1053 1462 1093 Praenestini,
1478 1058 1513 1085 et
1529 1053 1637 1084 Lanu-

937 1111 980 1141 vii
996 1109 1158 1149 hospites,
1198 1108 1327 1146 Suopte
1343 1111 1504 1145 utrosque
1521 1104 1637 1134 decuit

910 1166 1096 1201 =acceptos
1115 1159 1204 1190 cibo.
1251 1157 1381 1188 Alteris
1407 1155 1538 1186 inanem
1565 1154 1638 1185 bu!-

937 1211 1012 1242 bam
1037 1208 1266 1240 madidantem
1283 1206 1375 1244 dare,
1390 1204 1514 1236 Alteris
1532 1213 1636 1235 nuces

938 1262 971 1293 in
989 1259 1133 1301 proclivi
1151 1254 1380 1298 profundere!
1405 1255 1556 1286 Nuculas
1569 1263 1638 1284 ma-

939 1312 1065 1344 nifesto
1090 1310 1200 1341 dictos
1229 1308 1431 1339 confirmant
1454 1306 1485 1337 hi
1507 1314 1637 1336 versus,

939 1363 1061 1402 Itaque
1088 1360 1190 1401 jubet
1219 1359 1284 1390 illis
1309 1358 1344 1389 in
1368 1355 1510 1398 proclivi
1535 1364 1639 1386 nuces

941 1411 1159 1453 profundere,
1177 1415 1214 1440 ut
1231 1408 1361 1439 solebat
1384 1407 1508 1447 pueris.
1549 1405 1640 1438 Quin

941 1463 974 1494 in
993 1460 1162 1493 veteribus
1178 1459 1266 1490 saxis
1283 1457 1408 1489 mentio
1425 1461 1477 1488 est
1497 1455 1640 1496 sparsio-

941 1512 993 1543 nis
1010 1519 1144 1545 nucum,
1161 1519 1261 1550 quarn
1275 1507 1451 1549 quotannis
1468 1506 1582 1537 facere
1598 1504 1640 1535 ad

943 1562 1110 1594 tumulum
1127 1558 1301 1591 testatoris
1326 1557 1463 1588 damnas
1478 1562 1530 1588 est
1545 1556 1641 1587 heres

944 1621 985 1644 ex
999 1621 1041 1642 eo
1059 1613 1274 1642 testamento.
1296 1609 1363 1639 JOS.
1378 1607 1460 1639 Scal.

976 1661 1130 1702 Naeuius]
1145 1661 1196 1690 De
1206 1658 1430 1691 Praenestinis
1443 1667 1516 1689 curn
1527 1655 1644 1697 paucis

944 1711 1104 1745 Romanis
1123 1711 1258 1743 Casilini
1272 1710 1304 1740 in
1319 1708 1505 1749 Campania
1517 1707 1559 1738 ab
1575 1707 1642 1737 An-

943 1763 1058 1794 nibale
1086 1761 1246 1798 obsessis,
1271 1759 1463 1799 famemque
1486 1756 1643 1796 nucibus,

944 1823 1019 1854 quae
1036 1812 1078 1843 ad
1091 1821 1128 1843 se
1139 1810 1252 1842 medio
1279 1817 1376 1840 amne
1391 1808 1563 1838 Vulturno
1587 1805 1645 1835 de-

944 1862 1108 1898 fluebant,
1127 1859 1387 1897 sustinentibus,
1411 1857 1487 1888 vide
1513 1855 1644 1887 Livium

946 1912 1003 1944 lib.
1022 1921 1131 1943 xxm.
1153 1916 1240 1942 sect.
1254 1912 1305 1941 19.
1352 1908 1505 1939 Nuculas
1531 1910 1645 1937 antem

946 1962 1125 1994 manifesto
1161 1962 1269 1993 dictos
1299 1959 1500 1991 confirmant
1531 1965 1646 1987 versus

948 2013 1062 2046 Naevii
1086 2013 1120 2044 in
1147 2011 1288 2043 Ariolo:
1312 2011 1320 2027 ‘
1339 2009 1426 2040 Heri
1451 2006 1535 2040 Quis
1555 2004 1646 2045 apud

949 2068 982 2094 te
1000 2064 1011 2094 ?
1037 2061 1289 2094 Praenestiniet
1304 2057 1469 2090 Lanuvini
1486 2056 1647 2096 hospites.

947 2114 1083 2154 Suoque
1100 2117 1260 2152 utrosque
1278 2109 1395 2140 decuit
1418 2110 1577 2146 acceptos
1602 2106 1648 2135 ci·

948 2163 1002 2194 bo.
1047 2161 1173 2193 Alteris
1203 2160 1336 2190 inanem
1370 2157 1504 2189 bulbam
1542 2155 1648 2186 madi-

949 2212 1084 2244 dantem
1096 2211 1190 2250 dare,
1201 2210 1328 2242 Alteris
1343 2218 1445 2240 nuces
1458 2208 1491 2238 in
1504 2206 1648 2248 proclivi

950 2261 1181 2304 profundere.¹
1242 2261 1348 2300 Lego,
1380 2259 1500 2291 Alteris
1526 2258 1649 2289 inanem

950 2313 1074 2352 bulgum
1093 2311 1248 2343 madidam
1261 2314 1291 2341 te
1307 2311 1391 2340 aare.
1436 2308 1521 2339 Ideo
1546 2308 1593 2337 ait
1615 2307 1649 2337 in

949 2363 1093 2404 proclivi,
1117 2362 1195 2403 quia
1212 2360 1354 2401 proclivi
1373 2358 1478 2390 fluvio
1493 2357 1534 2389 ad
1554 2358 1649 2388 Prae-

951 2413 1102 2443 uestinos
1120 2420 1224 2442 nuces
1245 2408 1453 2440 defluebant.
1497 2407 1538 2438 In
1557 2411 1650 2437 vete-

954 2462 1043 2493 ribus
1067 2461 1168 2497 saxis,
1191 2464 1230 2491 ut
1254 2458 1385 2490 monuit
1408 2457 1498 2488 Scal.
1522 2456 1649 2487 mentio

954 2518 1006 2544 est
1030 2511 1213 2552 sparsionis
1240 2519 1376 2548 nucum,
1393 2516 1491 2549 quam
1507 2514 1650 2548 quotan-

955 2563 1007 2594 nis
1045 2562 1158 2593 facere
1197 2560 1239 2591 ad
1276 2558 1439 2590 tumulum
1476 2556 1649 2588 testatoris

955 2613 1092 2645 damnas
1109 2617 1158 2645 est
1175 2611 1271 2643 heres
1298 2618 1341 2642 ex
1365 2618 1404 2640 eo
1431 2612 1648 2640 testamento.

960 2664 1037 2695 Dae.
