1835 2906
249 143 332 185 180

685 153 833 183 SEX'I'I
870 151 1070 183 POMPEH
1107 152 1244 182 FESTI

247 248 453 289 Conlatia
465 254 479 277 ‘³
498 248 707 302 oppidum
725 248 810 289 suit
827 261 962 302 prope
979 248 1181 296 Romam,
1198 260 1253 288 eo
1271 249 1389 301 quod
1403 249 1465 291 ibi
1481 261 1585 303 opes
1607 248 1687 290 ali-

303 329 421 355 arum
444 316 673 357 civitatum
692 316 851 357 fuerint
868 315 1064 364 coffiatae,
1100 327 1127 356 a
1146 328 1233 368 qua
1253 321 1381 368 porta
1401 317 1559 358 Romae
1575 317 1683 358 Con-

300 385 437 424 latina
457 384 575 425 dicta
595 388 678 425 est.

247 451 524 493 Conlativum
548 451 838 493 sacrificiumr
867 451 1041 500 dicitur,
1071 449 1189 505 quod
1213 462 1272 490 ex
1299 450 1546 493 conlatione
1566 452 1689 493 offer-

302 523 384 559 tur.

246 584 526 627 Conlativum
553 589 772 626 ventrem⁵
805 598 1008 638 magnum
1036 588 1079 625 et
1108 583 1326 637 turgidum
1349 584 1465 626 dixit
1489 585 1689 634 Plautus,

303 654 407 707 quia
428 654 474 694 in
494 667 591 694 eum
611 654 756 694 omnia
777 653 924 693 edulia
937 655 1236 704 congeruntur.

246 720 516 762 Conlucaret
537 721 757 770 dicebant,
780 734 876 762 cum
893 718 1090 773 profanae
1110 720 1247 772 sylvae
1266 720 1374 761 rami
1394 719 1690 760 deciderentur

303 787 539 828 officientes
557 787 726 827 lumini.

246 853 547 908 Conquirere‚¹¹
578 854 797 894 co'ejrcere.

894 974 1035 1006 NOTAE

288 1056 303 1075 ‘1
329 1049 489 1089 Conlatia]
514 1049 603 1080 Latii
628 1049 661 1080 in
691 1050 744 1080 via
767 1049 947 1079 Tiburtina
999 1048 1035 1079 τὸ
1065 1049 1173 1088 σχῆμα
1202 1050 1257 1086 τῆς
1282 1051 1345 1080 τῶν
1370 1050 1483 1089 νεκρῶν
1509 1047 1690 1089 προθέσεως.

245 1098 406 1139 oppidum
429 1108 534 1140 prope
560 1100 719 1138 Romam;
745 1108 843 1139 aquo
869 1098 943 1129 Col-

245 1150 350 1180 latina
368 1154 483 1188 porta3
509 1149 542 1180 in
566 1150 652 1180 colle
675 1149 883 1180 hortulorum
901 1149 943 1179 ad

246 1197 545 1239 Septenxtrionem,
567 1209 641 1240 qnae
676 1204 710 1230 et
735 1199 898 1230 Pinciaria
924 1209 944 1230 a

245 1249 371 1288 palatio
388 1249 497 1280 Pincii
513 1249 698 1280 Senatoris.
722 1249 821 1280 Idem.

289 1303 300 1318 r
325 1300 523 1330 Conlutivum
546 1299 748 1340 sacrificium]
775 1299 826 1330 Ad
854 1300 942 1341 qnod

246 1349 366 1388 singnii
390 1348 624 1388 conferebant,
638 1350 751 1390 qualia
776 1354 873 1380 erant
894 1359 942 1381 sa-

246 1398 372 1431 crificia
389 1410 464 1440 quae
484 1400 611 1430 Latinis
628 1400 722 1430 feriis
738 1404 773 1431 et
788 1401 942 1441 Pagana-

245 1449 330 1480 libus
346 1450 445 1480 etiam
468 1449 606 1481 fiebant.
631 1450 730 1481 Idem.

288 1505 299 1519 ³
325 1501 523 1530 Conlatinum
558 1499 709 1539 ventrem]
754 1499 869 1530 Plaut.
909 1499 939 1530 in

246 1550 382 1581 Cnrcnl.
405 1551 484 1581 Ant.
499 1550 585 1589 Aug.

291 1601 486 1631 Conlativum
512 1599 665 1639 ventrem]
690 1600 797 1631 Locus
828 1599 940 1630 Plauti

245 1655 297 1680 est
314 1650 449 1681 Curcul.
467 1659 506 1680 11.
523 1652 551 1680 1.
574 1652 583 1666 ⁴
601 1651 666 1682 Qui
693 1650 744 1680 hic
768 1655 821 1680 est
844 1650 941 1680 homo

247 1699 330 1730 Cum
361 1700 522 1731 collativo
557 1706 673 1731 ventre
705 1704 805 1741 atque
836 1699 942 1730 oculis

245 1749 410 1780 herbeis?
434 1750 514 1780 Dae.

288 1801 296 1818 ¹
323 1800 504 1840 conlucare]
529 1799 709 1830 Profanam
736 1800 863 1839 sylvam
896 1799 942 1829 ‹li-

246 1849 318 1879 xit:
343 1849 432 1880 Quia
459 1849 522 1879 lnci
546 1850 633 1879 sacri
658 1856 757 1879 erant
784 1849 941 1887 incaedui,

246 1904 428 1939 propterea
451 1899 500 1929 ita
518 1899 721 1937 deprecatur
747 1904 862 1938 pastor
886 1899 942 1928 ilie

247 1948 337 1988 apud
355 1948 518 1979 Ovidium
535 1948 566 1977 in
584 1957 679 1978 sacro
698 1948 797 1977 l’aiili
815 1958 822 1977 :
849 1948 857 1964 ‘
874 1948 941 1978 Seu

247 2007 322 2029 mea
339 1997 406 2029 falx
423 2007 514 2029 ramo
532 1998 641 2028 lucum
656 1998 943 2037 spoliavitopaco,

246 2048 345 2079 Unde
361 2047 442 2078 data
457 2053 510 2079 est
536 2053 662 2078 tenerae
680 2046 797 2077 fiscina
814 2046 941 2077 frondis

246 2097 330 2128 ovi.'>
370 2098 492 2138 Neque
523 2097 581 2128 tibi
610 2098 773 2137 imponat,
794 2096 882 2137 qnod
909 2097 941 2127 iu

247 2146 419 2178 Glossario
446 2147 588 2187 iegitur:
614 2148 623 2163 ‘
643 2147 850 2185 Conlncatis,
865 2145 942 2178 εἶδος

246 2195 384 2234 νεκροῦ.’-
420 2196 613 2236 Legendnm
630 2196 729 2235 enim,
753 2198 941 2236 Conlocatio,

246 2246 311 2277 ἕδος
341 2248 456 2286 νεκροῦ.
487 2252 562 2277 erat
598 2252 711 2277 autem
733 2247 942 2278 ‘Conlocare

247 2296 442 2335 mortninn,'
459 2297 492 2327 in
509 2297 614 2337 janna
639 2306 777 2337 ponere,
797 2298 940 2337 pedibus

247 2346 280 2375 in
300 2346 467 2385 publicum
495 2348 690 2386 conversis3
722 2348 809 2388 qnod
827 2347 942 2379 Graeci

246 2394 440 2433 προτίθεσθαι
476 2395 594 2436 νεκρόν.
649 2396 809 2428 Persius:
843 2399 943 2427 ‘lan-

248 2445 391 2486 demque
428 2446 581 2476 beatulus
620 2447 689 2477 aito
727 2446 943 2486 Compositns

248 2495 351 2533 lecto,
377 2496 565 2535 crassisque
591 2498 716 2528 lutatus
743 2498 879 2528 amomis
901 2496 942 2527 In

249 2549 382 2584 portam
430 2545 556 2585 rigidos
600 2548 711 2578 calces
760 2547 942 2578 extendis!

250 2594 380 2625 Glossae
398 2594 701 2628 Grammaticorum
726 2599 758 2628 in
782 2598 861 2629 illud
875 2597 943 2628 Ἰλι-

250 2643 319 2674 άδος
333 2649 366 2674 Τ.
384 2645 440 2674 ἀνὰ
454 2645 599 2684 πρόθυρον
622 2647 836 2685 τεθραμμένον.
852 2650 892 2679 εἷς
906 2650 942 2678 τὸ

250 2695 405 2735 πρόθυρον,
419 2696 587 2736 inquiunt,
603 2697 736 2731 βλέπων.
752 2700 870 2729 τοιοῦτο
884 2700 944 2737 ’γὰρ

999 1100 1051 1141 Ex
1064 1101 1186 1140 quibus
1198 1101 1386 1130 inusti-atur
1399 1099 1610 1138 Pei-sianum,
1627 1099 1635 1115 ‘
1650 1100 1691 1130 In

999 1154 1130 1189 portam
1144 1149 1268 1190 rigidos
1285 1150 1395 1180 calces
1411 1147 1587 1179 extendis!
1614 1149 1691 1179 Mos

997 1205 1069 1231 erat
1086 1209 1158 1230 eam
1171 1198 1315 1240 πρόθεσιν
1326 1210 1344 1230 a
1359 1199 1433 1230 filiis
1448 1199 1532 1230 fieri.
1577 1199 1642 1229 Dio
1658 1199 1691 1229 iu

996 1251 1131 1281 Tiberio
1147 1249 1189 1281 de
1213 1250 1317 1281 Liviae
1340 1259 1500 1280 excessu:
1525 1248 1574 1279 καὶ
1598 1248 1692 1285 αὐτὴν

996 1302 1012 1331 ὁ
1041 1300 1177 1341 Τιβέριος
1206 1301 1278 1331 οὔτε
1307 1300 1458 1330 νοσοῦσαν
1486 1297 1691 1338 ἐπεσκέψατο,

995 1352 1065 1382 οὔτε
1088 1351 1301 1383 ἀποθανοῦσαν
1317 1349 1408 1381 αὐτὸς
1421 1347 1575 1389 προέθετο.
1599 1348 1692 1379 Male

995 1402 1082 1433 enim
1101 1402 1201 1433 hodie
1218 1400 1398 1441 προσέθετο.
1412 1401 1481 1432 Jos.
1499 1399 1583 1430 scal.

1041 1453 1223 1493 Conlucare]
1241 1451 1389 1483 Succisis
1400 1450 1573 1481 arboribus
1584 1449 1691 1480 locum

994 1503 1135 1543 impiere
1149 1501 1334 1541 lnce,infra
1347 1502 1380 1531 in
1397 1503 1406 1518 ‘
1421 1498 1620 1531 sublucare!
1631 1499 1695 1530 Co-

994 1553 1106 1584 lumel.
1124 1552 1228 1584 lib.11.
1252 1552 1262 1568 ⁴
1279 1552 1398 1592 Neque
1412 1555 1535 1582 terram
1545 1549 1692 1589 aperire,

995 1613 1106 1644 neque
1134 1602 1287 1633 arborem
1312 1602 1514 1632 conlucare!
1558 1600 1691 1630 Glossae

996 1654 1213 1685 Graeco—Lat.
1226 1654 1235 1670 ‘
1249 1652 1429 1691 διακαθαίρει)
1439 1650 1570 1691 δένδρον,
1581 1649 1694 1680 coniu-

997 1703 1060 1735 σο]
1108 1704 1242 1734 Dicitur
1259 1709 1295 1734 et
1308 1705 1317 1720 ‘
1331 1701 1531 1733 sublucare!
1555 1703 1564 1718 ‘
1583 1700 1694 1731 Inter-

998 1755 1111 1784 lucare
1126 1754 1133 1765 '
1149 1755 1249 1785 etiam
1269 1754 1355 1784 dixit
1379 1752 1468 1782 Plin.
1486 1751 1547 1782 hoc
1565 1755 1629 1790 est,
1646 1751 1693 1781 in-

998 1805 1044 1835 eis
1059 1813 1160 1834 cansa
1176 1802 1360 1843 superfluos
1377 1811 1485 1833 ramos
1504 1806 1693 1840 amputare.

998 1855 1064 1885 Hic
1082 1859 1194 1885 antem
1214 1858 1222 1871 ‘
1238 1852 1414 1894 profanam
1438 1850 1583 1892 sylvam’
1607 1850 1694 1882 dixit

998 1905 1130 1943 Festus,
1154 1905 1231 1944 qnia
1255 1903 1332 1942 luci,
1350 1902 1412 1933 hoc
1434 1906 1499 1941 est,
1519 1901 1624 1941 syivae
1642 1910 1693 1931 sa-

998 1963 1080 1989 crae,
1095 1963 1159 1984 non
1177 1954 1397 1984 caedebantui·
1412 1953 1477 1983 nisi
1494 1953 1585 1992 prins
1602 1951 1692 1982 facto

996 2005 1140 2043 piaculo.
1184 2004 1271 2034 Vide
1297 2003 1416 2034 Calon.
1441 2002 1483 2032 de
1500 2001 1538 2031 R.
1559 2002 1598 2031 R.
1615 2010 1693 2041 cap.

999 2056 1071 2084 130.
1089 2054 1169 2084 Dae.

1038 2109 1051 2123 ¹¹
1079 2101 1282 2143 Conquirere]
1304 2102 1500 2142 Legendum
1515 2101 1694 2141 Coinquire,

996 2154 1049 2184 vel
1072 2142 1257 2192 Coinquere:
1283 2156 1460 2191 utrumque
1488 2151 1575 2181 enim
1600 2151 1690 2181 vide-

997 2209 1051 2234 tur
1068 2207 1277 2243 usurpatum,
1293 2204 1301 2218 ‘
1315 2200 1503 2242 Coinqnio,'
1519 2207 1555 2232 et
1568 2206 1575 2218 ¹
1591 2201 1692 2232 Coin-

993 2262 1078 2294 queo
1092 2251 1112 2282 ε’
1135 2252 1273 2293 verbum
1285 2251 1406 2282 nemini
1421 2251 1690 2291 hactenns,quod

995 2308 1088 2343 puto,
1105 2301 1386 2332 animadversum.
1422 2301 1562 2331 Dictum
1580 2305 1691 2331 autem

996 2352 1101 2382 veteri
1124 2351 1326 2382 distortione
1349 2351 1503 2390 coinquio,
1518 2359 1579 2389 pro
1601 2360 1692 2381 coan-

994 2400 1082 2440 quz'o:
1105 2400 1235 2440 anquire
1258 2410 1276 2430 a
1299 2399 1423 2431 Graeco
1448 2399 1571 2438 ἄγχειν,
1590 2410 1607 2430 a
1624 2410 1690 2441 qno

994 2450 1140 2490 anquina.
1161 2451 1290 2481 Cinna:
1315 2454 1324 2467 ‘
1340 2449 1455 2490 Atque
1480 2451 1624 2490 anquina
1641 2455 1691 2480 te-

995 2506 1051 2530 net
1070 2500 1224 2531 stabilem
1239 2499 1425 2530 firmissima
1441 2498 1598 2529 cursnn1.'
1622 2499 1690 2530 Ve-

997 2556 1086 2580 teres
1100 2560 1178 2590 ergo
1193 2559 1251 2590 per
1268 2550 1298 2582 Q
1315 2549 1484 2588 dicebant,
1496 2549 1584 2589 quod
1597 2554 1689 2588 post-

997 2609 1036 2630 ea
1065 2609 1123 2639 per
1140 2600 1192 2631 G:
1228 2608 1302 2629 nam
1319 2598 1465 2638 Anquere
1494 2598 1585 2638 prius
1610 2598 1688 2638 fnit,

997 2659 1093 2690 qnam
1119 2650 1276 2688 Anguere.
1324 2648 1488 2688 Coinquire
1518 2658 1598 2689 ergo
1629 2658 1687 2679 seu

1001 2699 1168 2738 Coinquere
1185 2699 1335 2737 arbores,
1351 2704 1403 2729 est
1426 2698 1596 2739 coiircere,
1615 2709 1686 2729 wei*-
