1835 2906
383 158 443 187 DE
479 153 748 186 VERBORUM
785 150 1197 183 SIGNIFIGATIONE
1233 150 1328 179 LIB.
1362 147 1436 177 XI.

1550 136 1632 177 407

253 267 331 307 pro
364 254 401 294 L
430 253 553 294 litera
574 252 615 293 D
639 251 895 292 utebantur:
925 245 1102 300 quidam
1133 244 1391 286 existimant
1416 240 1636 297 jusjuran-

250 321 350 361 dum
371 333 468 360 esse
489 333 564 373 per
586 319 690 360 Divi
713 318 842 358 fidem
863 329 873 366 ;
908 314 1103 368 quidam,
1125 325 1202 366 per
1230 311 1370 352 diurni
1403 309 1632 363 temporis,

253 387 298 427 id
321 391 403 437 est,
424 387 527 436 diei,
548 386 693 427 fidem.

199 454 492 504 MedullituS,Z
514 468 571 495 ex
591 453 753 494 intimis
770 449 984 491 medullis.

198 521 487 562 Mefancilum
504 527 535 553 ¹9
550 527 565 543 ³
607 520 679 563 teli
700 519 879 560 missilis
902 529 1055 570 genus.

200 588 444 641 Megalesia
457 588 472 611 ¹³
491 589 624 630 ludos
643 587 800 628 Matris
824 585 1003 638 Magnae
1026 581 1318 636 appellabant.

198 655 565 710 Melancoryphi,c
596 667 730 708 genus
765 653 925 702 avium,
949 664 1051 705 quae
1073 649 1229 691 Latine
1251 650 1463 688 vocantur
1484 644 1643 685 atrica-

256 724 390 777 pillae,
409 737 461 764 eo
478 723 599 777 quod
624 734 798 762 summa
817 734 964 761 eorum
988 719 1140 771 capita
1158 717 1279 769 nigra
1298 715 1398 756 sint.

202 788 450 832 Meliboead
486 802 678 845 purpura
714 803 740 829 a
768 788 940 829 nomine
972 786 1147 835 insulae,
1168 784 1212 825 in
1243 795 1331 837 qua
1358 779 1549 834 tingitur,
1578 782 1646 819 est

255 858 427 899 dicta.²⁰

200 925 374 967 Melicae
399 926 607 978 gallinae‚0
630 925 748 979 quod
769 924 814 965 in
836 922 988 965 Media
1019 921 1063 962 id
1094 933 1230 974 genus
1260 918 1413 960 avium
1448 912 1646 969 corporis

256 995 522 1048 amplissimi
541 995 644 1036 fiat:
678 993 715 1034 L
734 993 861 1034 litera
881 1003 962 1045 pro
986 990 1027 1030 D
1050 988 1307 1030 substituta.

803 1145 841 1157 Ν
845 1145 941 1157 OOOOO

945 1144 1041 1156 eeeee

245 1259 284 1287 19
308 1257 500 1298 Legendum
517 1263 655 1289 monent
677 1257 765 1289 Scal.
780 1256 863 1287 Dae.
888 1254 1202 1295 Mesancylum.—20
1226 1249 1281 1280 Al.
1303 1250 1422 1278 vocata.

858 1400 998 1432 NOTAE

245 1482 257 1496 2
274 1475 471 1516 Medullitus]
489 1475 518 1507 A
530 1477 681 1511 medullis,
692 1480 729 1507 ut
743 1475 785 1506 ab
799 1476 808 1492 ‘
819 1485 900 1507 ocu-

200 1526 265 1565 Ιίς,7
287 1526 476 1558 ‘oculitus.’
509 1527 623 1558 I'laut.
646 1527 714 1558 ‘Ut
732 1526 846 1557 videas
862 1526 900 1556 il—

201 1577 265 1607 lam
283 1577 479 1607 medullitus
495 1576 539 1607 m’
555 1577 693 1608 amare.’
720 1577 816 1608 Idem.

245 1632 259 1647 ’ὰ
282 1627 499 1666 Mefancilum]
538 1628 641 1667 Lege,
672 1628 900 1668 DIesancylum.

203 1676 414 1715 Μεσάγκυλον
434 1682 487 1708 est
508 1683 717 1708 amentatum
738 1677 902 1718 jaculum.

202 1729 332 1758 Ennius
347 1728 485 1758 Ansatas
510 1732 626 1759 vocat:
651 1727 822 1758 ‘Mittunt
847 1737 902 1757 an-

203 1785 293 1809 satas
317 1779 358 1808 de
383 1778 557 1809 turribus.'
603 1777 816 1809 Menander:
840 1779 904 1808 πῶς

203 1828 240 1858 τὸ
255 1829 374 1868 τραῦμα
387 1828 472 1859 τοῦτ’
485 1827 586 1867 ἔχεως
609 1827 809 1868 μεσαγκύλῳ.
830 1829 901 1859 Jos.

205 1879 289 1909 Scul.

248 1930 466 1971 Mefancilum]
491 1929 715 1961 Scribeudum
740 1929 901 1969 Mesancy-

204 1984 277 2012 lum.
325 1981 402 2013 Hoc
420 1988 484 2017 est,
511 1986 716 2012 amentatum
738 1981 904 2022 jaculum,

204 2042 222 2062 a
238 2031 317 2074 μέσῃ
330 2032 453 2074 ἀγκύλῃ
470 2032 582 2063 medio
600 2037 746 2063 amento.
771 2032 852 2063 Dae.

248 2083 262 2104 b
270 2084 459 2124 Megalesia]
472 2083 555 2114 Ludi
567 2082 710 2121 μεγάλης
721 2084 804 2123 θεᾶς,
814 2093 905 2123 mag-

205 2144 256 2165 nae
272 2135 373 2174 Deae,
388 2135 534 2175 Cybeles
550 2134 694 2168 scilicet,
719 2144 792 2175 quae
813 2135 902 2165 Deo·

205 2194 278 2215 rum
296 2185 442 2216 omnium
469 2188 588 2215 mater.
626 2184 713 2215 Vide
732 2184 834 2216 Ovid.
854 2193 906 2215 1v.

207 2236 300 2266 Fast.
324 2235 432 2275 pridie
450 2236 539 2266 Nou.
557 2235 664 2275 April.
683 2235 905 2266 celebraban-

208 2291 274 2316 tur.
304 2286 494 2324 Megalesia
510 2290 622 2315 autem
640 2290 674 2315 et
690 2285 906 2325 Megalenses

208 2335 278 2366 ludi
306 2335 386 2366 dicti
410 2340 498 2370 sunt,
525 2340 644 2366 contra
662 2335 750 2375 quod
769 2335 905 2376 quibus-

208 2385 284 2416 dam
311 2385 416 2415 vismn
443 2390 507 2419 est,
531 2385 585 2424 qui
612 2385 764 2415 diversos
779 2385 905 2417 fecere.

207 2435 296 2466 Vide
318 2436 326 2453 ‘
344 2434 509 2466 Romani.’
534 2435 631 2465 Idem.

251 2492 264 2508 ⁰
288 2486 537 2526 melancoryphi]
562 2484 816 2525 Μελαγκόρυφοι.
839 2485 908 2516 ‘A-

209 2537 387 2577 tricapillae
399 2536 407 2549 ’
432 2536 534 2566 vertit
547 2535 660 2567 Gaza:
686 2541 763 2566 suut
779 2535 907 2566 ficedu-

208 2588 274 2618 lae:
301 2587 358 2618 sed
384 2587 519 2618 diverso
546 2591 699 2626 tempore
721 2595 843 2616 nomen
860 2587 908 2616 al-

212 2635 322 2669 tet'um
348 2638 548 2669 sortiuntur.
596 2637 685 2667 Plin.
704 2637 761 2667 lib.
781 2645 815 2668 x.
833 2646 908 2677 cap.

211 2692 264 2721 29.
276 2691 284 2706 ‘
300 2689 376 2720 Alia
391 2689 478 2719 ratio
493 2687 658 2728 ficedulis,
673 2696 748 2717 nam
765 2685 907 2718 formum

954 1474 1050 1505 simul
1066 1472 1284 1510 coloremque
1302 1468 1447 1498 mutant.
1491 1461 1569 1493 Hoc
1594 1470 1652 1491 no-

955 1534 1032 1555 men
1044 1523 1052 1535 '
1070 1517 1324 1564 (ficedularum)
1336 1516 1345 1532 ‘
1358 1525 1423 1547 non
1440 1512 1505 1544 nisi
1522 1516 1652 1543 autum-

956 1585 998 1606 no
1012 1574 1146 1605 habent.
1190 1572 1317 1602 Postea
1333 1562 1584 1604 melancoryphi
1597 1571 1656 1593 no-

956 1622 1149 1657 minantur-¹
1194 1619 1284 1652 Vide
1315 1618 1456 1649 Aristot.
1483 1614 1541 1646 lib.
1572 1622 1656 1643 vlu.

957 1677 1034 1707 hist.
1050 1673 1182 1706 animal.
1198 1681 1274 1711 cap.
1290 1673 1322 1701 3.
1345 1668 1444 1699 Idem.

998 1728 1014 1749 <¹
1039 1724 1200 1764 Meliboea]
1225 1723 1323 1761 Virg.
1339 1729 1372 1751 v.
1392 1715 1522 1749 AEneid.
1545 1714 1657 1744 ‘Pur-

958 1789 1044 1820 pura
1062 1775 1240 1807 Maeandro
1262 1770 1390 1811 duplici
1411 1766 1573 1800 Meliboea
1599 1774 1660 1795 cn-

956 1827 1085 1861 currit.'
1132 1825 1162 1856 A
1185 1823 1344 1855 Meliboea
1358 1817 1541 1851 Thessaliae
1558 1816 1656 1846 urbe.

957 1881 1096 1911 Lucret.
1113 1876 1171 1907 lib.
1189 1883 1229 1905 11.
1254 1873 1263 1889 ‘
1277 1872 1352 1904 Jam
1377 1869 1440 1901 tibi
1467 1866 1655 1898 barbaricae

957 1935 1068 1961 vestes
1097 1926 1325 1965 Meliboeaque
1350 1921 1484 1961 fulgens
1502 1919 1660 1959 Purpura

958 1978 1152 2012 Thessalico
1170 1976 1374 2008 concharum
1398 1972 1506 2003 tincta
1526 1967 1659 2000 colore.'

960 2032 1060 2062 Idem.

1002 2087 1015 2102 e
1032 2080 1157 2111 Melicae
1172 2074 1325 2114 Gallinoe]
1350 2074 1405 2105 De
1420 2070 1608 2102 mutatione
1625 2068 1658 2098 D

960 2133 992 2163 in
1018 2133 1045 2163 L
1065 2130 1141 2160 vide
1167 2133 1175 2145 ‘
1194 2123 1361 2158 delicate:
1404 2120 1552 2153 Medicae
1578 2117 1661 2149 Gal-

960 2184 1037 2214 linae
1063 2179 1187 2212 ceteris
1214 2174 1437 2218 proceriores,
1469 2175 1507 2201 ut
1531 2167 1662 2199 Medici

961 2232 1066 2264 Galli.
1094 2231 1193 2261 Varr.
1205 2227 1247 2258 de
1262 2226 1312 2257 Re
1327 2225 1426 2256 Rust.
1443 2221 1498 2252 lib.
1511 2228 1569 2251 111.
1587 2227 1662 2258 cap.

961 2288 991 2316 9.
1004 2286 1012 2300 ‘
1027 2282 1081 2314 Ad
1099 2283 1183 2312 lianc
1198 2288 1268 2310 rem
1282 2274 1399 2308 electis
1414 2270 1568 2304 maximis
1580 2268 1662 2300 Gal·

962 2335 1050 2372 linis,
1074 2341 1137 2363 nec
1154 2328 1315 2361 continuo
1332 2325 1396 2363 his,
1421 2332 1503 2363 quas
1518 2320 1663 2351 Melicas

964 2386 1142 2427 appellant
1158 2383 1257 2419 falso,
1271 2378 1360 2420 quod
1375 2375 1516 2416 antiqui,
1528 2378 1565 2404 ut
1576 2371 1662 2403 The-

963 2439 1026 2476 tin,
1042 2436 1174 2472 Tlrelin,
1186 2433 1233 2463 sic
1247 2429 1419 2461 Medicam
1435 2424 1593 2456 Melicam
1606 2431 1663 2452 vo-

964 2488 1098 2518 cabant.
1142 2484 1206 2515 Hae
1226 2481 1334 2522 primo
1352 2477 1562 2509 dicebantur,
1585 2473 1664 2514 quia

964 2547 1006 2567 ex
1050 2530 1171 2566 Media
1214 2536 1354 2572 propter
1393 2524 1663 2567 magnitudinem

963 2591 1061 2619 erant:
1078 2585 1202 2622 allatae,
1215 2589 1359 2622 quaeque
1375 2588 1416 2608 ex
1436 2577 1473 2607 iis
1491 2578 1663 2616 generata).

963 2643 1081 2679 postea
1104 2638 1244 2676 propter
1262 2626 1538 2662 similitudinem.’
1566 2625 1662 2655 Idem.
