1835 2906
215 135 273 176 (34

657 144 805 175 SEXTI
839 146 965 176 POMP
976 146 1041 178 E11
1077 146 1211 177 FESTl

216 237 435 281 Alterumf
454 238 629 280 Sinnius
659 240 724 281 ait
754 239 868 281 idem
899 241 1156 294 significare,
1178 241 1298 295 quod
1325 242 1440 296 apud
1464 241 1646 283 Graecos

271 305 403 362 ἕτερον.

266 380 314 415 >et
334 371 462 429 ἕτερος.

461 306 653 357 Quidam
675 321 776 350 vero
797 321 855 350 ex
874 314 1056 362 utroque
1083 322 1179 350 esse
1203 310 1498 363 compositum
1527 307 1646 355 ἄλλος

214 441 366 483 Altum
383 446 398 470 g
429 442 603 494 proprie
622 455 737 482 mare
756 442 1031 494 profundum.

213 508 342 549 Altus
363 509 419 550 ab
441 508 595 549 alendo
612 507 628 530 ¹¹
649 507 807 558 dictus,
827 509 939 550 alias
961 510 1016 551 ab
1040 509 1284 550 altitudine.

213 574 466 617 Alucinatio
480 574 509 616 :i
539 575 709 617 erratio.

213 639 485 691 AIveolum,k
513 643 661 683 tabula
682 643 908 683 aleatoria.

212 707 469 750 Alumento¹
501 722 582 763 pro
611 709 909 750 Laumedonte
932 723 958 751 a
980 711 1194 752 veteribus
1216 709 1430 750 Romanis
1446 723 1527 752 nec
1545 710 1648 751 dum

269 775 466 816 adsuetis
487 775 657 817 Graecae
677 776 838 829 linguae
855 776 1016 818 dictum
1037 784 1118 819 est.

1180 778 1255 818 Sic
1279 777 1400 818 Melo
1421 791 1502 830 pro
1525 778 1647 827 Nilo,

268 841 511 882 Catamitus
532 855 610 895 pro
632 842 913 896 Ganymede:
945 843 1138 897 Alphius
1166 857 1248 898 pro
1277 844 1452 898 Alpheo
1474 844 1649 885 diceba-

262 911 342 948 tur.

212 973 355 1016 Alvus
378 979 526 1017 venter
546 975 789 1027 foeminae‚¹¹¹
810 977 864 1018 ab
887 976 1043 1018 alendo
1065 977 1182 1019 dicta
1202 981 1280 1019 est.

859 1119 890 1149 N
897 1118 998 1150 O'rAE

253 1189 266 1209 f
284 1191 444 1232 Alterum]
468 1191 559 1223 Olim
586 1192 764 1224 dicebatur
786 1194 904 1225 alteras

211 1249 230 1270 a
252 1240 377 1273 Graeco
401 1242 509 1277 ἄλλος,
530 1241 643 1283 ἕτερος,
659 1243 710 1274 vel
726 1244 850 1283 potius,
866 1249 904 1275 ut

198 1291 323 1331 'placet
339 1292 473 1333 Angelo
486 1293 642 1333 Caninio,
652 1294 693 1325 ab
707 1295 835 1326 AEolico
847 1294 902 1325 ἆλ-

210 1341 355 1381 λοτέρῤος
380 1353 442 1383 pro
465 1344 640 1384 ἀλλότριος.
684 1345 795 1376 AEoles
812 1346 903 1376 enim

210 1395 432 1432 transponunt
445 1399 479 1425 et
491 1397 663 1434 geminant
680 1406 708 1434 ρ,
724 1399 759 1425 et
774 1400 905 1427 mutant

208 1452 218 1470 ι
232 1441 263 1471 in
277 1453 303 1478 ε,
317 1447 354 1473 ut
373 1441 527 1483 Πέῤῥαμος
542 1454 602 1484 pro
617 1443 761 1484 Πρίαμος.
784 1444 882 1475 Idem.

251 1495 267 1516 ἕ
290 1491 415 1532 Altum]
432 1494 521 1525 Quia
539 1504 611 1535 quae
630 1493 798 1535 profunda
813 1499 904 1535 sunt,

209 1548 250 1570 ea
273 1549 339 1570 non
364 1547 504 1581 possunt
527 1552 593 1573 non
612 1553 686 1574 esse
711 1543 791 1579 alta,
815 1543 904 1574 unde

208 1587 339 1619 factum
365 1595 416 1621 est
440 1597 479 1621 ut
505 1592 631 1622 sublime
657 1593 727 1623 sive
751 1594 848 1623 altum
868 1597 905 1624 et

207 1637 393 1677 profundum
409 1641 586 1680 reciproce
603 1642 690 1672 inter
706 1650 742 1672 se
759 1651 904 1672 commu-

208 1692 335 1718 tentur.
395 1688 480 1719 Inde
508 1690 541 1718 in
568 1690 681 1721 Gloss.
714 1691 723 1707 ‘
749 1690 905 1730 altitudo,

209 1735 317 1775 βάθος,
334 1736 429 1776 ὕψος.’
463 1738 549 1768 Vide
564 1739 573 1754 ‘
589 1736 816 1778 profundum!
854 1739 904 1768 Id.

253 1785 267 1805 ¹¹
290 1786 384 1817 Altus
398 1787 436 1817 ab
451 1786 574 1826 alendo]
591 1788 714 1818 Horat.
731 1788 741 1804 ‘
760 1797 817 1818 vos
832 1787 905 1818 Cae-

211 1845 318 1866 sarem
346 1837 473 1867 altum!
517 1838 640 1877 Altum,
667 1837 700 1868 id
717 1843 782 1876 est,
808 1839 903 1868 alum-

210 1895 370 1924 num,non
385 1896 464 1917 vero
476 1896 634 1927 magnum,
648 1891 684 1917 ut
700 1887 835 1927 quidam
850 1897 905 1918 vo-

212 1936 298 1966 lunt.
353 1935 453 1969 Quod
489 1936 638 1976 pluribus
672 1936 761 1976 apud
795 1937 905 1976 ipsum

214 1984 408 2024 Horatium,
440 1985 495 2026 qui
534 1985 628 2016 brevi
656 1986 734 2017 Deo
762 1986 905 2027 juvante

211 2039 336 2066 metam
353 2035 510 2075 stringet.
535 2036 634 2066 Idem.

253 2083 261 2103 ί
275 2084 473 2124 Alucinatz‘o]
488 2085 664 2125 Alucinari,
680 2086 852 2123 allucinari,
868 2090 904 2117 et

211 2134 395 2165 hallucinari
421 2136 583 2175 scriptum
605 2136 772 2175 reperias:
798 2136 904 2167 alluci-

211 2184 282 2214 nari
298 2184 393 2224 quasi
409 2184 595 2223 adlztcinari,
612 2185 654 2216 ad
671 2186 779 2216 lucem
796 2184 902 2216 offen-

212 2232 306 2263 dere.
352 2233 451 2265 Quod
469 2234 511 2264 de
527 2234 567 2264 iis
583 2234 708 2265 dicitur
723 2236 780 2275 qui
803 2236 905 2266 nimia

215 2282 287 2313 luce
303 2283 475 2313 oculorum
495 2284 567 2314 acie
585 2284 779 2324 perstricta,
796 2285 904 2316 minus

215 2331 355 2363 vident:
383 2333 430 2363 sic
454 2335 462 2350 ‘
481 2333 768 2365 oblucinasse'ob
794 2335 847 2365 vel
862 2335 903 2366 ad

213 2382 323 2412 lucem
341 2391 483 2414 errasse.
529 2384 616 2415 Vide
632 2393 692 2415 suo
709 2385 794 2416 loco.
838 2385 905 2416 Ve-

214 2431 385 2462 risimilius
402 2436 514 2463 tamen
529 2439 582 2464 est
598 2433 685 2475 quod
699 2433 815 2465 docuit
828 2443 904 2465 eru-

214 2481 397 2512 ditissimus
412 2481 593 2513 Salmasius
608 2484 759 2514 alucinari
773 2493 846 2515 esse
862 2484 905 2515 ab

214 2530 374 2562 ἆλὺσσειν.
398 2530 577 2563 Αἰαοὶηαίὶυ
592 2538 643 2564 est
654 2533 766 2571 ἆλύκη,
782 2533 904 2573 χάσμη-

215 2592 276 2619 cns,
288 2585 324 2611 ut
342 2581 492 2621 Hesych.
508 2584 656 2623 exponit,
670 2584 702 2614 id
717 2585 905 2624 est‚hiatus‚

215 2632 293 2671 quia
309 2630 503 2671 frequentes
517 2633 732 2664 oscitationes
748 2634 903 2666 oboriun-

216 2686 271 2713 tur
284 2681 332 2712 eis
347 2681 404 2723 qui
416 2681 513 2713 simili
526 2687 682 2716 tenentur
697 2685 855 2726 languore
868 2690 904 2717 et

956 1194 1129 1226 anxietate
1147 1194 1258 1226 animi.
1284 1195 1380 1225 Idem.

1000 1242 1014 1263 ¹¹
1037 1244 1212 1284 Alveolmn]
1235 1245 1322 1276 Nam
1344 1245 1472 1283 alveus,
1488 1247 1524 1275 ut
1541 1243 1649 1274 alveo·

958 1294 1008 1324 lus
1025 1294 1067 1324 de
1085 1294 1200 1325 tabula
1216 1295 1352 1326 lusoria.
1376 1294 1475 1325 Idem.

1000 1342 1007 1363 ¹
1029 1343 1209 1384 Alumemo]
1233 1344 1296 1374 Aio
1312 1344 1449 1374 Festum
1473 1343 1505 1373 in
1530 1343 1649 1383 depra-

958 1399 1054 1424 vatos
1072 1394 1208 1425 codices
1224 1394 1442 1425 vetustissimi
1461 1393 1569 1434 poe'tae
1596 1392 1650 1422 Li-

959 1443 1002 1474 vii
1021 1443 1205 1475 Andronici
1223 1444 1391 1475 incidisse.
1438 1444 1524 1475 Nam
1541 1444 1550 1459 ‘
1564 1444 1651 1473 Lau-

958 1491 1090 1524 mento’
1114 1493 1201 1524 dixit
1218 1494 1342 1525 Livius.
1385 1493 1441 1524 Ita
1468 1492 1539 1524 fere
1564 1501 1650 1523 sem·

958 1551 1018 1583 per
1030 1549 1160 1574 veteres
1174 1544 1298 1583 Latini,
1309 1545 1409 1574 etiam
1425 1544 1629 1584 posteriores
1641 1553 1651 1573 ε

958 1598 996 1623 ut
1015 1593 1196 1624 Petronius
1221 1597 1229 1610 ‘
1245 1594 1417 1624 Lauconte
1433 1593 1459 1624 :'
1481 1595 1490 1610 ‘
1506 1593 1651 1624 Gemina

958 1642 1029 1673 nati
1061 1642 1203 1683 pignora
1235 1642 1444 1673 Laucontez’
1469 1647 1505 1673 et
1531 1642 1650 1672 Lautu-

958 1691 1041 1731 miae,
1069 1701 1134 1722 non
1160 1692 1348 1723 Laotomioe:
1373 1692 1463 1733 quod
1480 1692 1651 1732 cognosci-

959 1750 1031 1772 mus
1062 1751 1104 1772 ex
1133 1742 1282 1773 Seneca:
1314 1743 1362 1772 sic
1397 1743 1564 1780 Laudicea,
1589 1751 1651 1782 pro

958 1790 1122 1821 Laodicea.
1167 1790 1297 1821 Plinius
1327 1791 1412 1821 libro
1440 1800 1482 1821 11.
1510 1791 1652 1831 Epistol.

959 1841 969 1856 ‘
987 1840 1074 1870 Nam
1091 1840 1135 1870 ibi
1154 1840 1335 1871 Laudiceni
1351 1840 1565 1876 dicebantur,
1591 1850 1652 1880 per

953 1888 1084 1927 jocum,
1109 1897 1174 1918 non
1202 1889 1292 1918 cives
1317 1889 1506 1929 Laodiceae,
1519 1889 1576 1920 sed
1595 1890 1652 1929 qui

959 1937 1076 1968 laudes
1092 1947 1168 1968 suas
1185 1938 1260 1968 cani
1278 1938 1421 1969 libenter
1447 1940 1648 1970 audiebant:

959 1991 1045 2018 utet
1061 1987 1162 2018 iidem
1175 1997 1239 2018 non
1256 1987 1419 2019 inurbane
1442 1989 1650 2020 vocabantur

957 2037 1138 2074 Σοφοκλεΐς,
1170 2046 1236 2067 non
1276 2041 1312 2067 ut
1347 2037 1485 2077 proprio
1513 2039 1646 2069 nomine

956 2087 1091 2127 Tragici
1116 2086 1242 2126 poetae,
1265 2087 1323 2116 sed
1345 2087 1422 2127 quia
1446 2088 1572 2126 grande
1597 2098 1649 2119 so-

959 2137 1041 2177 phos
1069 2136 1135 2166 illis
1159 2136 1336 2167 dicebatur
1362 2147 1380 2167 a
1403 2137 1579 2169 conductis
1615 2143 1650 2169 et

958 2187 1119 2217 redemtis
1138 2186 1369 2217 auditoribus!
1415 2187 1505 2227 Ergo
1529 2188 1647 2219 eodem

957 2236 1055 2267 modo
1073 2236 1239 2267 Laumento
1261 2247 1322 2277 pro
1340 2237 1554 2269 Laomedonte.
1577 2239 1649 2271 Jos.

958 2286 1045 2316 ScaL

1003 2333 1182 2374 Alumento]
1198 2334 1338 2375 Optime
1355 2337 1484 2368 monuit
1498 2337 1650 2378 Scaliger

960 2385 1095 2416 Festum
1111 2385 1144 2415 in
1160 2385 1362 2425 depravatos
1380 2387 1465 2417 Livii
1484 2387 1650 2419 Androni·

958 2434 989 2465 ci
1004 2434 1139 2465 codices
1163 2434 1328 2466 incidisse.
1373 2436 1527 2467 Fortasse
1543 2437 1646 2476 scrip-

959 2490 1049 2516 serat
1064 2485 1184 2515 Festus
1199 2485 1363 2516 Alumeton
1383 2495 1442 2526 pro
1457 2486 1626 2517 Laomedon
1638 2498 1648 2517 :

958 2544 1091 2575 nempe,
1103 2535 1315 2575 transpositis
1336 2536 1442 2566 literis
1458 2547 1476 2566 a
1491 2537 1561 2574 etl,
1576 2541 1610 2566 et
1625 2538 1647 2566 d

958 2590 1088 2616 mutato
1118 2586 1151 2616 in
1177 2589 1202 2616 t.
1258 2585 1356 2618 Quod
1385 2590 1421 2615 et
1449 2585 1646 2616 doctissimo

957 2635 1108 2668 Meursio
1134 2636 1167 2667 in
1196 2641 1341 2667 mentem
1373 2635 1471 2667 video
1502 2636 1645 2668 venisse,

958 2685 1037 2716 Dae.
