1835 2906
401 140 465 170 DE
497 138 768 169 VERBORUM
802 135 1210 168 SIGNIFICATIONE
1246 137 1337 168 [ΑΒ.
1370 137 1476 167 le.

1590 125 1675 167 631

226 234 495 277 Praesidium
513 240 529 256 ³
549 237 630 284 est,
649 233 765 287 quod
787 246 868 287 pro
884 231 1074 274 utilitate
1090 236 1136 273 et
1156 232 1297 274 salute
1315 231 1501 286 alicujus
1522 231 1677 272 auxilii

281 302 425 355 gratia
459 302 731 355 praeponitur
768 299 1032 349 subsidium,
1063 300 1181 353 quod
1212 300 1504 355 postpositum
1524 305 1594 341 est
1615 299 1674 340 ad

280 370 616 410 subveniendum
637 368 956 409 laborantibus.

226 435 523 477 Praestinareb
558 436 680 489 apud
721 436 932 477 Plautum
973 448 1118 476 emere
1156 439 1238 484 est,
1276 435 1321 476 id
1362 440 1448 484 est,
1489 433 1675 475 emendo

280 508 440 545 tenere.

224 570 501 612 Praestitemc
523 572 568 612 in
589 570 742 612 eadem
764 569 1088 623 significatione
1109 570 1317 612 dicebant
1338 569 1522 623 antiqui,
1543 568 1675 623 qua¹⁶

279 652 395 679 nunc
419 638 609 679 dicimus
631 639 884 680 antistitem.

824 747 1061 759 emaemeeaee

266 799 306 827 16
329 797 408 828 Vet.
426 796 484 828 lib.
502 807 600 837 quem.

873 899 1020 931 NOTAE

219 979 331 1006 autem
356 975 477 1006 sideris
505 974 661 1011 effectus,
685 984 807 1015 nempe
834 980 918 1006 tem-

217 1031 346 1066 pestas,
361 1035 496 1057 causam
513 1025 771 1064 anteveniebat,
787 1035 917 1066 pracve-

216 1076 345 1116 niebat,
362 1077 394 1107 id
409 1081 469 1112 est,
486 1076 605 1108 sideris
619 1081 730 1108 ortum
749 1078 801 1107 vel
818 1086 918 1108 occa-

215 1136 288 1157 sum
314 1126 537 1167 anticipabat,
561 1127 622 1157 boc
647 1127 761 1158 Graeci
790 1138 918 1168 προχει-

214 1176 325 1217 μάζειν
337 1177 512 1213 dicebant,
525 1178 638 1209 Latini
648 1181 656 1194 ‘
670 1177 918 1219 praesiderare‚'

216 1227 305 1269 quod
330 1234 408 1259 ante
432 1228 523 1258 sidus
548 1229 696 1268 veniret,
721 1228 755 1259 id
776 1232 841 1267 est,
857 1228 917 1258 im-

215 1278 391 1310 maturius.
423 1277 510 1309 Inde
528 1283 564 1309 et
585 1279 594 1294 ‘
611 1277 807 1309 desiderare
821 1277 829 1290 ’
848 1278 916 1309 dic-

213 1332 299 1366 tum,
316 1327 405 1369 quod
423 1327 562 1368 proprie
580 1327 680 1358 finem
699 1328 916 1367 tempestatis

213 1377 396 1417 significat,
427 1378 521 1419 quasi
550 1378 639 1418 quod
671 1378 797 1409 desinit
827 1378 916 1409 side-

214 1437 303 1466 rare,
322 1427 353 1458 id
364 1426 614 1467 εεῐ,χειμάζειν.
635 1428 683 1459 Ut
700 1429 709 1445 ‘
723 1427 916 1459 defervere‘

213 1476 351 1516 dicitnr,
368 1478 456 1518 quod
474 1478 610 1508 fervere
625 1477 763 1518 desinit,
780 1483 816 1509 et
832 1483 839 1495 ‘
858 1478 916 1509 de-

213 1528 358 1565 tonare,'
374 1529 463 1570 quod
492 1529 595 1560 desiit
621 1534 752 1568 tonare,
769 1530 816 1560 sic
834 1530 842 1547 ‘
861 1529 918 1561 de-

211 1579 354 1614 ludere,’
368 1579 438 1610 ludi
454 1579 555 1610 finem
570 1578 704 1611 facere!
719 1580 810 1611 Hinc
829 1580 917 1612 desi-

212 1629 326 1661 derari
345 1640 397 1661 res
416 1630 543 1661 dicitur
556 1640 632 1671 quae
654 1630 751 1669 abiit,
767 1640 829 1662 nec
847 1641 917 1662 am-

210 1681 298 1720 plius
315 1685 423 1712 extat.
447 1681 504 1712 Ita
520 1690 600 1721 ergo
614 1685 647 1711 et
665 1681 860 1713 desiderare
874 1681 917 1713 de

209 1732 319 1763 sidere
336 1732 509 1773 confecto,
531 1732 619 1774 quod
637 1732 768 1764 Graecis
789 1733 916 1774 ἀποχει-

208 1780 326 1821 μάζειν,
342 1789 462 1824 postea
475 1783 669 1814 traductum
685 1782 727 1813 ad
741 1784 817 1816 alia.
840 1789 848 1801 ‘
866 1784 916 1815 Si-

210 1834 273 1865 dus
296 1834 525 1875 Vergiliarum
550 1839 585 1866 et
609 1834 749 1866 Arcturi
774 1834 912 1867 confec-

209 1890 281 1916 tum
293 1884 301 1898 ³
318 1885 431 1926 legere
445 1890 498 1916 est
513 1887 603 1926 apud
621 1885 774 1917 Hirtium
788 1896 796 1925 ;
821 1886 913 1927 quod

208 1935 252 1967 de
270 1936 348 1967 anni
365 1941 573 1976 tempestate
597 1945 663 1966 non
688 1941 805 1976 potest
825 1937 913 1968 acci·

208 1987 243 2027 pi
256 1997 265 2026 ς
283 1996 407 2027 nempe
420 1987 429 2004 ⁴
441 1986 635 2018 confectum
650 1986 742 2017 sidus
755 1986 763 2000 '
776 1987 912 2027 dicitur,

209 2037 301 2079 quod
319 2047 457 2078 prorsus
483 2042 535 2069 est
558 2037 591 2068 ἐν
604 2038 654 2076 τῷ
668 2038 794 2078 φανερῷ
809 2038 862 2069 vel
881 2039 914 2069 ἐν

205 2089 251 2128 τῷ
268 2087 388 2129 ἀφανεῖ,
406 2093 514 2120 totum
532 2089 665 2119 scilicet
681 2094 834 2120 exortum
859 2090 913 2120 vel

208 2140 423 2180 absconsum,
449 2140 570 2171 sedata
592 2140 665 2181 jam
692 2144 913 2181 tempestate,

208 2199 309 2230 quam
328 2196 421 2221 ortus
437 2191 491 2222 vel
513 2200 655 2221 occasus
679 2191 801 2222 sideris
822 2192 912 2223 exci-

209 2245 355 2272 taverat.
380 2241 550 2272 Hincillae
568 2242 770 2281 locutiones,
787 2244 796 2260 ‘
815 2243 912 2274 Moto

208 2289 346 2330 sidere‚’
364 2292 373 2308 ‘
387 2290 537 2322 nondum
551 2290 736 2323 confecto!
751 2293 911 2325 Plin.lib.

208 2349 318 2372 xv111.
335 2351 407 2382 cap.
425 2344 479 2372 26.
518 2346 526 2358 ‘
542 2341 688 2373 Accedit
703 2342 844 2373 confusa
861 2353 911 2373 re-

207 2401 280 2422 rum
314 2391 515 2431 obscuritas,
542 2401 632 2423 nunc
663 2399 910 2433 praecurrente,

207 2451 271 2474 nec
281 2443 398 2483 paucis
409 2442 540 2478 diebus,
550 2448 793 2483 tempestatum
804 2445 908 2485 signi-

206 2493 381 2532 ficatione,
396 2493 484 2534 quod
495 2493 718 2534 προχειμάζειν
727 2495 841 2526 Graeci
854 2506 909 2527 νο-

207 2549 300 2581 cant,
333 2554 422 2575 nunc
449 2547 702 2585 postveniente,
731 2546 821 2587 quod
848 2547 910 2577 ἐπι-

206 2594 378 2635 χειμσίζειν.
413 2596 456 2626 Et
479 2596 679 2637 plerumque
696 2596 778 2627 alias
795 2597 910 2637 citius,

208 2647 291 2677 alias
310 2646 440 2677 tardius
464 2646 541 2677 coeli
565 2645 691 2678 effectu
715 2647 759 2678 ad
783 2652 910 2680 terram

206 2696 364 2734 deciduo,
375 2698 473 2738 vulgo
486 2697 671 2729 serenitate
683 2698 818 2733 reddita
831 2708 911 2731 con-

974 974 1104 1007 fectum
1134 974 1224 1006 sidus
1255 973 1432 1005 audimus.’
1470 973 1547 1005 Non
1579 973 1676 1005 aliter

973 1028 982 1045 ‘
997 1027 1191 1059 confectum
1208 1026 1317 1058 sidus'
1333 1026 1401 1057 dici
1418 1025 1562 1066 solebat,
1574 1035 1676 1066 quam

975 1078 1031 1109 ubi
1047 1084 1244 1119 tempestas,
1260 1087 1336 1118 quae
1349 1077 1470 1107 sideris
1486 1080 1560 1107 erat
1572 1074 1676 1107 effec-

975 1133 1040 1168 tus,
1066 1128 1254 1167 deciderat,
1286 1137 1325 1158 ac
1361 1126 1575 1158 desaevierat.
1619 1126 1677 1157 Ita

973 1178 1120 1219 Magnus
1145 1177 1326 1209 Salmasius
1351 1176 1384 1206 in
1411 1175 1554 1207 exercit.
1585 1176 1678 1207 Plin.

971 1227 1040 1258 Sed
1057 1227 1244 1258 notandum
1261 1231 1326 1266 est,
1350 1225 1439 1267 quod
1464 1224 1677 1265 ἐπιχειμάζειν

973 1277 1060 1308 dixit
1076 1277 1169 1310 Plin.
1194 1276 1278 1307 illud
1302 1274 1541 1315 μεταχειμάζειν
1562 1276 1677 1316 Vege-

973 1329 1057 1359 tium
1075 1328 1212 1359 dixisse.
1230 1325 1440 1367 ἐπιχειμοίζειν
1463 1332 1577 1358 autem
1597 1337 1675 1358 cum

972 1377 1026 1408 die
1043 1378 1194 1418 legitimo
1211 1384 1245 1409 et
1261 1378 1388 1408 solenni
1411 1380 1564 1408 nascitur
1590 1381 1675 1408 tem-

971 1432 1097 1468 pestas,
1114 1429 1161 1459 ita
1174 1428 1264 1459 enim
1276 1428 1335 1459 lib.
1354 1436 1403 1459 ιν.
1417 1437 1493 1468 cap.
1505 1430 1558 1459 40.
1581 1428 1590 1444 ‘
1603 1427 1676 1460 Aut

971 1478 1060 1509 enim
1085 1478 1178 1510 circa
1205 1478 1293 1510 diem
1320 1481 1576 1516 statutum‚aut
1593 1482 1674 1509 ante

971 1528 1024 1558 vel
1041 1534 1173 1569 postea,
1187 1532 1412 1569 tempestates
1433 1526 1507 1558 fieri
1522 1536 1676 1567 comper-

972 1582 1043 1610 tum
1058 1583 1124 1618 est,
1139 1577 1230 1610 unde
1244 1577 1494 1619 praecedente5‚
1506 1576 1676 1617 προχεῖμα-

970 1641 1031 1665 σιν,
1048 1634 1231 1662 nascentes
1255 1630 1311 1660 die
1336 1629 1489 1668 solemni,
1513 1628 1675 1669 ἐπιχείμα-

969 1692 1030 1721 σιν,
1048 1682 1308 1722 subsequentes,
1321 1679 1559 1721 μεταχείμασιν,
1575 1681 1675 1713 Grae·

969 1742 1009 1763 co
1028 1731 1192 1763 vocabulo
1210 1730 1517 1772 nuncupaverunt!
1543 1731 1630 1763 Dae.

1012 1787 1027 1803 a
1050 1781 1258 1822 Proesidz'um]
1281 1782 1331 1813 Ut
1360 1792 1379 1812 a
1402 1782 1412 1799 ‘
1428 1781 1512 1812 sub'
1535 1786 1570 1812 et
1597 1782 1606 1799 ‘
1624 1791 1676 1812 se-

967 1832 1105 1872 dendo‚’
1121 1834 1130 1849 ‘
1144 1831 1356 1870 subsidium,'
1373 1832 1422 1863 ita
1446 1842 1465 1862 a
1485 1842 1554 1872 prce
1569 1836 1605 1863 et
1627 1841 1674 1863 se-

966 1884 1077 1922 dendo,
1090 1882 1285 1923 praesz‘clium.
1321 1882 1423 1913 Unde
1440 1883 1472 1913 in
1491 1882 1605 1914 Gloss.
1617 1892 1674 1913 ex·

968 1935 1108 1976 ponitur
1120 1933 1339 1975 παραφυλακὴ,
1348 1933 1534 1975 προστασία.
1569 1934 1674 1975 Item,

969 1986 1141 2027 praesidia,
1156 1985 1306 2026 φυλακαὶ,
1320 1984 1458 2026 φρούρια.
1483 1985 1580 2016 Idem.

1011 2037 1024 2059 ¹³
1060 2038 1271 2078 Proestinare]
1321 2038 1387 2068 Ms.
1424 2036 1546 2075 codex,
1591 2038 1673 2078 apud

968 2089 1119 2120 Plautum
1154 2098 1321 2129 praeemere
1347 2091 1410 2119 est:
1447 2092 1486 2118 ut
1523 2091 1674 2119 testatur

968 2139 1067 2170 Voss.
1103 2139 1220 2170 Plaut.
1250 2139 1350 2179 Capt.
1386 2138 1395 2155 ⁴
1411 2137 1525 2169 Alium
1560 2137 1673 2178 pisces

968 2191 1206 2232 praestinatum
1223 2191 1317 2222 abire
1329 2201 1337 2222 2
1349 2189 1358 2203 '
1383 2196 1418 2221 et
1436 2189 1573 2230 EpidIc.
1597 2189 1607 2207 ‘
1625 2189 1674 2221 Ut

968 2244 1056 2274 enim
1089 2243 1269 2284 praestines
1296 2246 1450 2283 argento,
1476 2241 1674 2282 priusquam

967 2294 1083 2325 veniat
1117 2292 1227 2324 filius!
1272 2292 1361 2324 Item
1393 2291 1556 2323 Pseudol.
1594 2294 1603 2308 ‘
1624 2291 1674 2323 Ut

966 2344 1109 2385 piscium
1138 2343 1301 2385 quicquid
1327 2348 1380 2375 est
1404 2342 1513 2383 pretio
1539 2341 1673 2382 praesti-

966 2394 1068 2426 nem.¹
1104 2394 1299 2425 Praeszinare
1316 2399 1352 2425 et
1374 2394 1541 2432 destinare,
1564 2402 1583 2423 a
1603 2401 1672 2432 prae

964 2445 1036 2476 sive
1059 2445 1108 2479 (le,
1132 2449 1166 2474 et
1196 2444 1347 2475 obsoleto
1372 2447 1476 2482 siano,
1501 2443 1553 2474 vel
1576 2444 1672 2474 stino.

965 2496 1007 2526 In
1017 2495 1149 2527 Glossis
1159 2495 1307 2535 praestino
1317 2494 1501 2535 exponitur
1511 2492 1674 2534 προυρίζω,

967 2545 1104 2585 definio,
1130 2545 1316 2584 constituo,
1334 2544 1548 2584 praedestino.
1572 2544 1671 2574 Idem.

1008 2602 1021 2617 ⁶
1044 2595 1244 2635 Praestitem]
1280 2595 1460 2635 Proestites,
1493 2592 1669 2634 προστατή-

966 2659 1033 2687 ριοι.
1078 2648 1086 2663 ‘
1104 2647 1283 2677 Praestites
1311 2645 1435 2676 Lares’
1470 2645 1584 2684 iidem,
1611 2644 1670 2684 qui

966 2696 1183 2738 προστατήριόι
1207 2696 1281 2736 θεοὶ,
1305 2696 1393 2738 apud
1422 2696 1574 2727 Graecos.
1599 2695 1669 2725 dos.
