1835 2906
184 80 270 124 602

643 87 792 120 SEXTI
828 88 1030 119 POMPEII
1065 88 1202 120 FESTI

242 185 448 239 Virginia
465 184 639 240 patricii
671 185 842 238 generis
863 183 1046 226 soemina
1061 183 1264 225 convivio
1278 187 1310 207 ¹²
1326 183 1445 224 facto
1459 183 1570 226 inter
1585 190 1631 226 et

243 255 436 309 plebem.

727 321 810 362 sul.
1241 348 1251 358 .
1369 347 1379 358 .

730 402 802 442 qu.
1233 387 1312 428 bit.
1369 418 1378 427 .

728 470 836 498 sere.
1239 468 1294 496 eo
1314 455 1382 509 ju.

187 525 385 568 Plebeiae
409 524 640 579 pudicitiae
661 524 872 566 sacellum
893 523 1069 573 Romae,
1089 526 1138 564 ut
1159 535 1287 564 sacra
1308 528 1420 564 cetc-
1459 524 1587 577 [PAU
1599 535 1636 564 t„

245 608 308 644 ra,
331 594 575 636 colebatur.

193 661 368 703 Plebeii
390 661 566 703 AEdiles
588 659 831 701 dissidente
852 658 982 713 plebe
1005 670 1032 699 a
1053 658 1250 712 patribus
1273 660 1375 699 sunt
1397 657 1545 698 creati.

194 727 337 770 Plebei
354 728 510 770 AEdiles
524 734 538 757 ἓ
561 742 638 768 non
656 726 786 768 minus
796 725 1032 783 populique
1049 726 1193 781 plebei
1209 726 1338 777 scito,
1355 740 1443 781 quae
1473 724 1640 779 [FEST.

801 847 857 860 OOC
862 846 1036 859 &bonetto

239 929 278 958 12
302 926 364 958 Vir
380 925 473 959 doct.
491 925 524 957 in
541 935 648 967 marg.
665 925 720 958 ed.
739 925 826 958 Scal.
846 924 986 966 conjicit
1000 924 1164 956 connubio.
1207 923 1295 955 Dac.
1312 923 1399 965 conj.
1414 923 1559 955 convicio.

855 1067 997 1101 NOTAE

198 1155 337 1186 tundam
353 1156 526 1196 Herculis,
550 1156 640 1188 inter
655 1160 824 1188 matronas
842 1166 896 1187 or-

195 1210 277 1236 tum.
315 1205 498 1245 virginiam
516 1205 556 1238 A.
574 1207 611 1237 F.
630 1207 807 1247 patriciam
825 1207 895 1247 pie-

198 1256 276 1287 beio
304 1261 444 1296 nuptam
473 1257 512 1287 L.
529 1257 709 1288 Volumnio
729 1257 806 1288 Cos.
827 1266 896 1287 ma-

199 1312 320 1346 tronae,
349 1307 440 1348 quod
465 1316 483 1337 e
512 1307 666 1347 patribus
694 1307 898 1348 enupsisset,

198 1358 304 1388 sacris
316 1357 516 1389 arcuerant!
539 1359 583 1389 Et
594 1363 733 1398 postea:
753 1358 761 1374 ⁴
774 1358 810 1389 ln
825 1359 899 1389 vico

198 1408 326 1448 Longe,
354 1408 408 1439 ubi
426 1408 615 1450 habitabat,
636 1419 677 1439 ex
699 1415 798 1450 parte
818 1409 900 1440 aedi-

199 1468 269 1495 uin,
284 1459 372 1499 quod
389 1459 472 1490 satis
488 1463 578 1490 esset
605 1460 667 1491 ioci
695 1459 828 1491 modico
849 1469 900 1491 sa·

200 1510 300 1550 cello,
327 1510 485 1545 exclusit,
509 1519 667 1552 aramque
693 1510 740 1541 ibi
764 1511 898 1552 posuit;

200 1566 235 1592 et
251 1561 444 1592 convocatis
469 1561 601 1602 plebeis
627 1562 805 1601 matronis,
822 1572 903 1593 con-

201 1616 321 1652 questa
337 1611 492 1652 injuriam
513 1612 733 1653 patriciarum
749 1623 756 1643 2
781 1613 790 1628 ‘
804 1612 903 1644 Hanc

201 1671 264 1702 ego
297 1661 413 1701 aram,'
447 1662 569 1704 inquit,
592 1663 601 1679 ‘
613 1662 797 1694 Pudicitiae
825 1663 904 1694 Pie-

202 1713 288 1744 beiae
316 1712 539 1753 dedico‚’&c.
568 1713 696 1745 Eodem
714 1713 821 1745 ferme
836 1714 905 1745 ritu

203 1769 238 1794 et
255 1763 327 1795 iiaee
352 1773 421 1801 ara,
449 1773 515 1805 quo
532 1764 587 1795 ilia
608 1765 790 1805 antiquior,
813 1765 905 1796 culta

204 1819 268 1852 est,
285 1819 322 1845 ut
345 1815 448 1854 nulla,
465 1815 527 1845 nisi
544 1821 710 1856 spectatae
728 1815 905 1856 pudicitiae

204 1870 372 1905 matrona,
386 1870 421 1897 et
446 1875 521 1906 quae
538 1866 596 1897 uni
612 1867 684 1897 viro
699 1871 808 1908 nupta
823 1866 904 1898 fuis-

204 1915 337 1956 set,jns
356 1915 567 1947 sacrificandi
582 1916 735 1948 baberet.
780 1918 904 1958 Vulga-

205 1974 242 2001 ta
254 1968 332 2000 dein
345 1969 463 2010 religio
475 1979 494 2000 a
506 1970 654 2010 pollutis,
668 1979 730 2001 nec
743 1970 905 2002 matronis

206 2020 390 2060 solum‚sed
405 2020 512 2051 omnis
522 2019 649 2051 ordinis
659 2020 819 2061 foeminis,
831 2031 907 2062 pos·

205 2077 314 2102 tremo
331 2071 365 2102 in
383 2070 587 2102 oblivionem
605 2071 722 2102 venit.'
754 2072 784 2102 A
802 2072 906 2103 Festo

203 2121 348 2153 historia
362 2122 462 2154 aliter
486 2122 584 2162 paulo
606 2122 737 2154 narrari
760 2122 906 2154 videtur.

208 2175 288 2204 Ant.
311 2173 399 2213 Aug.

239 2222 376 2253 Plebeict>
387 2222 555 2253 Pudicitiae
561 2222 717 2263 sacellum]
724 2222 809 2255 Qnae
818 2222 909 2254 infra

208 2274 344 2308 desunt,
357 2274 490 2314 integra
507 2274 664 2314 praestari
677 2272 824 2305 difficile.
851 2274 909 2304 Vi-

211 2324 312 2354 detur
328 2328 440 2354 tamen
457 2323 578 2354 Festus
594 2323 678 2363 lia‘c,
690 2323 742 2354 vel
757 2323 806 2354 bis
820 2323 911 2355 simi-

210 2374 266 2409 lia,
280 2374 476 2414 scripsisse:
497 2373 631 2405 Plebeiae
643 2374 803 2414 pudicitioe
815 2376 911 2406 sacel-

210 2425 274 2453 lum
289 2424 321 2454 in
333 2425 400 2455 vico
417 2424 525 2464 Longo
535 2427 595 2462 est,
608 2426 700 2464 quod,
715 2435 783 2456 cum
804 2426 912 2464 Virgi-

212 2473 278 2513 ηἰα,
298 2474 434 2504 Patricii
457 2473 581 2511 generis
598 2473 742 2511 soeminu,
765 2476 912 2506 connubio

211 2523 294 2554 facto
312 2523 393 2554 inter
402 2527 508 2564 patres
516 2527 546 2554 et
558 2525 689 2564 plebem,
701 2535 771 2556 uam
779 2526 914 2565 patricia

209 2574 326 2616 plebeio
357 2575 470 2605 honzini
497 2575 592 2607 Lucio
621 2576 782 2608 Volumnio
799 2578 914 2608 consuli

215 2629 373 2663 nupserat,
393 2625 574 2664 dedicasset,
590 2628 694 2657 eodem
712 2627 777 2658 ritu
793 2637 850 2667 quo
865 2638 915 2658 sa-

218 2676 326 2706 cellum
339 2674 482 2716 patricia?
495 2676 656 2715 pudicitioe
682 2677 795 2708 cultum
809 2681 865 2715 est,
882 2683 915 2709 ut

950 1160 1102 1195 malr-ona,
1118 1166 1184 1196 quse
1200 1155 1255 1186 uni
1272 1155 1338 1185 viro
1349 1158 1468 1186 tantum
1482 1158 1651 1196 nupserat,

950 1206 1145 1247 sacrificandi
1175 1206 1207 1235 in
1237 1215 1276 1236 eo
1296 1205 1354 1244 jus
1378 1205 1516 1236 liaberet.
1560 1205 1648 1236 Haec

952 1257 1000 1287 ita
1013 1256 1171 1288 odoratus
1187 1266 1257 1286 sum
1275 1265 1317 1287 ex
1336 1256 1429 1286 Livio
1447 1255 1503 1286 lib.
1522 1264 1556 1286 x.
1572 1265 1648 1296 cap.

952 1311 1005 1339 23.
1025 1310 1034 1325 ‘
1049 1306 1248 1348 Insignem,’
1272 1306 1392 1347 iuquit,
1410 1307 1419 1323 ‘
1433 1306 1650 1347 supplicatio-

954 1358 1055 1397 nem,'
1082 1360 1145 1389 &u
1189 1357 1282 1398 [vid.
1315 1358 1399 1388 Not.
1431 1355 1513 1386 Ant.
1544 1354 1651 1395 Aug.]

953 1409 1054 1441 Unde
1067 1414 1101 1440 et
1119 1419 1179 1449 pro
1196 1407 1334 1439 convicio
1350 1406 1440 1447 quod
1457 1415 1557 1447 supra
1568 1405 1652 1446 iegi-

956 1465 1023 1497 tur,
1040 1459 1124 1491 etin
1139 1458 1259 1490 Sched.
1288 1467 1354 1489 non
1381 1459 1469 1488 male
1492 1457 1652 1487 restituas

956 1511 1103 1543 convicio.
1128 1511 1211 1541 Dae.

999 1567 1014 1589 Β
1038 1561 1145 1593 plebei
1175 1559 1309 1600 AEdiles]
1339 1559 1440 1593 Quod
1467 1559 1594 1590 Paulus
1619 1559 1653 1589 in

956 1613 1106 1653 epitome
1123 1611 1253 1646 scribit,
1281 1620 1396 1642 verum
1421 1619 1495 1641 esse
1519 1614 1655 1640 constat

956 1673 999 1694 ex
1017 1663 1160 1703 Dionys.
1176 1661 1234 1693 lib.
1253 1669 1305 1693 vt.
1322 1671 1413 1701 nam,
1427 1670 1502 1691 curn
1514 1660 1655 1701 primum

956 1713 1079 1744 seditio
1097 1713 1185 1744 inter
1202 1712 1337 1753 plebem
1354 1719 1389 1743 et
1406 1705 1521 1752 pati-es
1538 1711 1656 1743 sedata

957 1769 1022 1801 est,
1035 1771 1071 1796 et
1083 1763 1251 1795 Tribunos
1265 1762 1386 1804 piebis,
1397 1768 1432 1794 et
1448 1762 1572 1793 AEdiies
1584 1767 1657 1794 tum

957 1815 1102 1855 primum
1133 1824 1152 1845 a
1178 1813 1277 1854 plebe
1313 1818 1448 1845 creatos
1480 1812 1658 1844 confirma-

960 1870 1049 1897 runt.
1096 1865 1244 1896 Nomina
1258 1869 1329 1895 tum
1342 1863 1502 1895 AEdiiium
1520 1873 1584 1894 non
1603 1873 1658 1894 ac-

960 1918 1059 1957 eepi;
1091 1925 1200 1957 neque
1231 1915 1377 1946 arbitror
1404 1925 1444 1946 ea
1470 1924 1557 1949 esse,
1583 1924 1658 1956 quae

961 1968 1084 1998 Festus
1100 1967 1205 1998 refert
1224 1978 1231 1997 ε
1258 1967 1330 1998 baec
1357 1966 1445 1997 enim
1462 1965 1580 1997 scribit
1602 1975 1658 1998 eo-

961 2027 1032 2049 rum
1049 2017 1167 2053 fuisse,
1193 2018 1250 2059 qui
1269 2022 1401 2058 septem
1420 2016 1581 2058 quasdam
1606 2025 1660 2047 res

960 2068 1132 2100 faciendas
1148 2073 1362 2100 curaverunt.
1398 2068 1562 2100 Quaenam
1579 2076 1661 2098 vero

960 2121 1013 2151 hae
1030 2124 1162 2161 septem
1188 2129 1239 2150 res
1266 2118 1406 2153 fuerint,
1438 2118 1584 2149 nondum
1611 2118 1659 2148 di-

962 2171 1075 2201 vinare
1093 2169 1264 2211 potuimus
1283 2180 1291 2208 ;
1323 2169 1528 2201 arbitramur
1549 2173 1662 2200 autem

962 2226 1093 2262 septem
1111 2220 1271 2252 tabernas
1287 2219 1404 2255 fuisse,
1432 2229 1506 2260 quae
1528 2220 1561 2251 in
1587 2219 1662 2251 foro

964 2271 1118 2312 fuerunt,
1144 2277 1265 2312 postea
1293 2271 1441 2312 quinque
1468 2271 1663 2310 appellatae.

965 2323 1022 2354 De
1037 2323 1159 2363 quibus
1177 2322 1250 2353 Liv.
1270 2322 1330 2353 lib.
1353 2331 1462 2353 xxvr.
1489 2328 1497 2340 ¹
1511 2321 1663 2353 Interru-

967 2374 1020 2414 pit
1046 2374 1105 2404 bos
1134 2381 1305 2404 sermones
1321 2378 1435 2407 nocte,
1453 2382 1528 2412 quae
1552 2371 1664 2412 pridie

967 2425 1191 2466 quinquatrus
1208 2422 1283 2462 fuit,
1299 2422 1451 2463 pluribus
1467 2422 1564 2453 simul
1581 2422 1664 2453 locis

968 2476 1060 2507 circa
1084 2474 1194 2506 forum
1223 2473 1415 2505 incendium
1443 2477 1574 2504 ortum:
1608 2482 1664 2503 eo—

968 2526 1045 2557 dem
1061 2530 1214 2566 tempore
1239 2529 1370 2565 septem
1398 2524 1560 2564 tabernae,
1589 2533 1665 2564 quae

968 2582 1087 2618 postea
1103 2576 1263 2617 quinque,
1291 2579 1326 2606 et
1351 2574 1564 2614 argentariae,
1588 2584 1664 2614 quae

970 2637 1058 2658 nnnc
1076 2635 1171 2657 novae
1187 2623 1566 2666 appeliantur‚arsere.'
1613 2625 1664 2655 De

972 2678 1100 2710 eisdem
1116 2678 1150 2709 in
1176 2675 1234 2707 lib.
1261 2675 1303 2706 de
1330 2673 1536 2715 Regionibus
1563 2674 1663 2705 Urbis
