1835 2906
305 427 569 504 SEX.
622 424 1180 504 POMPEII
1237 383 1580 504 FEsTl

912 650 975 681 DE

224 817 793 878 VERBORUM
851 818 1668 879 SIGNIFICATIONE

748 1020 967 1069 LIBER
1021 1021 1170 1069 XIV.

229 1389 334 1455 ΡΑ,
356 1418 436 1460 pro
458 1410 619 1460 parte,a
641 1410 684 1448 et
706 1419 781 1460 po,
804 1419 886 1460 pro
908 1408 1077 1461 populo
1104 1407 1303 1461 positum
1331 1411 1400 1449 est
1427 1407 1472 1449 in
1513 1407 1676 1461 [FEST.

287 1473 446 1515 Saliari
468 1475 673 1516 carmine.

227 1540 393 1582 Pacem
413 1555 440 1583 a
465 1542 672 1596 pactione
703 1543 1005 1584 conditionum
1037 1548 1164 1597 putat
1196 1542 1361 1585 dictam
1389 1543 1567 1585 Sinnius
1593 1542 1678 1584 Ca-

284 1610 393 1664 pito,
416 1623 516 1665 quae
538 1611 711 1666 utrique
731 1612 843 1653 inter
864 1625 910 1652 se
931 1611 1099 1666 populo
1120 1612 1179 1653 sit
1198 1611 1490 1654 observanda.

228 1677 331 1718 Pax
352 1677 473 1720 dicta
491 1683 557 1720 est
578 1692 605 1720 a
626 1681 852 1733 pactione.

1499 1679 1678 1734 [PAUL.

229 1745 496 1788 Pacionemb
517 1748 688 1802 antiqui
705 1749 933 1799 dicebant,
948 1761 1080 1804 quam
1098 1761 1215 1790 nunc
1235 1749 1486 1803 pactionem
1517 1747 1680 1803 [FEST.

889 1920 1028 1952 NOTAE

272 2030 285 2044 ³
309 2025 372 2065 Pa,
403 2036 459 2065 pro
486 2027 591 2068 parte]
629 2028 718 2069 Lege
747 2038 824 2069 par:
851 2029 929 2069 quia

229 2084 363 2116 semper
393 2076 561 2117 integram
590 2079 736 2118 priorem
766 2079 928 2120 syllabam

228 2133 448 2166 usurparunt.
486 2128 562 2159 Hoc
589 2134 700 2159 antem
718 2139 737 2160 a
753 2130 928 2161 Doriensi-

229 2175 291 2207 bus
309 2177 522 2217 translatum,
547 2179 601 2219 qni
623 2185 792 2210 extremas
810 2191 928 2211 vocum

229 2232 346 2267 partes
373 2229 632 2268 abscindebant,
657 2231 708 2261 vel
735 2230 928 2262 dimidiatas

229 2281 362 2308 tantum
387 2288 487 2309 voces
512 2289 572 2320 pro
597 2280 676 2311 totis
704 2281 928 2321 usurpabant.

230 2327 285 2358 Sic
314 2329 354 2358 δῶ
380 2338 440 2368 pro
465 2331 570 2369 δῶμα.·
594 2331 645 2370 κρῖ
665 2341 726 2371 pro
750 2331 855 2372 κριθὴ;
890 2332 931 2373 ἔρι

231 2388 292 2417 pro
310 2379 402 2419 ἔριον,
418 2385 452 2411 et
467 2381 597 2413 similia.
636 2382 693 2413 Sic
708 2382 790 2414 Osci
806 2384 863 2414 coil
880 2384 928 2415 di-

232 2429 355 2461 cebant
370 2440 431 2470 pro
447 2432 569 2472 coitum,
586 2431 619 2462 id
637 2438 704 2472 est,
725 2435 843 2465 coelum.
863 2436 929 2465 En—

230 2478 325 2510 nius:
350 2481 358 2496 ‘
372 2481 496 2512 Divum
514 2482 632 2513 domus
643 2484 826 2515 attisonnm
841 2485 930 2517 coil.'

229 2529 306 2560 Nisi
322 2531 435 2570 potius
451 2532 603 2565 dicamus
621 2535 695 2569 ista,
716 2545 787 2575 par,
801 2537 859 2577 κρῖ,
876 2537 927 2572 δῶ,

229 2577 287 2620 ἔρι,
303 2582 367 2611 Sec.
384 2582 609 2622 primogenias
635 2594 708 2617 esse
737 2596 849 2626 voces,
874 2592 928 2618 ut-

229 2630 560 2672 potesirnpliciores,
586 2635 705 2676 quibus
734 2642 853 2677 postea
879 2648 927 2668 se-

231 2690 335 2722 quens
353 2687 436 2713 aetas
466 2683 580 2715 literas
600 2685 742 2718 addidit.
777 2688 833 2719 Sic
859 2689 929 2720 Sal-

984 2038 1068 2060 mas.
1085 2028 1117 2059 in
1136 2028 1273 2060 Hellen.
1290 2029 1347 2068 χρῖ
1361 2033 1394 2059 et
1418 2029 1470 2066 δῶ,
1494 2026 1682 2067 antiquiora

984 2085 1086 2120 putat
1113 2090 1212 2121 quam
1240 2081 1369 2120 χρῖμνον
1398 2084 1433 2109 et
1459 2078 1553 2115 δῶμα,
1581 2076 1682 2117 idque

984 2130 1063 2160 mihi
1098 2139 1138 2161 eo
1173 2130 1379 2170 probabilius
1411 2127 1557 2165 videtur,
1592 2127 1681 2167 qnod

986 2180 1081 2219 Osci,
1107 2190 1248 2221 quorum
1273 2180 1389 2220 lingua
1405 2179 1574 2219 antiquior
1591 2177 1683 2215 Lati-

983 2240 1040 2269 na,
1056 2231 1114 2261 coil
1138 2231 1308 2266 dixerunt,
1331 2229 1419 2271 quod
1437 2234 1554 2269 postea
1571 2228 1682 2258 Latini

983 2282 1104 2312 coitum.
1129 2281 1170 2312 In
1186 2280 1319 2312 schedis
1337 2281 1502 2321 scriptum
1518 2289 1620 2319 popro
1630 2288 1683 2318 po-

986 2332 1151 2363 tissimum.
1175 2333 1264 2364 Dae.

1027 2382 1040 2403 '³
1066 2382 1251 2422 Pacionem]
1274 2381 1361 2413 Vide
1384 2390 1486 2420 supra
1516 2380 1548 2411 in
1576 2382 1585 2397 ⁴
1600 2390 1682 2420 nup-

984 2433 1072 2465 tiaez’
1097 2435 1106 2451 ‘
1120 2434 1208 2475 quod
1224 2443 1309 2464 nova
1321 2433 1417 2474 pacio
1430 2431 1512 2463 fiat.’
1537 2432 1566 2462 A
1585 2432 1682 2463 Grae-

983 2497 1024 2517 co
1047 2485 1149 2525 πήγω,
1172 2486 1337 2517 Doricum
1362 2494 1465 2525 pago:
1489 2482 1578 2513 unde
1596 2484 1683 2513 anti-

984 2546 1084 2577 quum
1098 2546 1192 2577 pam,-
1217 2536 1265 2567 ita
1288 2535 1376 2567 enim
1401 2533 1487 2565 infra
1503 2533 1681 2573 legendum

984 2598 1046 2629 pro
1069 2596 1174 2628 paceo,
1191 2588 1200 2603 ⁴
1216 2585 1324 2627 pac0,’
1338 2587 1347 2604 ‘
1362 2583 1486 2626 pacio,’
1502 2585 1510 2600 ‘
1524 2584 1684 2624 pactum,'

984 2641 992 2656 ‘
1008 2637 1157 2680 pacisci.'
1181 2638 1278 2669 Idem.
