1835 2906
350 201 413 231 DE
446 201 716 231 VERBORUM
750 200 1152 231 SlGNlFch'rloNE
1186 203 1281 234 Llss.
1317 204 1388 234 ΙΙΙ.
1506 195 1588 236 147

208 291 358 345 lingua
392 291 656 332 Sabinorum
690 292 804 332 curis
841 291 1026 333 dicitur:
1059 293 1125 333 vel
1160 295 1276 346 quod
1309 296 1443 337 fortes
1471 297 1589 337 viros

208 358 428 410 genituras
449 359 682 399 ominetur:
714 359 786 401 vel
816 358 934 411 quod
965 359 1154 412 nuptiali
1179 359 1279 413 jure
1298 361 1483 415 imperio
1508 364 1589 404 viri

207 424 438 478 subjicitur
459 426 654 465 nubens:
687 425 790 478 quia
824 425 953 466 hasta
983 438 1156 466 summa
1191 439 1424 478 armorum,
1445 435 1489 470 et
1509 430 1589 470 im-

207 492 317 545 perii
338 496 435 533 est:
467 505 600 545 quam
632 492 687 532 ob
714 505 895 533 causam
924 493 1002 534 viri
1035 493 1170 534 fortes
1206 507 1260 535 ea
1287 495 1514 547 donantur,
1548 503 1590 537 et

207 559 374 612 captivi
397 559 478 600 sub
499 559 650 599 eadem
682 563 887 610 veneunt,
924 574 1033 614 quos
1060 560 1208 602 Graeci
1242 561 1491 617 δορυαλώτους
1524 565 1585 602 καὶ

207 625 444 681 δοςυκτῆτους
465 631 639 667 vocant.

155 691 312 733 Celsus
326 699 342 715 ¹¹
364 706 420 733 ex
439 693 600 734 Graeco
621 690 730 741 κέλης
749 706 889 748 eques
911 694 1068 736 dictUS.

153 759 373 800 Cenina²0
389 766 404 781 Χ
425 761 547 809 urbs,
568 773 668 813 quae
690 759 772 802 fuit
790 762 940 811 vicina
959 761 1133 814 Romae,
1151 775 1177 803 a
1198 762 1351 805 Cenite
1367 765 1590 807 conditore

209 827 448 880 appellata.

153 892 377 935 Censerey
412 908 527 936 nunc
551 895 764 948 significat
795 899 963 949 putare,
992 908 1106 937 nunc
1142 898 1344 949 suadere,
1374 913 1486 941 nunc
1518 901 1591 941 de-

209 973 398 1002 cernere.

154 1026 316 1068 Censio
332 1034 345 1050 ²
378 1029 636 1071 aestimatio:
658 1029 775 1071 unde
802 1043 1019 1071 censores.
1079 1031 1241 1073 Censio
1263 1032 1458 1075 hastaria
1474 1032 1592 1075 dice-

209 1095 349 1144 batur,
370 1108 470 1136 cum
489 1096 617 1137 militi
633 1096 811 1137 mulctae
830 1097 1004 1137 nomine
1027 1098 1083 1138 ob
1104 1098 1309 1139 delictum
1325 1100 1507 1141 militare
1529 1102 1594 1142 in-

209 1161 454 1212 dicebatur,
482 1163 598 1217 quod
620 1164 773 1205 hastas
804 1164 943 1206 daret.
1004 1163 1266 1207 Censionem
1296 1166 1442 1208 facere
1477 1167 1594 1209 dice-

208 1229 335 1270 batur
355 1243 520 1279 censor,
536 1244 634 1271 cum
657 1231 867 1272 mulctam
885 1231 1021 1284 equiti
1040 1231 1286 1285 inrogabat.

153 1294 399 1337 Censores³
419 1297 543 1346 dicti,
576 1298 694 1351 quod
727 1312 816 1339 rem
856 1311 981 1339 suam
1008 1300 1197 1352 quisque
1225 1301 1340 1342 tanti
1377 1301 1596 1343 aestimare

210 1364 367 1405 solitus
387 1365 456 1415 sit,
480 1370 689 1419 quantum
712 1365 778 1406 illi
801 1366 1058 1407 censuerint.

154 1428 315 1472 Censui
355 1433 571 1474 censendo
588 1432 603 1456 ὓ
638 1433 728 1486 agri
755 1433 929 1486 proprie
958 1433 1249 1489 appellantur,
1277 1435 1353 1491 qui
1381 1439 1423 1477 et
1445 1436 1529 1477 emi
1553 1440 1597 1476 et

211 1499 357 1540 venire
373 1505 383 1523 ¹
411 1500 509 1553 jure
531 1500 651 1542 civili
670 1505 876 1554 possunt.

756 1598 953 1610 OOOOOOOOOO
955 1598 995 1611 Ν

193 1664 236 1693 20
258 1662 312 1694 Al.
331 1664 472 1700 Coenz'na,
491 1668 525 1696 et
541 1674 617 1696 mox
634 1665 817 1696 coenite.—l
843 1665 913 1697 Pro
929 1665 1033 1696 venire
1049 1665 1103 1696 alii
1121 1664 1239 1705 legunt
1256 1667 1357 1697 vendi.

804 1744 946 1777 NOTAE

198 1810 211 1825 ¹²
235 1805 355 1847 Celsus]
382 1807 461 1837 Non
479 1817 497 1837 a
514 1806 620 1848 κέλης,
633 1812 669 1838 ut
682 1809 753 1839 vult
769 1808 849 1839 Fes-

155 1860 222 1892 tus,
238 1854 296 1885 sed
315 1865 333 1886 a
349 1856 452 1886 verbo
468 1857 606 1898 antiquo
620 1857 705 1893 cello,
727 1857 815 1898 quod
833 1868 852 1888 a

906 1808 994 1839 Nam
1011 1808 1152 1840 decreta
1175 1817 1237 1848 per
1260 1807 1399 1839 verbum
1423 1817 1526 1838 censeo
1542 1808 1599 1839 de-

906 1858 1092 1889 clarantur.
1137 1858 1257 1889 Cicero
1279 1867 1336 1888 111.
1360 1858 1463 1888 Catil.
1486 1859 1600 1890 ‘Quo⁸²

153 1903 269 1939 κέλλω,
294 1904 417 1944 ταχέως
440 1906 569 1947 βαδίζω,
593 1907 681 1939 citus
705 1907 851 1938 ambulo.

154 1954 204 1985 Ut
219 1965 236 1984 a
250 1957 437 1996 composito
454 1959 463 1974 ⁴
480 1957 634 1992 excello,'
649 1959 658 1974 ‘
671 1958 851 1990 excelsus!

157 2004 263 2035 Celsus
277 2011 330 2036 est
344 2006 432 2037 citus
449 2004 570 2037 Horat.
587 2007 596 2024 ‘
610 2007 700 2037 Celsi
712 2012 852 2047 praeter-

153 2058 236 2084 eunt
251 2058 386 2085 austera
401 2054 560 2094 poEmata.
573 2055 766 2086 Rliamnes.'
806 2056 852 2087 Et

153 2102 186 2132 in
216 2103 296 2134 illo:
334 2105 343 2122 ⁴
357 2104 494 2136 Incedit
521 2104 602 2135 citu'
631 2104 737 2136 celsu’
764 2105 850 2136 tolu-

154 2153 240 2184 tim!
264 2155 308 2185 Et
324 2155 425 2186 Ovid.
441 2156 449 2170 ‘
465 2155 584 2186 Celsus
600 2154 729 2195 eques!
751 2154 850 2186 Glos-

154 2203 289 2243 sarium,
303 2204 311 2220 ‘
325 2205 446 2243 celsus,
471 2203 600 2244 ὑψηλὸς,
620 2203 783 2245 μετέωρος,
797 2205 851 2241 κή-

153 2253 226 2284 λιν.’
243 2254 327 2294 Leg.
345 2253 449 2292 κέλης.
474 2255 573 2286 Idem.

905 1907 993 1938 niam
1012 1907 1158 1938 nonduin
1180 1912 1233 1938 est
1253 1908 1489 1948 praescriptum
1510 1908 1542 1938 S.
1560 1908 1601 1939 C.

906 1966 948 1987 ex
965 1957 1124 1987 memoria
1137 1957 1244 1992 vobis,
1262 1957 1428 1996 Quirites,
1446 1956 1524 1997 quid
1542 1958 1602 1988 Se-

905 2011 1004 2037 natus
1038 2007 1220 2047 censuerit,
1251 2006 1442 2047 exponam!
1488 2008 1602 2037 Censeo

906 2056 1010 2086 etiam
1041 2056 1179 2087 suadeo.
1210 2056 1333 2087 Horat.
1366 2056 1475 2095 Epist.
1508 2063 1601 2085 xvir.

906 2106 1021 2137 ‘Ecce
1048 2106 1221 2137 docendus
1249 2106 1357 2137 adhuc
1381 2115 1455 2147 quae
1484 2110 1603 2136 censet

906 2155 1090 2186 amiculus.’
1122 2156 1220 2187 Idem.

948 2211 961 2226 ι
973 2205 1101 2245 Cen-sio]
1118 2206 1240 2237 Censio
1256 2204 1418 2243 hastaria,
1437 2213 1512 2235 curu
1525 2213 1602 2235 cen-

907 2264 962 2286 sor
978 2255 1021 2286 ob
1039 2255 1200 2286 delictum
1218 2255 1357 2285 militem
1374 2254 1502 2284 hastam
1519 2253 1602 2283 dare

188 2307 205 2322 x
219 2302 353 2343 Cenina]
368 2303 424 2335 ΑΙ.
436 2305 576 2336 Caenina.
586 2305 722 2342 Καινίνη.
733 2305 851 2346 Steph.
901 2305 1061 2345 jubebat.
1101 2306 1146 2336 Et
1162 2304 1277 2335 censio
1297 2304 1420 2344 equitis
1436 2308 1510 2334 erat
1527 2313 1603 2334 curn

160 2355 195 2381 et
223 2351 401 2384 Halicarn.
432 2354 630 2385 Caeninenses
659 2355 765 2386 Livio.
812 2355 853 2386 In

156 2400 254 2431 Latio
270 2401 365 2440 ponit
382 2402 473 2432 Ptin.
498 2403 598 2434 Idem.

187 2455 200 2475 y
218 2450 365 2490 Censere]
377 2450 482 2481 Modo
492 2455 614 2490 putare,
623 2453 676 2483 vel
687 2453 854 2484 arbitraris

155 2499 290 2530 Terent.
310 2500 455 2540 Adelph.
472 2509 521 2532 lv.
543 2504 576 2532 2.
607 2502 774 2533 ‘Censen'
796 2504 854 2533 ho-

156 2549 278 2580 minem
295 2559 346 2580 me
363 2560 436 2581 esse
451 2550 473 2581 ?'
498 2550 596 2582 modo
608 2553 775 2589 aestz'rnare,
796 2554 806 2570 ⁴
821 2553 856 2584 in

156 2608 293 2630 censum
322 2599 473 2640 referre,'
501 2606 539 2631 ut
560 2600 723 2632 ‘censere
750 2612 857 2643 popu-

157 2648 248 2679 lum.’
293 2649 379 2681 Inde
408 2660 515 2681 censor
544 2651 600 2691 qui
632 2649 794 2682 familiam
822 2657 857 2683 et

157 2696 247 2728 bona
273 2698 396 2729 civium
423 2705 595 2738 recenset,
623 2705 660 2731 et
689 2699 796 2731 refert
823 2701 856 2731 in

159 2747 292 2778 tabulas
332 2748 495 2789 publicas.
560 2749 648 2781 Item
683 2751 855 2783 decernere⁰

909 2364 1015 2394 equus
1045 2353 1092 2383 iili
1125 2353 1262 2393 publice
1294 2352 1530 2390 adimebatur3
1568 2356 1604 2382 et

909 2404 973 2434 hoc
992 2404 1112 2434 Festus
1130 2412 1191 2442 per
1208 2403 1335 2432 multam
1350 2402 1522 2441 intelligit.
1554 2402 1604 2432 Id.

952 2458 967 2474 ³
992 2453 1154 2494 Censores]
1193 2452 1282 2483 Vide
1298 2462 1400 2493 supra
1416 2453 1425 2470 ‘
1440 2451 1604 2483 censere.‘

911 2504 1009 2535 Idem.

951 2554 965 2574 b
992 2553 1107 2584 censui
1131 2551 1294 2591 censendo]
1326 2550 1463 2583 Praedia
1488 2550 1605 2581 censui

909 2603 1081 2635 censendo
1101 2602 1304 2633 dicebantur
1324 2611 1376 2641 ea,
1393 2610 1469 2641 quae
1491 2604 1604 2630 essent

909 2652 1068 2692 mancupi
1085 2663 1093 2683 2
1127 2661 1204 2693 quae
1223 2651 1391 2682 habebant
1410 2651 1469 2691 jus
1485 2650 1602 2681 civile:

909 2712 983 2743 quae
1008 2702 1196 2742 subsignari
1219 2701 1309 2742 apud
1332 2701 1499 2740 aerarium,
1515 2700 1605 2740 apud

910 2760 1083 2783 censorem
1101 2755 1260 2792 possent:
1295 2755 1333 2781 ut
1348 2755 1465 2781 auctor
1481 2755 1532 2780 est
1550 2748 1605 2779 cs.
