1835 2906
361 126 423 156 DE
457 123 731 156 VERBORUM
766 120 1183 154 SIGNIFICATIONE
1219 122 1315 150 LIB.
1350 120 1464 150 X111.
1554 111 1636 152 521.

191 220 383 262 October
404 233 547 274 equus
570 218 889 274 appellabatur,
920 216 995 270 qui
1027 215 1072 256 in
1105 229 1265 270 eampo
1298 215 1419 257 Mar·
1465 215 1646 270 [PAUL.

250 290 308 330 tio
341 301 492 329 mense
528 286 709 329 Octobri
745 285 877 326 Marti
906 283 1242 324 immolabatur:
1275 283 1327 325 de
1350 283 1480 337 cujus
1499 283 1647 336 capite

247 357 443 397 maxima
463 360 558 396 erat
579 354 804 396 contentio
825 353 936 393 inter
957 352 1232 402 Suburanos,
1250 357 1296 393 et
1317 353 1647 400 Sacravienses,

247 428 293 464 ut
310 423 355 464 hi
375 425 419 463 in
441 425 574 476 regiae
596 423 772 477 pariete,
792 422 854 462 illi
872 421 927 462 ad
951 421 1100 462 turrim
1123 419 1370 461 Mamiliam
1389 420 1434 461 id
1456 420 1647 473 figerent.

247 490 386 545 Cujus
405 492 564 541 cauda,
585 499 631 531 ut
646 503 702 531 ex
720 503 774 532 ea
791 490 972 542 sanguis
988 490 1032 530 in
1050 488 1197 533 focum
1217 488 1469 538 distillaret,
1487 501 1647 541 magna

249 560 476 600 celeritate
498 557 794 612 perferebatur
815 558 858 597 in
879 557 1055 609 regiam.

194 627 456 669 Oculatumu
477 640 556 682 pro
578 626 784 680 praesenti
806 625 956 679 posuit
978 625 1165 666 Plautus
1185 637 1286 665 cum
1309 623 1447 665 dixit:
1470 622 1650 663 oculata

250 695 334 737 die.
394 694 509 735 Item
530 695 654 748 ipse:
687 693 835 734 Pluris
856 698 924 733 est
954 692 1162 733 oculatus
1199 693 1323 733 testis
1355 703 1486 740 unus,
1518 702 1650 744 quam

252 762 384 804 auriti
406 762 572 812 decem,
593 762 638 802 id
661 766 740 812 est,
773 763 850 815 qui
871 774 917 801 se
941 761 1109 801 vidisse
1132 760 1267 801 dicat.
1283 761 1294 770 ⁴

195 829 312 871 Idem
329 830 371 870 iu
389 828 602 870 Pseudolo
617 830 842 871 oculatum
855 829 885 853 ¹3
897 835 912 851 Χ
933 842 1011 883 pro
1025 828 1221 882 praesenti
1230 827 1369 882 posuit
1383 841 1471 868 cum
1489 827 1653 877 [FEST-

252 898 358 939 dixit
379 897 473 938 emit
489 897 617 938 hodie
633 911 756 938 caeca
771 897 946 938 hercule
963 895 1130 948 olivum,
1149 895 1194 936 id
1209 895 1369 936 vendito
1392 893 1556 936 oculata
1575 893 1653 936 die.

254 965 369 1007 Idem
392 966 500 1007 alibi
523 966 743 1008 oculatum
772 965 930 1020 Argum
963 965 1068 1006 dixit
1103 963 1211 1020 quod
1238 978 1316 1018 per
1350 970 1479 1006 totum
1514 976 1654 1016 corpus

253 1035 384 1077 oculos
398 1034 549 1076 habet:
564 1041 596 1068 ¹9
616 1035 759 1077 idem:
794 1035 937 1076 Pluris
958 1038 1028 1076 est
1047 1034 1240 1075 oculatus
1263 1032 1370 1073 testis
1393 1045 1510 1080 unus,
1533 1044 1654 1086 quam

253 1104 381 1145 auriti
401 1103 547 1154 decem,
570 1105 615 1145 id
634 1108 714 1154 est,
735 1103 810 1158 qui
833 1116 879 1144 se
901 1103 1069 1144 vidisse
1091 1102 1228 1142 dicat.-
1251 1100 1418 1141 ductam
1440 1105 1575 1140 autem
1596 1098 1654 1139 ait

260 1170 299 1211 V
297 1171 424 1213 errius
444 1171 546 1212 hanc
567 1172 753 1212 formam
774 1171 829 1211 ab
851 1170 967 1211 oculi
990 1167 1288 1223 appellatione.

198 1241 550 1289 Oculissimuim,y
571 1240 862 1280 carissimum.
892 1238 1100 1279 Plautus:
1132 1236 1453 1278 oculissimum
1474 1234 1656 1288 [PAUL.

255 1308 418 1349 ostium
441 1308 613 1349 amicae.

203 1375 500 1425 Oculissimum‚
524 1374 790 1415 carissimum.
837 1372 1044 1414 Plautus:
1073 1370 1366 1413 Oculissimum
1389 1384 1459 1412 os·
1488 1369 1657 1424 [FEST.

255 1444 363 1486 tium
386 1444 558 1485 amicae.
610 1441 723 1483 Idem
749 1441 790 1482 iu
821 1440 1070 1482 Curculione
1091 1438 1321 1481 oculissime
1343 1439 1471 1488 dixit,
1495 1437 1661 1491 signifi-

257 1518 398 1567 catque
419 1510 526 1566 quod
547 1509 655 1551 clare
676 1509 876 1564 aspiciam

201 1579 433 1621 Oculitusz
465 1592 644 1633 quoque
682 1578 856 1628 dicitur,
887 1581 935 1619 ut
967 1576 1180 1624 funditus,
1213 1575 1418 1629 penitus:

259 1661 348 1702 quo
372 1646 643 1700 significatur
665 1652 752 1688 tani
774 1659 924 1687 carum
947 1658 1060 1695 esse,
1087 1657 1218 1699 quarn
1241 1643 1433 1683 oculum.

1479 1572 1661 1627 [PAUL.

809 1749 970 1763 ‘outae‘
976 1749 1052 1760 σου

248 1822 286 1851 18
309 1818 372 1850 Ed.
388 1818 479 1850 Scal.
497 1817 678 1848 osculatum.
722 1815 813 1846 Vide
838 1815 1049 1848 Noram—19
1072 1814 1157 1846 Ead.
1186 1813 1241 1845 ed.
1266 1813 1497 1845 hahetur.—-20
1520 1812 1561 1844 In
1586 1813 1663 1845 ead.

204 1863 262 1895 ed.
279 1862 333 1895 hic
357 1862 589 1903 adjunguntur
605 1859 664 1892 τάς
691 1859 780 1890 Idem
795 1859 828 1890 in
847 1859 1012 1899 Pseudolo,
1028 1861 1082 1900 ᾃε.
1099 1864 1137 1889 ut
1154 1866 1268 1898 supra.

866 1955 1010 1988 NOTAE

249 2028 262 2042 Δ
287 2022 596 2063 Oculatum]l21aut.
612 2023 645 2054 in
662 2022 906 2054 Pseud.‘Eme
962 2021 1132 2052 oculatum
1156 2019 1287 2060 Argum
1317 2018 1455 2057 dixisse,
1476 2016 1589 2047 locum
1614 2024 1667 2045 re-

203 2073 259 2104 die
277 2083 370 2105 cerea
401 2075 526 2106 Hercle
544 2075 681 2113 olivum,
707 2073 740 2105 id
769 2073 907 2104 vendito
969 2072 1074 2112 spicit
1093 2071 1211 2102 Aulul.
1229 2079 1286 2101 111.
1301 2072 1332 2101 6.
1355 2068 1470 2101 ‘Quos
1498 2068 1525 2097 si
1554 2065 1666 2105 Argus

204 2125 340 2156 oculata
381 2125 460 2156 die?
509 2124 604 2156 Idem
646 2126 680 2156 in
719 2124 906 2156 Truculen.
962 2127 1091 2161 servet,
1116 2122 1174 2163 qui
1198 2122 1336 2153 oculeus
1354 2125 1445 2151 totus
1469 2117 1557 2149 fuit.’
1599 2117 1667 2148 Ubi

204 2177 213 2193 ‘
230 2175 343 2206 Pluris
374 2182 426 2207 est
471 2177 625 2208 oculatus
652 2175 750 2207 testis
797 2174 908 2214 unus,'
964 2184 1004 2205 ex
1022 2175 1127 2205 Festo
1144 2172 1412 2209 rescribendum,
1433 2171 1570 2201 oculatus
1584 2171 1669 2199 totus

206 2226 271 2257 διο.
296 2227 372 2258 Am.
395 2227 480 2265 Aug.
955 2226 1036 2264 fuit.
1082 2224 1159 2264 Illa,
1175 2224 1276 2264 pluris
1290 2226 1333 2254 est
1349 2223 1497 2261 oculatus,
1511 2223 1562 2261 ᾄτ.
1589 2223 1668 2250 suut

250 2280 266 2296 x
291 2275 378 2306 Idem
389 2276 423 2306 in
437 2277 588 2307 Pseudolo
601 2275 770 2316 oculatum]
795 2275 911 2306 Prima

208 2325 298 2356 linea
315 2335 374 2356 suo
390 2327 463 2357 loco
487 2331 576 2358 mota
600 2325 676 2362 fuit,
700 2326 775 2366 lege
799 2326 911 2366 niodo,

212 2377 378 2409 Oculatum
399 2388 456 2418 pro
472 2378 617 2416 proesenti
631 2378 713 2409 dixit
732 2378 865 2408 Plautus
880 2378 913 2407 in

209 2428 375 2458 Pseudolo.
422 2429 527 2459 Emito
553 2429 604 2459 die
629 2438 710 2458 coeca
737 2427 838 2458 hercle
856 2427 912 2458 oli-

209 2487 290 2513 vum,
316 2478 349 2508 id
372 2479 495 2509 vendito
522 2480 643 2510 oculata
673 2479 736 2519 die,
759 2480 812 2518 ᾃε.
856 2477 913 2508 Sic

210 2529 322 2559 omnia
339 2535 508 2562 constant.
552 2530 562 2546 ‘
580 2531 704 2562 Emere
721 2530 776 2560 die
794 2528 911 2563 caeca.’

210 2585 276 2615 est,
300 2580 332 2610 in
358 2581 525 2611 incertum
550 2580 640 2612 diem
666 2581 798 2621 prolata
826 2580 913 2610 solu·

212 2630 315 2666 tione,
343 2634 463 2662 contra
492 2631 650 2662 ‘oculata
682 2630 761 2670 die‚'
791 2630 823 2661 id
851 2633 914 2669 est,

212 2681 370 2720 praesenti
388 2681 542 2722 pecunia.
582 2682 666 2713 Cum
688 2681 734 2713 ait
751 2681 914 2712 Plautum

965 2285 983 2306 e
998 2275 1135 2306 Trucul.
1151 2283 1190 2305 11.
1206 2277 1238 2305 6.
1264 2274 1345 2305 Dac.

1009 2331 1021 2352 Υ
1048 2324 1286 2364 Oculissimum]
1325 2324 1440 2355 Plaut.
1465 2322 1500 2353 in
1531 2321 1670 2353 Curcul.

966 2375 1044 2407 Ant.
1059 2376 1145 2414 Aug.

1013 2425 1246 2465 Oculissimum]
1271 2425 1424 2465 Uterque
1439 2424 1534 2455 locus
1552 2422 1671 2454 Plauti

969 2482 1020 2508 est
1036 2486 1077 2507 ex
1093 2476 1229 2507 Curcul.
1241 2475 1349 2506 Prior.
1362 2484 1387 2505 1.
1404 2477 1434 2505 l.
1447 2476 1455 2491 ‘
1468 2475 1557 2506 Huic
1569 2483 1670 2514 prox-

967 2528 1069 2558 imum
1080 2526 1164 2557 illud
1173 2526 1294 2556 ostium
1303 2524 1543 2556 oculissimum.
1555 2524 1672 2559 Salve,

969 2577 1140 2609 valuistin'
1154 2587 1259 2619 usque
1271 2577 1393 2608 ostium
1408 2576 1636 2607 oculissimum
1649 2575 1673 2605 i’

969 2629 1035 2659 Ubi
1051 2629 1137 2659 male
1154 2628 1255 2659 hodie
1272 2627 1524 2658 occlusissz‘mum.
1550 2627 1671 2657 Poste.

970 2679 1037 2711 rior
1054 2684 1121 2711 act.
1139 2687 1165 2712 Ι.
1193 2688 1240 2711 sc.
1266 2681 1299 2710 2.
1334 2678 1343 2695 ‘
1355 2678 1452 2709 Salve
1480 2677 1672 2709 oculissime
