1835 2906
341 155 401 184 DE
439 152 709 183 VERBORUM
748 150 1155 181 SlGNlFICATlONE
1192 151 1282 181 [AB.
1318 153 1391 183 111.

148 248 328 299 Cataxst’
346 248 545 290 claudus.

1509 143 1592 184 143

149 317 378 366 Catifons,c
407 329 463 357 ex
485 329 572 369 quo
593 327 710 368 aqua
743 313 951 354 Petronia
984 313 1025 353 in
1055 312 1250 353 Tiberim
1272 314 1402 365 fluit;
1434 314 1593 364 dictus,

204 383 323 437 quod
345 383 390 424 in
410 396 514 436 agro
539 381 771 437 cujusdam
792 379 925 421 fuerit
947 379 1061 420 Cati.

151 449 407 492 Catillatiod
443 464 574 503 grave
615 449 899 503 opprobrium
934 448 1181 489 hominibus
1224 450 1442 500 generosis
1478 450 1590 503 obji-

205 519 414 568 ciebatur,
449 519 488 559 si
518 518 595 572 qui
616 516 868 571 provincias
892 516 1059 556 amicas
1094 515 1251 569 populi
1284 515 1477 557 Romani
1512 531 1590 557 ex-

204 586 466 638 poliassent.

150 652 376 694 Catilones
391 659 404 675 ὃ
425 652 715 706 appellabant
736 651 905 705 antiqui
929 651 1127 703 gulosos.

150 719 417 761 Catones¹⁵f
448 719 726 773 appellantur
759 725 915 772 portus
950 720 995 758 in
1029 719 1138 759 mari
1166 718 1410 769 interiores,
1433 721 1520 759 arte
1556 721 1596 757 et

206 800 334 828 manu
356 788 478 828 facti.

757 882 892 894 emoneo
897 883 913 893 o
918 882 997 894 eeee

192 959 230 987 15
256 955 503 997 Reponendum
521 960 634 987 monet
647 956 739 987 Scal.
756 956 920 987 Cotltones.

804 1057 948 1089 NOTAE

151 1131 381 1163 Eustathium.
403 1132 473 1163 Jos.
491 1132 577 1163 Scal-

196 1182 363 1222 Catampo]
405 1182 559 1222 Scaliger
588 1182 673 1222 legit
694 1181 847 1213 catambo.

150 1233 198 1264 Ut
214 1233 362 1270 καταμβὼ
376 1232 420 1262 sit
436 1232 641 1263 contrarium
658 1233 702 1271 τῷ
717 1231 847 1272 ὂπισαμ-

149 1283 210 1319 βώ.
233 1283 416 1322 Ὀπισαμβὼ
431 1282 450 1321 ἡ
470 1282 512 1315 εἷς
531 1283 668 1314 τούπίσω
688 1283 848 1324 ἀναχώρη-

150 1344 211 1369 σις,
228 1334 290 1364 itio
304 1333 500 1374 retrograda
515 1345 521 1362 :
544 1334 693 1374 καταμβὼ
714 1333 734 1372 ἡ
749 1333 790 1366 εἷς
810 1334 848 1366 τὸ

149 1383 234 1414 κάτω
246 1383 296 1415 καὶ
311 1383 349 1415 τὸ
364 1383 489 1425 πρηνὲς,
503 1385 562 1416 itio
581 1385 613 1416 in
630 1389 745 1426 caput.
773 1385 848 1416 Cat·

149 1435 236 1466 ambo
262 1436 367 1476 igitur
392 1435 482 1476 quod
509 1435 611 1467 hodie
646 1435 739 1476 pueri
766 1435 849 1467 faci-

151 1490 213 1517 unt
241 1496 316 1517 cum
342 1486 457 1526 capite
480 1487 666 1528 ambulant,
689 1485 849 1527 gradiun-

151 1540 216 1567 tur.
241 1536 323 1567 Dae.

192 1586 206 1607 ¹>
234 1586 355 1626 catax]
389 1586 551 1617 Graecum
578 1591 630 1618 est
656 1585 762 1626 κατὰξ,
786 1587 849 1618 hoc

152 1640 216 1676 est,
230 1636 389 1675 κατεαγὼς
404 1636 445 1667 τὰ
467 1636 560 1675 μέλη.
604 1636 729 1667 Isidori
751 1637 848 1668 Glos-

152 1696 221 1717 sae:
259 1689 268 1704 ‘
289 1687 408 1722 Catax,
438 1687 593 1723 claudus,
623 1686 752 1717 comm.¹
809 1687 849 1717 In

152 1735 325 1766 veteribus
341 1737 537 1766 Graecorum
561 1736 714 1767 Glossis:
739 1736 748 1752 ‘
763 1736 851 1767 Cox-

152 1795 204 1824 us,
221 1783 340 1816 λολός.’
357 1787 445 1825 lege,
471 1784 588 1825 χωλός.
635 1786 782 1827 Hispani
799 1796 850 1817 re-

153 1836 263 1866 tinent
280 1845 399 1866 nomen
415 1846 422 1866 :
454 1836 612 1867 claudum
629 1837 718 1867 enim
735 1837 850 1868 hodie-

153 1895 219 1926 que
236 1891 361 1917 vocant
384 1887 490 1917 (ἶσα-ο.-
512 1891 546 1917 et
566 1887 741 1926 Coxquear,
757 1887 850 1918 elau·

152 1935 279 1967 dicare.
304 1935 402 1969 Quod
418 1936 502 1967 etin
519 1936 584 1966 illis
600 1936 735 1976 optimis
752 1936 850 1968 Glos-

152 1985 196 2016 sis
210 1985 333 2026 reperi,
346 1986 521 2026 ‘Coxigat,
533 1985 683 2025 χωλαίνει
695 1986 715 2018 :⁵
732 1991 768 2018 et
780 1987 850 2018 No-

152 2034 240 2074 nius,
275 2035 284 2051 ‘
302 2035 410 2065 Catax
446 2034 582 2075 dicitur,
619 2045 718 2076 quem
762 2045 852 2067 nunc

155 2084 327 2115 Coxonem
350 2090 471 2116 vocant
489 2085 508 2114 :’
546 2085 672 2117 dicitur
698 2091 733 2117 et
759 2087 851 2127 clop-

154 2144 229 2175 pus.
252 2137 261 2151 ‘
277 2135 441 2176 ffloppus,
467 2135 595 2175 χωλός.’
630 2137 853 2170 Glossarium.

152 2186 221 2216 Jos.
237 2185 319 2217 Scal.

201 2235 320 2275 Catax]
346 2236 503 2268 Graecum
521 2243 585 2274 est,
603 2237 730 2270 ἀπὸτοῦ
740 2238 851 2279 κατάξ-

157 2297 196 2320 αι,
229 2286 398 2326 frangere.
443 2289 549 2320 Quasi
584 2290 752 2329 Κατεαγὼς
781 2290 853 2323 τοὺς

155 2335 262 2376 πόδας,
290 2337 432 2369 Fractos
462 2339 591 2371 habens
618 2341 736 2381 pedes.
780 2342 852 2373 No-

156 2386 252 2418 nius:
290 2387 299 2403 ‘
318 2387 426 2418 Catax
463 2389 587 2420 dicitur
629 2401 726 2432 quem
764 2402 853 2424 nunc

157 2446 320 2467 coxonem
336 2437 478 2469 vocant-⁹
505 2439 613 2471 Lucil.
629 2442 686 2472 lib.
700 2451 740 2474 11.
755 2446 763 2459 ‘
776 2442 853 2474 hos-

156 2486 245 2517 tibus
277 2491 397 2518 contra
428 2487 565 2519 Pestem
602 2491 853 2532 perniciemque

157 2542 258 2567 catax
276 2548 376 2578 quam
394 2543 429 2569 et
445 2538 586 2569 Manliu’
602 2539 723 2571 nobis.'
754 2540 853 2572 Glos-

157 2596 203 2617 533,
220 2587 341 2618 Isidori
356 2599 364 2619 :
399 2592 407 2605 ‘
421 2589 542 2629 Catax,
558 2589 711 2630 claudus-3
727 2591 854 2624 coxus.'

160 2638 264 2669 Comus
279 2644 390 2670 autem
403 2645 437 2670 et
448 2650 524 2670 coxo
540 2645 589 2670 est
604 2639 719 2680 χωλός.
744 2642 854 2674 Quam

159 2696 275 2719 vocem
289 2689 439 2721 retinent
456 2690 681 2732 Hispani‚qui
698 2691 854 2723 claudum

903 1137 1026 1164 vocant
1040 1142 1126 1164 coxo.
1151 1133 1241 1164 Dae.

945 1188 958 1203 ⁰
995 1183 1154 1223 Catifons]
1192 1184 1270 1215 Non
1300 1184 1402 1224 longe
1432 1192 1452 1214 a
1483 1184 1599 1215 Roma.

902 1233 968 1265 Sed
994 1233 1036 1264 de
1065 1234 1242 1265 Catifonte
1270 1234 1353 1265 nihil
1380 1234 1460 1266 alibi
1482 1235 1598 1276 legere

903 1288 968 1315 est.
997 1283 1084 1314 Vide
1101 1284 1311 1317 ‘Petronia.'
1335 1284 1435 1317 Idem.

943 1333 958 1354 ‘¹
983 1334 1161 1374 Catillatz'o]
1199 1335 1388 1366 Catillones
1417 1335 1464 1366 ait
1491 1345 1509 1365 a
1535 1336 1600 1366 Ro-

901 1385 1009 1416 manis
1027 1385 1106 1421 dici,
1118 1386 1175 1427 qui
1193 1386 1386 1427 provincias
1400 1387 1488 1427 Pop.
1503 1387 1600 1417 Rom.

902 1436 1175 1477 despoliassent:
1209 1447 1228 1468 a
1250 1437 1467 1477 Catillom‘bus,
1489 1437 1545 1478 qui
1566 1441 1602 1467 et

903 1487 1037 1518 catillos
1051 1486 1142 1527 ipsos
1155 1487 1333 1527 liguriunt,
1347 1492 1494 1517 assumta
1508 1486 1601 1527 prius

903 1537 1003 1577 dape.
1049 1538 1079 1568 A
1098 1537 1230 1569 Graecis
1254 1546 1336 1568 vero
1357 1536 1521 1577 ejusmodi
1546 1536 1604 1566 ho·

903 1589 1010 1619 mines
1049 1588 1250 1618 dicebantur
1282 1586 1411 1626 μολγοί,
1446 1586 1530 1627 παρὰ
1562 1586 1601 1616 τὸ

904 1637 1064 1677 ἀμέλγειν,
1079 1637 1129 1669 καὶ
1139 1637 1286 1669 κλέπτειν
1295 1637 1337 1669 τὰ
1353 1637 1451 1669 κοινοί.
1481 1638 1530 1668 Ut
1546 1637 1603 1667 ille

905 1688 960 1719 fur
989 1688 1078 1728 apud
1109 1689 1312 1719 Maronem:
1350 1688 1444 1719 ‘Hic
1475 1688 1604 1718 alienus

906 1747 985 1768 oves
1000 1742 1115 1770 custos
1132 1737 1182 1769 bis
1199 1738 1330 1778 mulget
1346 1737 1380 1768 in
1395 1737 1500 1769 hora!
1533 1737 1605 1767 Jos.

904 1787 987 1819 Scal.

950 1839 1128 1879 Catillatz'o]
1144 1838 1174 1870 A
1192 1838 1337 1878 Cotinus,
1351 1836 1536 1876 cafinulus,
1548 1846 1605 1867 ca-

906 1890 1010 1922 tillus.
1055 1889 1086 1921 A
1103 1899 1169 1931 quo
1185 1889 1326 1920 catillare
1340 1887 1495 1928 ligurire.
1543 1887 1605 1917 Ca-

906 1941 1020 1972 tillatz'o
1042 1940 1116 1981 ipsa
1140 1939 1230 1971 actio
1256 1937 1452 1979 liguriendi,
1467 1947 1542 1978 quae
1562 1937 1603 1968 iis

905 1990 1128 2032 objiciebatur
1144 1990 1202 2031 qui
1215 1989 1332 2030 populi
1349 1990 1445 2020 Rom.
1463 1988 1606 2019 Provin-

907 2041 975 2072 cias
992 2041 1256 2082 exspoliassent.
1300 2040 1365 2073 Qui
1379 2039 1457 2070 ideo
1474 2038 1605 2069 Catillo-

905 2100 959 2122 nes
975 2091 1074 2122 dicti.
1099 2091 1180 2122 Dae.
1408 2125 1410 2127 ,

949 2145 963 2162 ²
989 2140 1162 2180 Catilones]
1179 2139 1266 2171 Vide
1281 2136 1489 2170 ‘catillatio.'
1515 2136 1606 2167 Mar·

907 2191 975 2232 gini
994 2191 1181 2232 ascriptum
1199 2190 1370 2225 cantiones,
1390 2188 1478 2230 quod
1492 2191 1608 2218 monet

907 2241 1073 2282 scriptum
1098 2240 1205 2272 fuisse
1231 2240 1393 2272 catillones
1414 2238 1550 2280 duplice
1573 2239 1606 2268 ll.

907 2290 1017 2322 Idem.

951 2340 965 2360 f
984 2340 1133 2380 Catones]
1152 2340 1308 2380 Repone,
1323 2341 1362 2370 ut
1380 2338 1413 2369 in
1430 2337 1606 2370 veteribus

906 2390 1126 2426 editionibus,
1156 2390 1329 2421 Cothones:
1359 2388 1439 2430 quid
1470 2387 1607 2419 differat

907 2442 1039 2473 Cothon
1055 2450 1073 2472 a
1085 2444 1198 2481 portu,
1211 2440 1361 2481 explicat
1373 2439 1522 2471 Servius.
1537 2440 1607 2471 JoS.

906 2490 990 2522 Scal.

953 2539 1101 2580 Catones]
1119 2540 1314 2580 Legendum
1327 2544 1442 2572 monet
1456 2540 1608 2580 Scaliger

912 2591 1086 2624 Cothones:
1106 2596 1144 2623 ut
1168 2596 1221 2623 est
1243 2592 1277 2623 in
1301 2595 1372 2623 vet.
1401 2591 1483 2622 edit.
1522 2591 1608 2622 Sunt

909 2647 1022 2673 autem
1039 2642 1199 2674 cothones
1221 2642 1317 2684 parvi
1339 2647 1454 2684 portus
1474 2641 1508 2672 in
1524 2641 1608 2672 mari

909 2701 975 2723 non
988 2692 1169 2733 naturales,
1183 2692 1242 2725 sed
1256 2697 1328 2725 arte
1343 2697 1378 2724 et
1391 2701 1491 2724 manu
1505 2690 1603 2723 facti:
