1835 2906
200 163 257 204 58

647 174 792 205 SEXTl
827 175 1027 204 POMPEll
1065 175 1199 206 FESTI

200 267 487 320 Albegmina¹
503 274 515 290 ⁵
537 274 684 321 partes
705 274 926 320 extorum,
948 284 1048 324 quae
1072 270 1170 311 Diis
1193 270 1494 313 immolabant.

200 333 381 376 Albesia
403 336 553 376 scutat
574 336 847 383 dicebantur,
869 338 1027 391 quibus
1049 337 1282 387 AlbenseS,
1304 339 1377 391 qui
1401 344 1502 379 sunt
1518 339 1636 381 Mar-

258 402 294 441 si
317 403 500 453 generis,
520 403 588 443 usi
609 408 731 444 sunt:
763 403 860 444 haec
893 404 1043 444 eadem
1067 404 1306 445 decumana
1320 411 1336 426 ¹¹
1357 407 1639 457 vocabantur,

255 468 373 521 quod
395 474 537 510 essent
559 471 847 523 amplissima,
870 476 917 511 ut
938 471 1161 512 decumani
1182 470 1357 512 fluctus.
1407 519 1410 523 Ι

198 535 393 576 Albiona
413 542 540 588 agerX
563 542 682 577 trans
709 537 902 577 Tiberim
933 537 1104 588 dicitur,
1137 549 1164 577 a
1191 536 1294 579 luco
1326 537 1635 580 Albionarum:

257 616 345 656 quo
364 603 464 643 loco
486 604 567 644 bos
587 604 689 644 alba
709 604 1054 647 sacrificabatur.

791 723 807 733 o
813 723 930 735 “cete

241 787 256 814 1
282 786 467 825 Ablegmimt
483 787 616 828 legend.
633 789 754 820 statuit
769 790 855 821 Scal.

933 724 1031 735 ιιιιι

847 885 987 917 NOTAE

197 955 308 995 finem,
333 956 466 996 penitus
494 958 721 998 prodigiosum
739 964 802 991 est.
848 959 889 990 Id

196 1016 256 1036 nos
272 1015 339 1037 non
355 1006 548 1037 dubitamus
572 1009 621 1038 ita
645 1009 778 1049 legere:
803 1008 888 1047 Ago-

195 1058 289 1094 m'um‚
302 1059 393 1092 locus,
410 1058 442 1088 in
456 1068 511 1098 quo
529 1059 593 1088 ludi
610 1059 698 1089 initio
707 1059 793 1096 facti
807 1063 890 1095 sunt,

196 1108 231 1137 oh
245 1107 299 1138 hoc
321 1108 448 1144 dictum,
469 1108 541 1148 quia
555 1107 659 1145 fuerit
676 1109 742 1140 sine
764 1110 889 1148 angulo.

196 1156 262 1187 Ubi
275 1158 418 1196 primum
432 1158 696 1197 transpositione
714 1162 890 1198 peccatum

196 1213 289 1239 erat:
316 1209 439 1240 deinde
467 1210 660 1250 adjectione
692 1210 810 1240 harum
834 1219 889 1241 vo-

196 1268 270 1290 cum
287 1260 320 1290 id
335 1263 401 1291 est:
425 1261 512 1301 quod
538 1271 630 1300 saepe
652 1261 807 1292 accidere
822 1261 889 1301 hic,

195 1319 297 1349 supra
322 1310 521 1341 notavimus.
561 1311 651 1342 Huic
679 1314 792 1351 etymo
813 1320 891 1341 con·

195 1360 285 1397 gruit
309 1359 398 1400 quod
423 1360 642 1391 vetustissimi
668 1360 889 1392 Grammatici

196 1408 310 1440 Graeci
335 1409 452 1440 dicunt
468 1409 535 1450 περὶ
550 1411 606 1441 τοῦ
622 1411 748 1448 ἀγῶνος.
778 1411 890 1450 Ἀγὼν,

195 1460 363 1500 inquiunt,
379 1460 479 1500 ἀγορὰ
503 1461 586 1502 παρὰ
607 1463 672 1493 τοῖς
693 1463 849 1500 Βοιωτοῖς,
871 1461 892 1498 ἢ

195 1509 243 1540 διὰ
266 1509 304 1540 τὸ
324 1509 425 1549 ἄγειν,
451 1511 471 1548 ἢ
493 1511 541 1542 διὰ
563 1512 600 1542 τὸ
618 1513 789 1552 κυκλοτερῆ
805 1511 890 1549 εἶναι,

194 1559 245 1590 καὶ
265 1560 307 1597 μὴ
330 1560 417 1599 ἔχειν
434 1562 559 1603 γωνίας,
582 1562 646 1594 οἶόν
668 1575 738 1594 τινα
759 1563 891 1602 ἀγώνιον

196 1608 282 1640 ὄντα.
304 1612 373 1642 Jos.
389 1612 472 1643 Scal.

236 1660 408 1700 Agmzinm,
424 1662 457 1691 id
479 1665 535 1697 est,
551 1663 670 1702 ludum]
694 1663 762 1694 Hic
781 1669 890 1694 trans-

195 1710 361 1750 positione
378 1716 554 1750 peccatum
572 1721 647 1742 esse
664 1712 710 1743 ait
725 1713 891 1752 Scaliger,

196 1761 252 1801 qui
268 1761 370 1791 verba
387 1762 554 1801 disponit:
580 1762 750 1801 Agonium,
763 1763 843 1793 locus
859 1764 892 1793 in

194 1821 252 1851 quo
272 1812 336 1842 ludi
352 1811 443 1841 initio
457 1812 542 1849 sacti
557 1817 640 1851 sunt,
655 1816 685 1843 et
701 1813 736 1843 ob
751 1813 805 1844 Ιιοε
826 1814 891 1844 dic-

195 1864 274 1899 tum,
297 1863 368 1902 quia
380 1862 483 1900 suerit
509 1863 576 1893 sine
591 1864 716 1902 angulo.
761 1864 827 1895 Sed
855 1869 891 1895 et

196 1915 294 1941 vetus
310 1912 480 1951 scriptura
497 1911 632 1942 defendi
654 1918 785 1952 potest:
812 1923 890 1954 ago-

195 1960 286 1990 nium
313 1961 400 1990 enim
429 1965 464 1991 et
492 1961 618 2000 ludum,
642 1966 678 1992 et
700 1963 810 1992 locum
835 1963 892 1993 ubi

195 2011 294 2041 ludus
305 2011 508 2050 celebratur,
518 2010 699 2051 significat,
713 2016 749 2042 ut
760 2012 892 2043 Graecis

196 2060 290 2099 ἀγών.
329 2060 452 2099 Addit,
475 2063 555 2101 quod
568 2062 673 2099 suerit
688 2061 753 2092 sine
776 2064 890 2101 angulo

195 2111 350 2151 agonium
367 2111 508 2149 dictum,
529 2111 582 2141 cui
605 2116 720 2151 etymo
733 2112 890 2150 congruit

197 2160 286 2200 quod
304 2160 521 2191 vetustissimi
535 2161 758 2192 Grammatici
775 2161 889 2193 Graeci

197 2210 327 2246 dicunt,
343 2210 437 2248 ἀγὼν,
451 2210 548 2250 ἀγορὰ
563 2211 643 2251 παρὰ
657 2213 723 2242 τοῖς
737 2213 888 2247 Βοιωτοῖς,

196 2260 217 2296 ἢ
232 2260 280 2290 διὰ
292 2260 329 2290 τὸ
347 2259 445 2300 ἄγειν,
461 2261 480 2298 ἢ
494 2261 542 2291 διὰ
555 2261 592 2291 τὸ
608 2263 778 2302 κυκλοτερῆ
800 2261 888 2302 εἶναι,

198 2309 247 2340 καὶ
269 2313 310 2347 μὴ
339 2310 424 2349 ἔχειν
448 2311 573 2351 γωνίας,
595 2311 658 2343 οἷόν
679 2324 748 2343 τινα
763 2312 891 2351 ἀγώνιον

199 2359 284 2391 ὄντα,
302 2361 320 2391 i.
351 2365 359 2378 ‘
378 2361 488 2400 Agon,
515 2363 633 2393 concio
655 2363 778 2394 dicitur
798 2363 888 2403 apud

199 2409 350 2448 Boeotos,
371 2411 426 2440 vel
450 2411 491 2441 ab
517 2412 660 2452 agendo,
677 2413 731 2443 vel
747 2414 824 2454 quia
841 2423 891 2444 ro-

198 2458 305 2490 tunda
321 2459 377 2498 sit,
391 2464 425 2490 et
437 2469 499 2490 nou
512 2461 634 2492 habeat
647 2463 801 2503 angulos,
811 2472 891 2503 qua-

198 2508 226 2538 si
243 2509 397 2548 agonium
424 2507 581 2550 quiddam
609 2512 780 2543 existens!
805 2512 892 2543 vide

201 2558 355 2589 Eustath.
373 2559 406 2588 in
422 2558 521 2589 Iliad.
539 2570 572 2600 p.
592 2563 681 2592 1335.
705 2562 786 2593 Dac-

239 2613 251 2627 5
273 2607 475 2648 Albegmina]
493 2610 583 2649 Lege
594 2610 797 2650 Ablegmz'na:
814 2616 892 2644 sunt

199 2663 325 2699 partes,
340 2668 413 2700 quae
431 2659 503 2691 Diis
520 2660 802 2703 porriciebantur,
817 2673 891 2704 quae

201 2713 385 2748 propterea
423 2708 623 2741 dicebantur
660 2713 826 2752 prosiciae,
858 2718 891 2744 et

944 966 1115 1001 prosecta,
1132 966 1291 1003 tanquam
1310 966 1465 1002 separata
1485 963 1636 1003 quaedam

944 1021 962 1040 a
980 1011 1109 1051 reliqua
1133 1012 1367 1043 visceratione.
1410 1011 1451 1042 Id
1476 1013 1563 1044 enim
1588 1019 1640 1044 est

943 1059 1093 1099 ablegere,
1124 1061 1312 1092 imitatione
1342 1061 1550 1101 Graecorum,
1582 1064 1639 1103 qui

944 1110 1062 1140 dicunt
1096 1109 1274 1149 ἀπολέγειν.
1320 1111 1411 1151 Ergo
1438 1111 1639 1151 AMegminu,

945 1160 1127 1199 ἀπολεγμοί.
1153 1161 1250 1201 Apud
1266 1161 1435 1198 Plautum,
1450 1164 1459 1178 ‘
1476 1161 1641 1193 Abiectas

945 1210 1060 1249 aedes,'
1079 1212 1110 1241 in
1132 1210 1355 1242 Mostellaria.
1402 1212 1523 1252 Neque
1550 1213 1638 1243 enim

945 1261 1100 1292 mendum
1118 1266 1184 1301 est,
1206 1261 1295 1303 quod
1320 1267 1437 1301 putant
1456 1262 1639 1293 doctissimi

944 1310 1018 1342 viri.
1065 1310 1220 1343 Ablectae
1253 1312 1355 1351 aedes,
1382 1311 1575 1353 ἠθετημέναι,
1607 1319 1641 1344 et

945 1361 1041 1401 quasi
1058 1366 1170 1392 essent
1187 1371 1247 1402 pro
1267 1362 1449 1394 derelictis.
1497 1364 1641 1394 Senten-

945 1410 1026 1440 tiam
1047 1420 1154 1441 meam
1171 1412 1334 1451 adjuvant
1358 1412 1480 1443 I'sidori
1498 1413 1641 1446 Glossae.

946 1461 954 1476 ‘
972 1460 1195 1501 Ablegmina‚'
1232 1462 1353 1502 inquit,
1377 1464 1385 1479 ‘
1404 1470 1516 1502 partes
1545 1468 1643 1495 exto·

945 1520 1030 1552 rum,
1048 1521 1122 1552 quae
1140 1513 1352 1553 prosegmina
1369 1512 1551 1544 dicuntum-,³
1571 1513 1639 1544 Sed

943 1563 1169 1594 Tertullianus
1196 1564 1443 1604 elegantissime
1467 1565 1643 1604 ‹tblegmina

944 1613 1206 1645 circumlocutns
1235 1620 1286 1645 est
1313 1615 1362 1644 his
1380 1615 1511 1645 verbis:
1535 1616 1544 1632 ‘
1562 1616 1640 1646 Non

944 1661 1020 1692 dico
1038 1663 1150 1702 quales
1173 1663 1246 1693 sitis
1269 1663 1302 1693 in
1318 1663 1551 1704 sacrificando,
1565 1674 1641 1694 cum

945 1717 1078 1750 enecta,
1094 1717 1128 1743 et
1143 1713 1298 1743 tabidosa
1310 1722 1451 1753 quaeque
1464 1715 1640 1745 mactatis:

946 1770 1020 1791 cum
1039 1761 1081 1791 de
1111 1762 1232 1802 opimis
1256 1767 1290 1792 et
1317 1763 1456 1802 integris
1479 1773 1642 1802 superva-

946 1819 1011 1840 cua
1036 1821 1179 1852 quaeque
1211 1812 1388 1852 truncatis,
1415 1813 1579 1852 capitula,
1605 1818 1641 1844 et

946 1861 1108 1900 ungulas:
1135 1871 1208 1901 quae
1226 1861 1314 1892 domi
1334 1862 1460 1902 pueris,
1473 1864 1525 1893 vel
1550 1864 1643 1894 cani-

945 1910 1006 1940 bus
1023 1920 1154 1951 quoque
1171 1911 1429 1943 destinassetis.'
1465 1913 1548 1945 Qnae
1566 1923 1641 1944 vei·-

946 1960 989 1991 ba
1003 1961 1105 1991 etiam
1125 1961 1341 1992 Homericum
1362 1961 1523 2000 ὢμοθετεῖν
1536 1964 1641 2004 expli-

947 2015 1037 2041 cant.
1061 2011 1129 2041 Jos.
1146 2011 1229 2042 Scal.

989 2062 999 2081 ²
1022 2060 1150 2092 Albesia
1173 2061 1275 2102 scuta]
1305 2062 1391 2093 Duae
1417 2061 1555 2094 fuerunt
1582 2062 1639 2093 At-

944 2110 1006 2141 bae.
1038 2112 1137 2147 Varr.
1165 2111 1221 2142 lib.
1244 2120 1309 2142 vn.
1337 2111 1378 2142 de
1396 2112 1434 2142 L.
1455 2112 1491 2144 L.
1528 2112 1537 2129 ‘
1556 2113 1640 2143 Cum

944 2160 1095 2192 dnaesint
1108 2161 1220 2201 Albae,
1235 2161 1276 2193 ab
1290 2171 1356 2193 una
1368 2162 1528 2193 dicuntur
1538 2163 1640 2195 Alba-

942 2212 990 2250 ni,
1001 2211 1043 2241 ab
1054 2213 1161 2242 altera
1174 2211 1364 2243 Albenses.'
1388 2213 1449 2243 Illa
1465 2214 1562 2244 estin
1576 2214 1640 2244 La-

943 2261 990 2292 tio
1005 2260 1066 2291 sub
1081 2267 1194 2295 monte
1212 2261 1358 2297 Albano,
1379 2262 1450 2292 haec
1467 2262 1499 2292 in
1517 2263 1639 2294 Marsis

944 2311 984 2342 ad
1012 2312 1120 2342 lacum
1144 2312 1305 2342 Fucinum
1325 2312 1413 2343 circa
1433 2310 1543 2343 fontes
1561 2313 1641 2343 Ani-

944 2362 1028 2399 enis,
1050 2369 1153 2401 quare
1181 2362 1309 2402 optime
1341 2362 1459 2393 Festus
1476 2362 1639 2394 Albenses

945 2412 1047 2442 Marsi
1065 2412 1198 2452 generis
1212 2412 1309 2443 dicit.
1334 2412 1415 2442 Duc.

987 2466 1001 2482 ¹¹
1015 2460 1206 2500 Decumana]
1224 2460 1311 2492 Vide
1326 2466 1333 2478 ¹
1347 2462 1543 2493 Decumana
1555 2462 1640 2494 ova.’

946 2511 1044 2542 Idem.

987 2568 1002 2583 x
1025 2562 1161 2593 Albiana
1196 2562 1286 2602 ager]
1322 2564 1377 2594 De
1411 2571 1477 2603 quo
1518 2562 1636 2593 mirum

946 2613 1036 2653 apud
1063 2613 1205 2643 Veteres
1233 2613 1414 2652 silentium,
1437 2617 1474 2644 ut
1497 2611 1539 2644 de
1561 2613 1638 2644 luco

945 2663 1174 2695 Albionarnm.
1198 2663 1296 2693 Idem.
