1835 2906
231 100 314 141 460
671 110 819 141 ,ςΕΧΊί
853 110 1049 140 POMPEI!
1087 111 1224 141 unsri

289 218 459 259 quoque
478 205 573 258 ejus
593 204 881 246 ministerium
902 203 1048 245 esset⁶
1073 204 1305 258 objectum.
1366 206 1565 256 Plautus,
1581 220 1670 248 non

290 286 371 326 ego
407 278 448 314 te
487 273 592 312 novi
631 273 800 313 navalis
833 272 976 313 scriba
1014 271 1257 312 columbari
1297 272 1548 326 impudens:
1581 275 1672 314 sive

289 340 408 393 quod
443 339 713 381 columbaria·
745 339 790 378 in
825 351 934 379 nave
966 337 1242 391 appellantur
1278 339 1322 379 in
1354 340 1515 393 quibus
1548 341 1671 381 remi·

289 412 425 459 gent,⁷
446 407 538 448 sive
572 406 690 460 quod
724 405 1087 447 columbariorum
1111 410 1309 459 quaestus
1331 408 1585 449 temerarius
1606 408 1671 448 in·

289 480 536 529 certusque.

234 541 469 582 Naucum⁸
483 547 497 563 ‘³
519 542 583 582 ait
603 539 762 580 Ateius
784 539 1044 593 Philologus
1064 540 1167 594 poni
1187 553 1267 593 pro
1289 541 1428 593 nugis.
1478 540 1672 591 Cincius,

233 640 237 645 ,
289 609 410 662 quod
429 608 471 648 in
493 609 603 649 oleae
625 607 764 655 nucis,
786 607 889 659 quid
911 607 1029 647 intus
1047 607 1138 647 sit.⁹
1183 607 1328 648 AElius
1347 608 1457 649 Stilo
1480 609 1671 650 omnium

287 688 428 716 rerum
449 679 671 728 putamen.
731 673 1104 714 Glossematorum
1126 677 1271 713 autem
1294 675 1533 728 scriptores
1554 675 1671 717 sabae

287 743 421 795 grani,
454 742 572 795 quod
602 741 765 782 haereat
795 740 841 780 in
868 740 1069 781 fabulo.¹0
1128 739 1324 790 Quidam
1344 755 1400 782 ex
1420 742 1594 792 Graeco,
1614 743 1672 782 ναὶ

290 811 352 849 καὶ
373 810 475 863 οὐχὶ,
497 810 637 851 levem
667 808 887 849 hominem
923 806 1177 860 significari.
1236 807 1428 858 Quidam
1450 811 1574 851 nucis
1597 810 1672 864 ju-

289 877 476 929 glandis,
499 889 633 930 quam
653 876 837 917 Verrius
853 874 1153 929 juglandam¹¹
1176 880 1321 925 vocat,
1342 876 1532 917 medium
1552 878 1671 918 velut

289 943 658 997 dissipimentum.
698 943 883 984 Plautus
899 943 941 983 in
959 943 1162 984 Parasito
1180 943 1326 996 pigro:
1347 943 1494 984 Ambo
1510 957 1668 997 magna

288 1011 415 1051 laude
449 1011 573 1061 lauti,
606 1017 830 1065 postremo
855 1011 983 1051 ambo
1003 1023 1155 1050 sumus
1176 1023 1265 1050 non
1286 1011 1429 1052 nauci.
1491 1011 1599 1053 Item
1620 1012 1664 1052 in

289 1077 591 1123 Mostellaria:
623 1078 669 1119 id
691 1091 789 1119 esse
807 1081 838 1099 ¹2
870 1077 1015 1118 dicam
1036 1078 1187 1118 nauci:
1219 1078 1395 1130 nesci03
1427 1082 1471 1119 et
1491 1079 1536 1119 in
1556 1077 1668 1119 Tru-

290 1145 488 1187 culento:
522 1144 659 1187 Amas
681 1145 899 1187 hominem
921 1158 1006 1186 non
1022 1146 1175 1197 nauci3
1207 1150 1248 1187 et
1269 1145 1455 1187 Naevius
1473 1146 1516 1187 in
1531 1145 1670 1187 Tuni-

832 1286 1067 1298 eeeeeeeeeeee

231 1370 234 1372 ’
274 1378 294 1405 ὓ
310 1376 388 1406 Vet.
405 1375 480 1406 cod.
497 1379 634 1406 essa—7
662 1374 724 1406 Ed.
741 1375 831 1406 Scal.
847 1375 1040 1414 appellantur
1056 1383 1091 1404 ea
1107 1374 1216 1413 quibus
1232 1374 1396 1412 remigem.
1419 1373 1498 1405 Vet.
1515 1374 1590 1405 cod.
1607 1384 1670 1406 rem

228 1418 398 1455 geminent.
444 1418 636 1458 Legendum
654 1422 768 1447 monet
786 1418 870 1447 Dae.
894 1418 1089 1456 appellantur
1104 1426 1139 1447 ea
1162 1427 1177 1446 e
1199 1417 1307 1456 quibus
1328 1416 1502 1455 remigant:
1540 1418 1610 1448 sive
1635 1423 1673 1447 ut

229 1459 410 1491 Turnebus
441 1466 476 1491 et
513 1461 602 1491 Scal.
643 1459 751 1499 quibas
780 1459 857 1489 remi
886 1460 1097 1489 eminent.—8
1137 1459 1204 1489 Alii
1239 1459 1349 1494 Muci,
1381 1459 1672 1490 indeclinabile.—

229 1505 250 1531 9
274 1503 360 1533 Vide
379 1503 583 1534 Notas—10
607 1503 753 1534 Quidam
767 1502 848 1532 libb.
874 1501 1133 1533 sabaechilo.—ll
1168 1502 1243 1532 Vct.
1271 1502 1344 1532 cod.
1364 1501 1672 1541 juguhnulum.—12

228 1542 294 1575 Ed.
309 1545 398 1576 Scal.
416 1547 492 1586 quod
509 1546 541 1576 id
557 1555 619 1577 esse
634 1546 746 1576 (licam.
1241 1570 1245 1572 .

883 1664 911 1694 N
918 1663 1024 1694 01*AE

231 1762 319 1800 apud
353 1762 535 1792 Homerum
568 1762 705 1794 Navalis
733 1761 843 1793 scriba
871 1765 922 1791 est

230 1813 433 1849 convicium,
453 1813 558 1843 Ὀδυσ.
573 1817 608 1843 Θ.
620 1812 734 1852 φόρτου
743 1824 776 1843 τε
789 1810 923 1850 μνήμων,

231 1861 280 1891 καὶ
309 1861 490 1900 ἐπίστροφος
518 1860 588 1903 ᾗσιν
618 1862 737 1899 ὁδαίων,
765 1862 827 1892 hoc
859 1867 922 1900 est,

229 1912 424 1950 ’γραμματεὺς
439 1912 564 1952 φόρτου,
581 1912 631 1943 καὶ
655 1911 782 1951 ἐφοδίων
803 1911 925 1949 ταμίας.

231 1962 277 1992 Et
313 1963 503 2002 legendum,
547 1964 701 1994 eolumbar
746 1964 925 2002 impudens:

230 2011 357 2043 dictum
390 2013 507 2044 eadem
536 2013 656 2053 fou-ma,
678 2023 743 2055 qua
773 2013 924 2044 Catullus

230 2063 404 2093 mulierem
415 2064 585 2103 prostituti
599 2063 735 2104 pudoris
747 2068 845 2094 vocat
856 2065 865 2080 ⁴
878 2064 923 2093 lu-

230 2122 335 2152 panar
353 2113 383 2143 ε’
416 2114 570 2144 ‘Lucilius
604 2116 614 2131 ⁴
642 2114 780 2145 carcer'
826 2119 925 2145 vocat

231 2173 319 2202 eum,
342 2163 396 2204 qui
422 2164 542 2194 meruit
570 2164 602 2194 in
628 2164 763 2194 vincula
793 2164 925 2203 conjici.

234 2214 428 2244 Columbaria
445 2214 477 2244 in
493 2224 570 2244 nat-e
584 2218 654 2244 sant
668 2224 714 2253 ea,
728 2214 836 2253 quibus
848 2213 925 2243 remi

230 2265 380 2294 eminent:
405 2265 450 2294 ita
466 2264 552 2294 enim
570 2263 774 2303 legendum:
797 2262 888 2293 dicta
906 2272 924 2292 a

232 2314 452 2345 similitudine
490 2313 703 2353 foraminum,
739 2314 770 2343 in
803 2313 923 2353 quibus

230 2373 293 2403 pal·
305 2364 534 2395 columborum
551 2362 713 2394 nidificat.
740 2362 792 2393 Ab
806 2362 922 2392 eadem

232 2413 447 2444 similitudine
475 2419 508 2443 et
533 2414 565 2443 in
597 2423 632 2444 re
660 2413 925 2444 architectonica

232 2462 310 2503 quid
327 2463 505 2503 significet,
531 2463 635 2493 habes
663 2462 752 2502 apud
773 2463 922 2493 Vitruvi-

232 2522 300 2543 um.
324 2514 392 2543 dos.
410 2514 491 2543 Scol.
536 2514 625 2552 Lege
643 2513 673 2543 in
691 2512 757 2543 fine
770 2514 923 2553 appellan-

233 2566 284 2593 tur
299 2572 333 2592 ea
348 2572 363 2592 e
379 2563 484 2601 quibus
498 2564 663 2601 remigant.
695 2563 772 2593 Sive
788 2569 825 2593 ut
840 2563 922 2593 Tur-

233 2612 310 2643 neb.
327 2617 360 2642 et
373 2612 461 2641 Scal.
474 2613 580 2651 quibus
592 2614 668 2643 remi
681 2613 825 2643 eminent.
839 2613 921 2643 Dac.

276 2666 288 2684 θ
314 2661 469 2701 Nancum]
496 2662 696 2693 Mendosum
728 2672 800 2693 esse
833 2661 923 2694 vide·

982 1765 1056 1797 tur;
1079 1760 1157 1799 quod
1175 1759 1207 1789 in
1224 1760 1296 1789 oleoe
1312 1759 1409 1793 nucis,
1424 1759 1502 1799 quod
1517 1759 1600 1789 intus
1620 1758 1674 1790 sit.

982 1809 1128 1840 Paulus:
1154 1809 1239 1848 elect,
1261 1812 1314 1839 aut
1339 1808 1426 1839 nucis
1446 1810 1562 1843 nucleo,
1584 1807 1673 1839 forte

981 1859 1068 1900 quod
1089 1859 1121 1890 in
1144 1860 1227 1898 olea,
1250 1859 1392 1899 nuciqne
1409 1859 1497 1889 intus
1525 1859 1580 1889 sit.
1619 1859 1674 1889 De

978 1909 1238 1950 nucejuglande
1256 1909 1332 1940 vide
1350 1909 1506 1941 Macmb.
1531 1910 1589 1940 lib.
1618 1918 1673 1940 ιιι.

979 1960 1092 1991 Satur.
1117 1961 1195 1992 Ant.
1213 1961 1299 1999 Aug.

1024 2011 1182 2051 Numam]
1209 2010 1274 2041 Alii
1293 2010 1408 2045 Nouoi,
1427 2008 1673 2041 indeclinabile.

979 2062 1126 2101 Proprie
1144 2061 1336 2091 membrana
1362 2060 1483 2094 tenuis,
1507 2069 1581 2100 quae
1607 2069 1673 2089 me-

979 2112 1051 2142 dias
1068 2121 1170 2142 nuces
1188 2111 1364 2150 disjungit,
1378 2110 1466 2140 unde
1484 2119 1544 2149 pro
1561 2109 1675 2147 nihilo,

977 2165 1042 2192 &c.
1075 2163 1164 2201 Lege
1188 2159 1283 2199 infra,
1301 2160 1426 2190 Cincius
1447 2160 1525 2198 quod
1546 2160 1579 2189 in
1600 2160 1674 2190 oleoe

976 2221 1051 2242 nuce
1067 2212 1152 2241 intas
1175 2210 1231 2250 sit,
1253 2211 1318 2249 vel,
1336 2210 1474 2248 Cincius,
1500 2209 1532 2239 in
1553 2210 1618 2239 olea
1645 2213 1673 2239 et

977 2271 1052 2292 nuce
1064 2262 1143 2301 qaod
1166 2261 1250 2291 intus
1271 2261 1324 2291 sit.
1357 2260 1459 2298 Item,
1474 2260 1504 2290 in
1513 2259 1600 2297 fabae
1613 2259 1675 2289 hilo

978 2323 1040 2353 pro
1056 2313 1090 2342 in
1104 2311 1228 2349 sabulo.
1262 2310 1359 2342 Faboe
1375 2311 1484 2349 hilum,
1498 2310 1630 2340 Gallice
1647 2311 1674 2340 le

977 2363 1046 2393 noir
1065 2364 1102 2393 ‹le
1124 2363 1152 2392 Ia
1172 2362 1269 2399 sere:
1292 2371 1406 2392 nanctis
1423 2371 1441 2391 a
1456 2370 1561 2398 nucum,
1584 2360 1672 2390 unde

976 2413 1117 2451 nuculus,
1130 2412 1287 2448 nuculeas,
1303 2410 1435 2440 nucleus.
1468 2409 1576 2450 quue
1592 2408 1673 2439 doc-

979 2462 1046 2493 tiss.
1080 2461 1226 2491 Gnietus
1244 2459 1473 2498 adscripserant
1490 2468 1555 2488 orae
1579 2458 1671 2488 Festi

978 2512 1041 2551 sui,
1066 2520 1164 2551 quem
1182 2510 1258 2540 milli
1279 2508 1535 2540 communicavit
1559 2507 1602 2538 V.
1621 2508 1671 2538 Cl.

977 2567 1009 2592 et
1025 2561 1137 2602 magni
1151 2560 1306 2595 nominis,
1320 2559 1468 2600 AEgidius
1479 2558 1672 2598 Menagius.

978 2612 1061 2644 Dae.
