1835 2906
223 140 279 181 96

676 153 825 184 SEXTI
860 153 1060 184 ΡΟΜΡΕΙΙ
1095 151 1231 184 FESTI

223 244 296 285 AT
319 244 605 287 differentiam
635 259 775 288 rerum
807 248 1048 301 significat:
1079 254 1130 290 ut
1163 262 1261 290 cum
1282 248 1484 299 dicimus,
1507 249 1657 303 Scipio

277 319 346 355 est
365 314 561 363 bellator,
583 318 628 354 at
648 313 714 354 M.
733 315 846 356 Cato
869 321 1030 358 orator.

220 378 562 422 Atanuvium¹0d
598 385 667 421 est
700 382 852 434 poculi
881 382 1030 424 fictilis
1061 397 1210 437 genus,
1240 394 1328 437 quo
1360 385 1404 424 in
1427 383 1656 424 sacrificiis

277 447 466 488 Romani
487 448 717 488 utebantur
734 449 989 491 sacerdotes
1013 451 1216 492 Potitii.¹¹

218 514 442 566 Atavus;0
471 516 579 569 quia
600 519 691 556 tata
723 521 791 557 est
821 518 946 567 avi,¹²
977 519 1021 559 id
1039 523 1121 568 est,
1144 524 1295 572 pater:
1326 521 1374 559 ut
1394 519 1515 572 pueri
1536 529 1658 558 usur-

274 595 378 635 pare
400 582 554 623 solent.

215 648 325 691 Atra
341 649 442 690 bilis
457 647 470 670 f
488 651 543 690 ab
565 655 672 700 atro,
694 651 740 691 id
757 654 835 701 est,
854 652 985 692 animi
1007 654 1118 694 vitio
1136 654 1274 694 dicta:
1297 656 1364 693 est
1384 652 1498 693 enim
1519 655 1656 693 atrum

271 718 452 769 nigrum,
474 717 518 757 id
541 723 622 767 est,
645 731 671 758 a
691 718 882 759 candore
905 725 1136 761 remotum.

216 784 427 834 Atratasf
451 786 528 825 atri
554 785 765 826 0010Γὶ5.ῖς

218 851 493 906 Atriplexum
508 851 524 873 ¹¹
546 853 692 902 herba,
715 866 816 906 quae
838 866 952 893 nunc
972 854 1163 907 atriplex
1184 854 1360 894 dicitur.

211 918 405 960 Atriumi
426 919 606 972 proprie
639 924 708 960 est
740 933 879 972 genus
917 920 1096 961 aedificii
1130 926 1229 961 ante
1260 920 1397 962 aedem
1427 920 1654 960 continens

266 987 453 1027 mediam
474 1000 632 1032 aream,
664 988 706 1027 in
740 1000 872 1041 quam
907 987 1095 1030 collecta
1124 1001 1180 1029 ex
1211 989 1327 1029 omni
1359 991 1476 1028 tecto
1507 987 1654 1041 pluvia

266 1054 517 1095 descendit:
548 1055 714 1096 dictum
736 1058 883 1095 autem
905 1056 1076 1106 atrium,
1097 1056 1167 1097 vel
1189 1057 1294 1110 quia
1316 1055 1360 1095 id
1382 1067 1518 1107 genus
1541 1054 1650 1094 aedi-

265 1121 356 1162 ficii
378 1121 516 1162 Atriae
539 1123 729 1175 primum
743 1120 758 1143 ¹<
791 1124 836 1164 in
859 1123 1032 1164 Etruria
1053 1124 1109 1164 sit
1130 1124 1390 1173 institutum,
1412 1121 1482 1163 vel
1500 1122 1605 1175 quia
1627 1135 1653 1161 a

267 1192 379 1230 terra
401 1190 576 1239 oriatur,
609 1190 733 1243 quasi
756 1195 1022 1232 aterreum.¹4

812 1309 927 1321 eeeeee

931 1309 1049 1321 etet„

250 1370 289 1397 10
313 1366 381 1398 Alii
397 1368 641 1399 Acacium—ll
663 1368 727 1399 Alii
743 1371 959 1409 postona—12
986 1371 1179 1405 Leuendnm
1198 1374 1311 1401 monet
1329 1370 1413 1400 Dae.
1431 1373 1465 1400 ut
1480 1369 1512 1399 in
1528 1377 1585 1398 ora
1599 1367 1654 1398 ed.

207 1410 366 1450 Scaligeri
392 1412 595 1451 ascriptum:
622 1412 753 1451 Αἰαιηιε,
769 1413 840 1452 quia
856 1417 924 1444 atla
946 1417 989 1444 est
1007 1414 1193 1444 «hunss—13
1220 1413 1258 1443 ln
1277 1412 1330 1443 ed.
1348 1412 1437 1443 Scal.
1455 1418 1507 1442 est
1522 1411 1652 1441 Atratus

204 1453 304 1483 atrati
322 1455 448 1484 coloris.-
485 1454 544 1484 sed
567 1455 747 1494 legendum
772 1461 886 1487 monet
909 1457 1050 1495 ,ltu-itas,
1072 1459 1139 1486 uter
1165 1457 1259 1487 color.
1284 1455 1453 1495 improbat
1479 1455 1650 1485 Dae-14

205 1495 353 1528 Quidam
368 1498 513 1528 alterum.

860 1572 998 1604 NOTAE

244 1644 257 1665 ‘¹
280 1643 487 1685 Atanuvium]
512 1645 643 1676 Glossae
660 1644 801 1676 Isidori:
820 1645 900 1677 ‘At-

203 1694 338 1735 amabo,
369 1704 471 1735 genus
502 1694 611 1725 vasis?
666 1695 897 1725 Glossarium:

201 1745 210 1761 ⁴
226 1744 408 1783 Atanqus,
432 1744 521 1783 ἅγιον
537 1744 636 1784 ἱερέως
652 1746 770 1784 σκεῦος,
796 1745 898 1783 κειμή-

200 1794 291 1824 λιον.’
329 1796 434 1834 Lege,
458 1796 644 1826 Atanucius.
668 1795 741 1827 Jos.
757 1796 846 1826 Scal.

242 1845 449 1885 Atanuvium]
476 1845 673 1874 Attanulum
702 1854 743 1874 ex
773 1845 898 1875 Graeco

200 1893 343 1933 ἅττανον,
359 1895 447 1935 quod
465 1893 601 1933 τήγανον
625 1895 804 1934 significat,
818 1895 897 1925 inde

199 1944 357 1975 ἀττανῖται
387 1953 490 1985 panes
519 1950 553 1975 et
581 1946 761 1984 placentae.
814 1946 898 1976 Inde

199 1994 487 2026 denominativum
504 1996 689 2036 aptanulum.
735 1995 834 2025 Unde
849 1999 898 2026 at·

199 2047 359 2076 lanuvium
385 2045 511 2077 facturn
541 2046 686 2086 eliquato
712 2046 845 2076 lambda
863 2047 896 2076 in

198 2097 278 2136 iota,
294 2102 332 2128 ut
357 2107 399 2128 ex
425 2096 617 2137 ‘simpulo‚'
646 2098 655 2113 ‘
672 2096 896 2137 simpuvium‚’

198 2151 206 2165 ‘
219 2146 394 2178 ambuvia'
413 2156 455 2178 ex
473 2145 648 2186 ‘ambula,'
661 2148 725 2177 Sec.
750 2147 849 2177 Salm.
863 2146 895 2177 in

197 2197 300 2227 Solin.
326 2198 409 2229 Dae.

241 2251 254 2267 ‘³
276 2247 411 2288 Aturus]
451 2248 542 2287 Lege
569 2250 604 2277 ut
630 2247 661 2277 in
685 2257 744 2278 ora
767 2247 895 2288 ascrip-

198 2300 280 2334 tum,
296 2301 418 2336 atavus,
439 2298 511 2337 quia
526 2300 593 2327 atta
608 2300 653 2327 est
667 2296 766 2327 abavi.
811 2296 893 2327 Ata-

198 2356 257 2376 vus
271 2353 410 2387 quartus
427 2352 536 2387 pater,
549 2347 583 2378 id
598 2352 662 2386 est,
676 2352 774 2388 pater
786 2347 892 2379 abavi.

197 2396 277 2427 Atta
293 2402 407 2428 autem
431 2402 483 2427 est
507 2396 690 2428 honorifica
707 2398 893 2438 appellatio

191 2446 336 2485 junioris
353 2446 393 2476 ad
410 2447 586 2477 seniorem.
631 2447 718 2477 Vide
738 2449 747 2463 ‘
763 2446 893 2478 attam.’

201 2496 297 2525 Idem.

240 2543 251 2565 f
263 2546 347 2576 Atra
362 2545 448 2585 bilis]
472 2545 586 2576 Animi
603 2546 702 2577 vitio:
721 2546 891 2577 mendose.

196 2595 275 2626 Ant.
289 2594 376 2635 Aug.

239 2646 322 2676 Atra
341 2646 424 2686 bilis]
449 2646 550 2686 Lege,
576 2650 646 2676 ntra
663 2647 732 2676 bilis
759 2647 796 2677 ab
824 2650 891 2677 atro

197 2697 294 2727 animi
319 2697 394 2728 vilio
416 2698 509 2727 dicta.
558 2697 621 2728 Hae
648 2707 759 2737 voces,
783 2698 813 2727 id
837 2701 891 2733 cst,

957 1648 1043 1677 male
1070 1647 1132 1678 linc
1160 1648 1380 1686 irrepserunt,
1404 1649 1440 1675 ut
1462 1645 1539 1675 alibi
1557 1654 1649 1685 saepe

956 1695 1082 1727 factum
1097 1701 1159 1727 est.
1183 1697 1266 1726 Duc.

998 1752 1012 1773 ἕ
1036 1746 1184 1786 Atratus]
1211 1747 1316 1786 Lego,
1340 1745 1477 1784 Acritas,
1500 1749 1573 1775 ater
1595 1754 1650 1775 co-

953 1797 1012 1827 lor.
1037 1798 1106 1827 Jos.
1123 1797 1207 1827 Scul.

995 1846 1143 1885 Atratus]
1158 1846 1211 1876 Ab
1228 1850 1353 1883 attare,
1369 1849 1511 1882 atratus,
1526 1844 1581 1884 qui
1599 1847 1651 1874 est

951 1896 1035 1935 nigri
1053 1897 1173 1926 coloris
1189 1906 1197 1932 ς
1215 1899 1222 1913 ‘
1237 1900 1364 1926 atratas
1382 1904 1456 1934 quoe
1471 1900 1547 1923 sunt
1563 1893 1651 1933 nigri

949 1945 1097 1977 coloris!
1159 1946 1252 1977 Nihil
1293 1946 1406 1985 itaque
1441 1943 1649 1974 mutandum.

948 1996 1100 2035 Scaliger
1129 1995 1211 2035 legit
1239 2000 1364 2032 tamen,
1379 1992 1504 2026 atritas,
1519 1996 1587 2022 ater
1600 2002 1650 2021 co-

948 2046 1006 2075 lor.
1034 2047 1118 2076 Dae.

1005 2094 1017 2114 *¹
1048 2093 1263 2134 Atriplexum]
1309 2093 1431 2124 Graece
1469 2090 1646 2129 ἀτράφαξις.

952 2144 1032 2175 Itali
1062 2142 1183 2175 nomen
1214 2144 1375 2178 retinent,
1406 2147 1529 2174 vocant
1558 2143 1647 2173 enim

950 2195 1104 2234 atriplice.
1150 2194 1241 2225 Galli
1257 2193 1467 2224 bonne-dame.
1495 2191 1601 2222 Idem.

994 2244 1001 2265 ἱ
1022 2245 1164 2285 Atrium]
1198 2244 1289 2275 Area
1306 2242 1466 2273 subdialis
1483 2251 1557 2281 quae
1574 2246 1648 2272 erat

952 2299 1030 2326 ante
1054 2294 1156 2333 aedes,
1184 2290 1226 2325 ab
1242 2293 1337 2324 Atria
1354 2292 1435 2323 urbe
1451 2292 1648 2331 Tuscorum,

948 2344 1003 2375 ubi
1021 2345 1213 2384 exemplum
1224 2348 1382 2374 sumtum.
1408 2342 1505 2374 Varr.
1521 2341 1580 2373 lib.
1595 2351 1646 2372 lv.

948 2396 990 2426 de
1010 2396 1044 2426 L.
1059 2396 1095 2425 L.
1114 2395 1258 2425 alterum
1280 2393 1372 2424 Festi
1396 2397 1532 2433 etymon
1555 2392 1646 2433 quod

949 2451 956 2463 ¹
971 2455 991 2476 a
1017 2451 1108 2475 terra
1132 2443 1278 2475 oriatur’
1302 2442 1462 2473 insulsum
1488 2442 1587 2482 plane
1610 2446 1646 2472 et

945 2495 1109 2535 ineptum.
1153 2492 1299 2525 Quidam
1317 2491 1358 2523 ab
1375 2491 1497 2531 αἴθριον,
1524 2489 1646 2521 verius.

946 2546 1054 2579 Idem„

989 2593 1003 2615 Ι*
1027 2594 1131 2626 Atriae
1146 2592 1295 2634 primum]
1317 2592 1369 2623 Ex
1392 2592 1543 2622 Varrone
1559 2590 1644 2623 illud

947 2651 1112 2684 utsupra.
1142 2643 1241 2675 Atria
1255 2648 1367 2674 autem
1383 2640 1526 2671 Tuscum
1546 2643 1641 2681 oppi-

948 2697 1038 2735 dum,
1054 2705 1071 2726 a
1088 2704 1153 2736 quo
1169 2702 1290 2725 nomeu
1318 2691 1401 2722 mari
1429 2689 1607 2723 Adriatico
1628 2696 1640 2723 ι
