1835 2906
362 140 426 171 DE
458 136 734 170 VERBORUM
767 133 1173 168 SIGNIFICATIONE
1207 134 1302 164 LIB.
1335 133 1442 164 X1V.

1556 122 1639 164 599

193 236 427 279 piscatorii
448 234 540 276 ludi
569 236 796 281 vocantur,
817 229 893 284 qui
914 241 1063 271 mense
1085 228 1114 270 J
1118 229 1224 270 unio
1246 228 1339 270 fieri
1361 240 1431 270 so·
1462 227 1640 278 [PAUL.

250 306 341 346 lent
362 317 441 358 pro
465 307 641 357 quaestu
664 299 927 356 piscantium
946 303 1066 338 trans
1086 297 1298 338 Tiberim.

195 372 462 414 Piscatoriiy
482 371 578 412 ludi
600 373 828 418 vocantur,
850 367 926 421 qui
948 365 1177 420 quotannis
1200 376 1348 404 mense
1369 363 1398 404 J
1403 376 1450 404 u-
1479 363 1642 416 [FES'r.

252 441 326 481 nio
364 444 482 481 trans
513 438 709 480 Tiberim
746 435 837 476 fieri
872 435 1016 476 solent
1051 446 1078 474 a
1113 433 1312 473 Praetore
1350 431 1533 473 Urbano
1564 444 1644 485 pro

252 508 550 562 piscatoribus
570 505 808 552 TiberiniS,
828 515 1009 557 quorum
1023 504 1223 557 quaestus
1243 500 1388 540 nonin
1409 499 1644 541 macellum

254 576 467 630 pervenit,
489 574 567 616 sed
590 574 678 615 fere
708 573 750 613 in
782 584 928 613 arcam
950 568 1158 619 Volcani,
1179 567 1300 622 quod
1328 567 1372 608 id
1396 579 1535 619 genus
1556 565 1648 620 pis-

256 645 497 686 ciculorum
518 644 720 686 vivorum
741 641 868 682 datur
887 639 929 680 ei
952 639 1052 680 Deo
1073 650 1153 691 pro
1176 636 1334 678 animis
1350 634 1573 676 humanis.

201 712 440 754 Piscatorii
461 711 554 752 ludi
575 710 850 758 dicebantur,
873 706 950 761 qui
970 705 1136 747 fiebant
1156 717 1236 759 pro
1257 707 1429 758 quaestu
1472 701 1652 754 [PAUL.

258 780 538 834 piscantium.

204 847 504 889 Piscator-ium
531 859 593 888 aes
623 848 799 887 vetusto
828 855 951 884 more
973 841 1231 895 appellatur,
1262 838 1380 893 quod
1403 838 1446 879 in
1487 837 1649 889 [FEST.

260 920 410 956 monte
432 913 610 955 Albano
633 914 758 954 datur
778 924 858 965 pro
878 909 1094 964 piscibus.

207 983 424 1024 Piscinae2
452 982 646 1036 publicae
675 978 897 1032 hodieque
925 989 1084 1018 nomen
1105 978 1267 1025 manet,
1289 975 1392 1028 ipsa
1409 986 1494 1015 non
1515 976 1656 1022 extat,

267 1051 322 1092 ad
351 1064 482 1105 quam
504 1056 548 1092 et
579 1052 791 1097 natatum,
813 1051 855 1088 et
886 1044 1214 1086 exercitationis
1244 1043 1412 1096 alioqui
1433 1054 1567 1082 causa
1586 1054 1659 1082 ve·

264 1120 416 1161 niebat
434 1119 641 1173 populus,
664 1116 780 1158 unde
803 1114 1002 1156 Lucilius
1025 1113 1114 1154 ait:
1139 1111 1226 1153 Pro
1250 1112 1411 1152 obtuso
1428 1122 1501 1151 ore
1519 1108 1655 1163 pugil,

267 1187 527 1241 piscinensis
549 1199 617 1227 res
639 1184 741 1226 est.8

819 1292 937 1305 ‘‘‘‘‘‘

252 1356 272 1384 8
299 1351 390 1384 Vide
406 1351 530 1383 Notas.

941 1291 1058 1304 oooooo

872 1439 1013 1473 NOTAE

213 1523 392 1565 legendum
410 1521 558 1553 videtur.
586 1521 659 1552 Ful.
679 1520 787 1551 Ursin-

257 1581 269 1601 5
295 1573 480 1613 Piscatorii]
502 1574 610 1603 Varro
625 1572 685 1603 lib.
698 1581 731 1603 v.
756 1570 798 1601 de
817 1569 914 1610 Ling.

215 1627 291 1658 Lat.
325 1624 442 1656 scribit
474 1622 716 1654 Vulcanalibus
755 1621 916 1661 populum

218 1675 373 1707 animalia
392 1684 452 1714 pro
476 1683 510 1704 se
534 1673 568 1704 in
584 1672 695 1713 ignem
713 1671 850 1703 mittere
866 1680 918 1702 so·

215 1728 326 1758 litum.
370 1726 420 1756 Ea
446 1729 558 1756 autem
586 1733 652 1754 non
677 1732 791 1754 mense
814 1722 918 1754 Junio

219 1777 278 1809 sed
296 1787 333 1808 x.
352 1776 429 1808 Kal.
446 1776 543 1816 Sept.
560 1773 702 1804 fiebant.
749 1772 852 1803 Ovid.
871 1776 921 1802 ta·

218 1838 296 1860 men
320 1827 380 1859 lib.
395 1836 445 1858 vr.
464 1826 597 1857 Fastor.
614 1823 711 1855 ludos
727 1822 919 1862 Tiberinos,

220 1884 254 1909 et
269 1878 476 1920 piscatorum
493 1874 599 1906 refert
615 1875 676 1904 hoc
694 1882 808 1904 mense
836 1871 921 1903 fieri.

219 1931 318 1965 Sunt,
334 1929 391 1970 qui
408 1927 559 1958 scribant
576 1935 642 1956 non
663 1935 682 1955 a
699 1924 776 1956 PR.
792 1923 923 1961 urbano,

222 1980 283 2012 sed
308 1991 327 2011 a
350 1978 458 2020 populo
486 1977 547 2009 Ro.
575 1976 690 2007 urbano
706 1975 803 2006 ludos
820 1973 893 2005 fieri
913 1983 921 2003 ε

221 2030 310 2073 quod
333 2028 491 2060 mendum
509 2027 551 2058 ab
569 2026 707 2058 indocto
725 2025 863 2056 librario
881 2023 924 2055 ad

222 2083 340 2113 doctos
357 2078 519 2122 quosdam
544 2077 631 2108 viros
646 2075 848 2118 penetravit.
882 2074 925 2105 In

223 2131 330 2164 veteri
349 2129 486 2172 quidem
502 2128 602 2164 libro,
618 2126 707 2158 unde
730 2126 837 2158 ceteri
860 2125 926 2157 orti

225 2188 314 2223 sunt,
329 2183 376 2213 ita
392 2185 507 2221 est,ut
524 2180 578 2211 hic
605 2178 810 2219 scripsimus.
854 2177 928 2208 Pis-

227 2244 301 2266 cem
323 2234 436 2264 vivum
461 2241 523 2273 pro
540 2231 650 2262 anima
667 2230 810 2261 hominis
825 2229 857 2260 in
875 2239 928 2260 sa-

216 2284 357 2322 „crificio
374 2283 536 2321 oblatum,
552 2282 650 2312 testis
664 2286 716 2312 est
741 2280 846 2312 Ovid.
872 2280 930 2311 lib.

230 2344 289 2367 ιιι.
304 2335 433 2365 Fastor.
452 2331 529 2364 Ant.
545 2333 630 2371 Aug.

272 2383 445 2417 Piscatorii
462 2383 542 2423 ludi]
557 2385 589 2413 8.
604 2381 686 2412 Idus
699 2381 803 2414 Junii.
828 2380 931 2412 Ovid.

230 2438 324 2469 Fast.
348 2444 397 2466 Vl.
419 2434 559 2464 ‘Tertia
585 2437 662 2473 post
694 2442 799 2462 nonas
826 2441 931 2462 remo-

231 2497 311 2519 vere
340 2487 499 2526 Lycaona
527 2483 657 2514 Pboebe
688 2483 825 2517 Fertur,
853 2486 888 2512 et
914 2491 934 2512 a

231 2544 328 2577 tergo
345 2545 409 2566 non
429 2533 531 2564 babet
554 2543 632 2563 ursa
658 2537 797 2563 metum.
840 2532 934 2562 Tunc

232 2597 296 2629 ego
312 2596 363 2618 me
382 2584 516 2616 memini
533 2583 629 2614 ludos
642 2583 673 2613 in
684 2583 837 2622 gramine
846 2592 936 2613 cam-

232 2639 268 2680 pi
293 2637 473 2678 Aspicere‚
496 2638 531 2665 et
549 2633 665 2674 didici,
682 2633 814 2664 lubrice
828 2632 934 2668 Tibri,

236 2695 324 2719 tuos.
368 2687 470 2717 Festa
498 2684 569 2716 dies
587 2684 667 2723 inis,
694 2684 749 2725 qui
775 2684 844 2715 lina
867 2694 935 2714 ma-

240 2739 356 2770 dentia
380 2737 522 2778 ducunt,
554 2736 689 2778 Quique
721 2740 840 2776 tegunt
862 2745 938 2777 par·

966 1517 1015 1547 vis
1033 1526 1103 1547 aera
1116 1524 1259 1546 recurva
1275 1512 1379 1545 cibis-¹
1424 1510 1668 1543 Vulcanalibus

966 1567 1128 1609 populum
1157 1576 1220 1607 pro
1255 1575 1290 1596 se
1318 1565 1351 1595 in
1374 1564 1486 1604 ignem
1513 1563 1671 1593 animalia.

967 1618 1099 1649 misisse
1123 1616 1239 1648 scribit
1255 1616 1364 1646 Varro
1388 1613 1450 1644 lib.
1470 1622 1502 1643 v.
1526 1613 1535 1629 ‘
1549 1613 1673 1643 Volca-

968 1669 1057 1699 nalia
1085 1678 1104 1698 a
1126 1667 1290 1704 volcano,
1321 1664 1408 1705 quod
1427 1663 1458 1694 ei
1477 1667 1547 1693 tum
1564 1660 1672 1696 feriae,

970 1724 1005 1750 et
1031 1717 1120 1760 quod
1151 1727 1191 1748 eo
1207 1716 1263 1748 die
1281 1716 1426 1756 populus
1440 1723 1502 1754 pro
1519 1723 1555 1744 se
1572 1714 1605 1743 in
1623 1713 1674 1753 ig-

970 1779 1045 1801 nem
1061 1767 1218 1800 animalia
1230 1765 1363 1798 mittit!
1387 1765 1468 1796 Dac-

1012 1827 1024 1842 Ζ
1043 1820 1196 1860 Piscinae]
1222 1818 1313 1856 Lege
1332 1828 1340 1848 ι
1365 1817 1446 1847 unde
1459 1815 1598 1847 Lucilius
1607 1815 1653 1846 ait
1666 1826 1676 1844 .·

976 1872 1093 1903 Obtusa
1108 1880 1173 1909 ore,
1184 1869 1284 1910 pugil,
1295 1867 1589 1909 piscinensis‚reses.
1608 1867 1677 1897 Pu·

974 1923 1057 1964 giles
1081 1927 1159 1952 snnt
1183 1921 1306 1952 obtuso
1329 1929 1401 1958 ore,
1426 1922 1568 1958 propter
1593 1927 1677 1958 pug-

974 1984 1048 2014 nos,
1064 1982 1145 2014 quos
1157 1972 1190 2003 in
1202 1982 1238 2003 os
1250 1970 1441 2010 recipiunt:
1468 1968 1557 1999 unde
1572 1968 1677 1999 illud:

975 2025 985 2041 ⁴
1000 2034 1036 2055 os
1053 2024 1194 2061 nullum,
1211 2022 1264 2053 vel
1282 2020 1394 2062 potius
1411 2017 1561 2060 pugilis)
1594 2018 1680 2049 Pro-

976 2075 1129 2107 verbium
1146 2078 1197 2104 est
1214 2072 1305 2113 apud
1322 2071 1480 2102 Plautum
1498 2069 1531 2100 in
1544 2068 1680 2109 Casina,

977 2126 1120 2157 ‘obtuso
1152 2122 1231 2158 ore,’
1256 2121 1483 2155 vel,obtmzso.·
1507 2128 1583 2149 cum
1607 2119 1682 2159 quis

979 2186 1041 2217 spe
1075 2175 1128 2206 vel
1159 2173 1319 2204 instituto
1349 2170 1519 2210 dejectus,
1551 2168 1683 2209 pudore

980 2225 1187 2258 suffunditur
1204 2224 1247 2254 ab
1274 2222 1327 2257 iis,
1353 2221 1408 2262 qui
1435 2219 1516 2250 nihil
1543 2224 1685 2259 praeter-

979 2286 1078 2318 qnam
1096 2276 1129 2305 in
1146 2284 1182 2305 os
1199 2281 1341 2303 messem
1360 2278 1561 2311 pugnorum,
1581 2274 1620 2299 ut
1635 2269 1685 2298 lo-

982 2327 1097 2369 quitur
1109 2326 1267 2361 Plautus,
1280 2326 1510 2362 reportarunt.
1525 2321 1591 2349 Jos.
1602 2319 1685 2350 Scal.

1026 2376 1166 2408 Piscina:
1192 2373 1337 2415 publicoe]
1371 2371 1523 2402 Martial.
1556 2370 1564 2386 ‘
1579 2369 1689 2400 Pisci-

985 2437 1060 2458 nam
1086 2431 1183 2466 peto,
1207 2422 1369 2454 nonlicet
1386 2420 1528 2452 natare.¹
1571 2420 1689 2450 Verba

986 2477 1109 2510 Lucilii
1130 2475 1177 2506 sic
1194 2474 1331 2515 legebat
1357 2472 1522 2512 Scaliger.
1571 2471 1690 2501 Obtusa

987 2539 1052 2569 ore,
1078 2527 1178 2568 pugil,
1207 2523 1400 2565 pisanensis,
1426 2532 1521 2553 reses.
1566 2521 1611 2551 Et
1643 2522 1691 2551 ita

986 2578 1142 2611 Schedae.
1164 2573 1339 2607 Turnebus
1357 2582 1437 2603 vero
1454 2571 1513 2602 lib.
1526 2579 1600 2602 xvr.
1615 2581 1689 2611 cap.

988 2633 1043 2662 22.
1085 2628 1205 2658 Obtuso
1221 2634 1271 2656 ore
1286 2623 1375 2666 pugil
1389 2622 1628 2664 piscinensisque
1643 2631 1690 2652 re-

989 2689 1104 2720 sesque.
1127 2677 1212 2708 Dae.
