1835 2906
372 151 434 181 DE
468 148 740 180 VERBORUM
773 141 1180 178 SlGNlFlGATIONE
1214 142 1311 173 [ΑΒ.
1342 139 1393 170 Χ.

1521 128 1606 170 363

161 251 342 299 Luctus,
354 252 398 289 et
416 245 590 299 lugere,¹
611 258 636 286 a
658 244 820 287 Graeco
840 240 1068 283 trahuntur
1087 238 1230 287 λυπεῖν,
1249 237 1322 278 vel
1337 235 1493 276 λῦπειν.5

160 316 427 359 Luculentus
441 320 458 336 ²²
479 327 506 355 a
524 314 625 355 luce
646 311 905 367 appellatus.

161 385 403 426 Lucuntere
420 380 437 406 ⁶
457 387 473 403 Χ
494 393 630 435 genus
652 378 801 434 operis
821 375 1007 431 pistorii.

160 453 306 494 Luesy
326 457 395 492 est
418 450 588 492 diluens
618 459 759 501 usque
798 444 854 487 ad
875 443 1000 493 nihil,
1019 443 1211 484 tractum
1246 451 1272 479 a
1304 436 1467 479 Graeco
1498 435 1608 476 λύειν.

216 519 337 560 Hinc
352 518 519 560 dictum
534 518 675 558 lutum
696 520 812 555 terra
829 512 1008 553 humore
1025 509 1172 552 soluta
1189 521 1200 559 3
1223 510 1265 548 et
1278 504 1500 554 lustratio,
1517 517 1608 558 qua

216 587 324 641 quid
346 587 546 636 solvitur,
568 597 621 626 ac
639 583 845 625 liberatur
863 593 873 621 ε
904 579 976 620 hic
999 582 1045 619 et
1065 575 1191 633 λύτρα
1211 574 1282 614 ἀπὸ
1306 574 1370 621 τῆς
1390 570 1543 622 λύσεως,
1565 571 1610 612 id

217 660 300 704 est,
322 654 543 696 solutione
565 652 683 693 auri:
707 649 827 705 λύτρα
845 648 960 689 enim
980 647 1095 688 libra
1116 649 1201 686 est.

161 722 302 763 Luma
315 727 330 753 ⁷
347 727 361 743 ²
393 733 526 774 genus
554 719 715 768 herbae,
737 717 807 759 vel
826 715 978 770 potius
999 713 1158 768 spinae.

164 790 397 842 Lumbago
411 793 427 810 ³
455 788 611 829 vitium
631 789 674 828 et
696 783 907 826 debilitas
928 782 1189 824 lumborum.

763 915 898 928 eeeeeee

902 913 999 926 ooooo

202 1012 220 1039 5
246 1009 299 1039 Al.
322 1006 503 1046 λύζειν.-6
532 1006 587 1038 ΑΙ.
606 1007 774 1042 Lucunter,
797 1006 975 1039 Lucentem,
1000 1001 1181 1033 Lacunrem.
1226 996 1314 1028 Vide
1340 995 1462 1028 inst—7
1490 994 1499 1012 ‘
1517 994 1610 1026 Male

160 1053 192 1083 iu
219 1051 284 1083 Ms.
305 1051 397 1082 Lima
415 1051 468 1081 vel
483 1049 587 1081 Lina!
611 1051 698 1081 Dae.

811 1147 957 1181 NOTAE

203 1241 211 1259 ²
234 1239 360 1276 Luctus,
374 1242 403 1269 et
419 1239 539 1279 lugere]
562 1239 654 1278 Lege
671 1237 779 1269 λυπεῖν
806 1236 859 1267 vel

158 1288 270 1329 λύζειν.
287 1287 375 1329 Λύζω
388 1294 452 1325 est,
467 1288 637 1328 singultim
669 1288 736 1319 Sed
753 1286 860 1327 magis

159 1342 275 1381 placet
295 1350 313 1371 a
333 1340 460 1371 λυπεῖνε
489 1351 512 1369 π
528 1338 627 1371 facile
650 1343 802 1370 mutatur
824 1338 858 1368 in

157 1401 191 1429 γ.
216 1391 313 1421 Idem.

201 1445 215 1460 ²¹
238 1439 445 1480 Luculentus]
471 1440 499 1471 A
514 1441 591 1480 luce,
614 1440 796 1479 luculentus,
821 1442 858 1470 ut

159 1501 178 1522 a
212 1490 330 1530 ‘luto,'
360 1491 596 1522 ‘lutulentus.'
648 1490 857 1522 Luculentus

157 1541 322 1580 caminus,
349 1541 406 1582 qui
443 1542 517 1573 luce
549 1542 669 1583 plenus
708 1545 774 1580 est,
802 1540 857 1581 qui

157 1592 328 1634 splendet.
362 1593 486 1625 Horat.
502 1596 510 1611 ‘
523 1593 729 1626 Jamdudum
746 1593 857 1633 splen-

157 1645 216 1675 det
232 1644 349 1677 focus.'
395 1643 464 1675 Sed
486 1653 548 1685 per
563 1643 800 1684 metaphoram
816 1640 859 1672 ad

158 1695 222 1726 alia
248 1696 472 1728 transfertur:
502 1695 551 1725 sic
569 1694 762 1724 ‘luculenta
786 1702 858 1724 ora-

158 1746 228 1786 tio,'
245 1747 443 1778 ‘luculenta
458 1744 632 1786 auspicia‚'
652 1744 686 1775 id
704 1749 767 1783 est,
783 1753 858 1784 per-

158 1797 290 1837 spicua,
312 1798 442 1837 pulcra,
463 1796 563 1827 bona.
608 1795 663 1826 Sic
686 1794 857 1826 ‘luculen-

158 1852 227 1878 tum
246 1847 435 1887 praedinm‚‘
452 1847 540 1878 dixit
556 1846 671 1876 Plaut.
697 1845 794 1876 Idem.

201 1902 216 1917 x
243 1897 435 1937 Lucuntere]
460 1896 751 1938 Lege,Lucunter‚
766 1894 855 1936 quod

159 1948 319 1979 Graecum
349 1954 414 1988 est,
444 1946 626 1987 λευκαντὴρ,
665 1946 707 1978 al)
744 1955 855 1986 asper-

158 1999 250 2030 sione
267 1998 401 2039 farinae,
416 2009 489 2040 quae
505 1999 581 2030 alba
597 2003 660 2029 est.
704 1997 857 2036 Dicitur,

159 2054 194 2080 et
219 2050 339 2088 Iucuns,
376 2050 519 2081 lucuntis.
567 2050 674 2079 Varro
704 2049 858 2089 περι-πλῷ,

155 2099 225 2139 περὶ
239 2099 450 2139 φιλοσοφίας;
475 2100 545 2131 ‘Ac
567 2099 660 2130 nulla
676 2098 859 2138 ambrosia,

158 2161 198 2182 ac
227 2157 358 2190 nectar,
387 2161 452 2182 non
481 2151 559 2189 alia,
590 2149 710 2185 sardae,
742 2149 859 2188 Panis,

158 2210 303 2242 pemma,
319 2202 450 2240 lucuns,
467 2201 558 2233 cibu’
587 2201 643 2242 qui
667 2200 859 2241 purissimu’

159 2252 265 2283 multo
296 2252 374 2283 est.'
427 2252 523 2283 Idem
569 2250 753 2292 σκιαμαχίᾳ,
791 2250 858 2291 περὶ

159 2302 278 2343 τύφουε
314 2304 475 2343 ‘Vinium
500 2314 642 2344 pemma,
670 2304 790 2334 lucuns
812 2302 860 2333 illi

158 2354 239 2385 nihil
256 2354 320 2384 ista
336 2353 554 2385 ministrant?
571 2353 624 2384 Ab
641 2364 681 2386 eo
698 2354 858 2393 ὑποκορισ-

160 2403 258 2444 τικὸν,
283 2402 496 2433 lucunculus.
531 2402 678 2442 Glossae,
702 2404 858 2434 ‘Lucun-

160 2456 270 2494 culus,
284 2452 477 2492 τηγανίτης.’
521 2452 680 2484 Afranius
691 2454 833 2484 Fratriis
849 2464 856 2484 :

158 2505 306 2536 ‘Pistori
326 2513 415 2534 non:
450 2507 485 2533 at
508 2512 568 2534 cur
595 2513 662 2534 nou
691 2503 858 2535 scriblita-

159 2556 231 2587 rio?
266 2555 313 2586 Ut
330 2555 450 2585 mittat
466 2552 581 2583 fratris
603 2552 672 2583 filio
697 2553 855 2584 lucuncu-

161 2604 231 2636 los?
276 2605 334 2635 Ita
349 2604 437 2635 enim
458 2602 637 2643 legendnm
652 2602 685 2632 in
703 2602 857 2633 Afrani0·

161 2655 390 2686 Tertullianus
416 2653 500 2684 libro
539 2652 582 2684 de
624 2653 856 2693 Spectaculis:

912 1232 1016 1265 nato.'
1040 1234 1145 1274 Lege,
1171 1233 1208 1263 de
1233 1230 1403 1263 lucunculo.
1448 1228 1613 1269 Apuleius

911 1286 999 1317 libro
1031 1294 1068 1316 x.
1098 1284 1141 1315 de
1169 1283 1295 1324 pistore
1319 1281 1506 1313 dulciario:
1537 1280 1615 1312 ‘hic

912 1343 1027 1377 pane-³⁵,
1055 1334 1229 1373 crustula,
1249 1333 1458 1369 lucunculos,
1487 1331 1616 1369 hamos,

910 1386 1106 1422 laterculos,
1124 1385 1222 1426 plura
1237 1384 1441 1415 scitamenta
1463 1380 1618 1413 mellita!

910 1439 980 1470 Jos.
1011 1438 1096 1469 Scal.
1158 1436 1287 1467 Verum
1315 1434 1357 1465 de
1394 1434 1530 1475 Etyma,
1556 1432 1616 1464 ob-

911 1494 992 1525 stat,
1010 1488 1099 1530 quod
1124 1488 1232 1528 prima
1256 1486 1289 1517 in
1306 1486 1446 1516 lucunter
1462 1488 1497 1515 et
1512 1484 1618 1515 lucum

911 1540 1022 1572 brevis
1041 1543 1106 1577 est,
1119 1548 1194 1580 quae
1206 1536 1467 1578 produceretur,
1480 1534 1508 1565 si
1524 1537 1616 1565 esset

915 1601 934 1622 a
956 1588 1142 1629 λευκαντῆρ.
1190 1588 1307 1620 Quare
1334 1585 1470 1617 omnino
1498 1592 1615 1614 verum

913 1646 973 1672 est,
996 1642 1140 1671 lztcunter
1169 1647 1242 1669 esse
1272 1647 1291 1668 a
1318 1634 1497 1675 ’γλυκαντὴρ
1525 1637 1562 1664 ut
1598 1643 1617 1664 a

913 1690 1043 1731 χλαῖνα,
1058 1691 1158 1721 laena.
1206 1688 1236 1720 A
1254 1686 1347 1727 Ὑλὰξ,
1363 1684 1515 1726 γλακτὸς,
1541 1684 1615 1715 lac:

913 1742 961 1773 sic
976 1740 1166 1780 Ὑλυκαντὴρ,
1180 1740 1347 1777 lucanter,
1364 1738 1540 1768 lucunter:
1567 1734 1616 1765 sie

911 1791 1057 1831 ’γλυκόεις
1071 1791 1219 1830 Ὑλυκοῦς,
1235 1789 1388 1830 glucuns,
1409 1791 1448 1817 ut
1469 1782 1617 1816 πλακόεις

910 1844 1059 1882 πλακοῦς,
1075 1841 1192 1882 τυρόεις
1212 1839 1332 1879 τυροῦς,
1350 1835 1618 1875 subintelligitur

912 1892 1015 1933 ἄρτος,
1032 1893 1138 1933 panis.
1180 1889 1360 1922 Salmasius
1384 1885 1474 1928 apud
1491 1886 1614 1917 AElium

911 1943 1152 1984 Lampridium.
1190 1942 1272 1972 Dae.

953 1999 967 2021 Y
990 1992 1086 2033 Lues]
1118 1992 1274 2030 Morbus,
1296 2000 1315 2021 a
1341 1989 1462 2028 luendo,
1488 1986 1520 2018 id
1552 1991 1617 2026 est,

912 2045 1086 2079 solvendo,
1102 2044 1179 2086 quia
1202 2052 1242 2074 eo
1267 2042 1443 2073 solvuntur
1459 2046 1615 2078 corpora.

914 2096 1013 2128 Idem.

955 2153 967 2168 ²
990 2144 1106 2187 Luma]
1131 2143 1359 2178 Glossarium:
1396 2139 1535 2173 ‘Luma‚
1561 2139 1616 2172 βο-

913 2197 991 2236 τάνη
1008 2197 1097 2236 ὁμοία
1116 2195 1268 2234 ἦδυόσμῳ,
1282 2192 1320 2230 ἥν
1334 2202 1417 2222 τινες
1430 2186 1617 2228 umalama-

911 2261 989 2280 τονα
1003 2248 1161 2288 καλοῦσιν,
1184 2245 1279 2277 ἄλλοι
1293 2240 1493 2281 καλαμίνθην.
1529 2240 1615 2271 Quae

915 2300 1028 2332 omnia
1043 2299 1129 2330 falsa
1144 2301 1234 2328 sunt.
1273 2295 1396 2334 Neque
1411 2291 1499 2322 enim
1515 2290 1615 2321 Luma

913 2356 966 2381 est
983 2349 1098 2385 herba,
1114 2347 1172 2378 sed
1198 2346 1315 2387 spina:
1353 2342 1441 2373 unde
1472 2341 1480 2357 ‘
1495 2341 1614 2372 Falces

913 2401 1077 2434 lumariae’
1100 2399 1268 2431 Varroni:
1293 2405 1402 2437 neque
1417 2394 1531 2425 similis
1548 2394 1615 2424 Po-

914 2451 1129 2493 tamogitoni,
1156 2458 1267 2490 neque
1292 2445 1534 2486 Potamogiton
1551 2444 1615 2477 Ca·-

912 2502 1097 2535 laminthae.
1120 2502 1190 2531 Jos.
1209 2499 1293 2530 Scal.

957 2558 971 2573 ³
995 2550 1171 2590 Lumbago]
1222 2549 1338 2580 Gloss.

916 2602 1024 2643 ἰσχίων
1040 2598 1220 2639 νοσήματα,’
1242 2599 1250 2616 ‘
1264 2597 1468 2629 Lumborum
1485 2595 1617 2628 morbi.’

916 2654 972 2684 Ita
988 2653 1076 2684 enim
1095 2650 1257 2691 legendus
1273 2649 1326 2679 hic
1343 2649 1456 2679 locus:
1485 2656 1564 2688 non,
1577 2651 1615 2679 ut

1404 2550 1412 2564 ¹
1428 2546 1614 2587 Lumbago,

849 2722 858 2729 ·
916 2703 1114 2742 Vulcanius,
1127 2701 1238 2740 ἵσχυος
1251 2698 1387 2738 ἅμματα.
1405 2698 1486 2729 Dae.
