1835 2906
151 117 234 158 300

608 128 754 158 SEXTI
792 129 993 158 POMPEH
1030 129 1164 159 FEST!

154 221 358 273 Hallus,d
387 222 534 276 pollex
564 223 688 276 pedis
718 224 935 265 scandens
966 237 1095 278 super
1113 225 1377 277 proximum,
1399 226 1543 268 dictus
1565 241 1591 268 a

210 290 428 331 saliendo:
459 303 558 330 nam
578 290 746 343 ἅλλομαι
771 290 942 341 Graece,
966 291 1120 332 Latine
1140 292 1358 345 significat
1377 293 1508 335 salio.

155 357 305 397 Hamo
322 363 335 378 Ε
366 358 713 410 cognominatus,
733 360 837 413 quia
855 360 898 400 in
914 372 1044 400 arena
1058 365 1236 413 putatur
1257 361 1473 411 inventus,
1493 375 1591 415 quae

210 423 368 465 Graece
389 425 474 465 hoc
507 426 676 466 nomine
695 424 819 478 ἅμμος
842 427 1107 480 appellatur,
1131 428 1203 467 cui
1226 440 1393 469 cornua
1413 427 1593 481 affigun-

210 496 280 531 tur
300 492 462 541 arietis,
484 505 510 533 a
531 506 686 546 genere
708 494 885 546 pecoris
907 494 1016 534 inter
1035 494 1152 548 quod
1173 495 1372 536 inventus
1389 500 1468 536 est.

155 558 506 600 Hamotrahones
522 558 534 581 f
562 560 637 601 alii
664 561 922 614 piscatores,
946 562 1023 602 alii
1039 563 1114 617 qui
1136 575 1248 604 unco
1274 562 1488 604 cadavera
1508 566 1596 603 tra-

210 627 333 666 hune

156 693 377 744 Hanula,g
409 707 545 748 parva
565 694 757 744 delubra,
780 695 911 748 quasi
931 694 1096 735 fanula.

155 761 355 813 Haruiga
372 767 386 783 ²
400 761 414 783 *¹
452 762 676 803 dicebatur
693 762 850 812 hostia,
874 762 998 816 cujus
1019 762 1283 805 adhaerentia
1304 762 1597 816 inspicieban-

211 832 280 868 tur
302 834 420 869 exta.

757 894 994 913 ‘O‘OOIOQ‘NO

197 960 216 987 2
240 957 461 990 Scribendum
479 963 578 1000 putat
593 960 680 991 Scal.
698 962 833 1001 Aringa.
859 961 946 993 Vide
962 960 1022 992 inf.

805 1069 946 1101 NOTAE

155 1128 177 1158 ii
195 1128 408 1169 dicebantur,
425 1131 480 1171 qui
497 1141 566 1171 eOS,
588 1132 677 1173 apud
699 1143 781 1174 quos
803 1134 851 1164 sal

155 1180 325 1219 privatum
351 1187 468 1212 contra
492 1183 582 1222 leges
607 1188 777 1224 repertum
802 1183 851 1214 fu-

156 1234 243 1268 erat,
261 1229 475 1270 deferebant,
496 1238 532 1264 ut
549 1234 781 1274 sycophantae,
797 1235 853 1275 qui

155 1288 224 1318 eos,
239 1280 326 1320 apud
343 1290 424 1321 quos
444 1281 539 1313 ficus.
588 1283 675 1314 Nam
693 1284 781 1325 quod
797 1285 853 1315 bo-

156 1329 280 1370 dieque
296 1331 384 1371 apud
404 1341 462 1362 nos
479 1332 550 1363 fieri
563 1332 727 1374 videmus,
740 1340 776 1365 ut
793 1344 850 1365 ne-

156 1380 237 1411 mini
262 1391 280 1412 e
303 1383 403 1412 certis
422 1383 620 1423 quibusdam
638 1384 719 1415 locis
735 1385 766 1415 in
784 1385 852 1416 alia

156 1430 203 1460 sai
221 1430 354 1461 auferre
368 1432 495 1463 licitum
509 1433 608 1472 sit‚id
623 1435 699 1464 olim
713 1440 747 1465 et
761 1435 852 1475 apud

157 1479 299 1510 Graecos
317 1480 527 1513 observatum
544 1481 648 1513 fnisse
666 1485 717 1514 vel
735 1485 852 1515 unicus

156 1529 396 1570 Aristophanis
428 1532 519 1562 locus
550 1532 649 1563 fidem
681 1532 786 1564 faciet
812 1544 855 1565 ex

156 1578 307 1613 Acharn.
325 1589 364 1611 11.
382 1585 412 1611 5.
436 1581 527 1611 Ἀλλ’
543 1581 685 1622 ἀνδράρια
699 1584 854 1624 μοχθηρὰ,

155 1630 421 1671 παρακεκομμένα,
426 1630 549 1670 ''A-rina,
558 1632 607 1662 καὶ
619 1631 796 1673 παράσημα,
805 1634 855 1664 καὶ

156 1679 321 1719 παράξενα,
342 1681 567 1722 Ἐσυκοφάντει
610 1683 778 1723 Μεγαρέων
814 1684 855 1715 τὰ

157 1729 340 1770 χλανίσκια,
352 1732 410 1762 Κεῖ
418 1744 476 1762 που
489 1731 595 1763 σίκυον
605 1733 711 1773 ἴδοιεν,
722 1734 742 1771 ἢ
753 1734 856 1774 λαγώ-

158 1781 278 1819 διον,“Η
292 1783 452 1822 χοιρίδιον,
469 1785 488 1820 ἢ
503 1785 661 1825 σκόροδον,
677 1786 696 1823 ἢ
709 1786 858 1828 χόνδρους

158 1831 246 1869 ἁλὸς,
258 1833 349 1863 Ταῦτ’
365 1833 404 1870 ἧν
419 1835 588 1875 Μεγαρικὰ,
605 1836 775 1878 κάπέπρατ’
787 1838 856 1869 αὐθ-

158 1881 281 1921 ημερόν.
323 1885 332 1901 ‘
349 1885 413 1915 Sed
441 1885 681 1917 homunciones
710 1887 858 1927 pessimi,

159 1937 250 1964 notae
269 1935 435 1975 pessimae,
451 1935 663 1976 Inbonorati,
685 1938 773 1968 male
795 1938 859 1978 sig-

160 1985 244 2023 nati,
260 1985 436 2025 ignobiles,
451 1986 561 2025 Falso,
575 1993 776 2018 accusarunt
787 1988 859 2019 Me-

161 2036 350 2075 garensium
381 2037 533 2077 penulas,
562 2038 607 2069 Et
631 2038 739 2069 sicubi
768 2038 859 2070 vide-

162 2086 244 2117 bant
273 2096 501 2128 cucumerem,
545 2089 598 2119 vel
636 2089 859 2130 lepusculum,

160 2136 226 2166 Vel
243 2138 432 2176 porculum,
455 2139 507 2169 vei
530 2139 655 2179 allium,
681 2144 739 2171 aut
758 2140 859 2170 etiam

160 2187 280 2219 micam
299 2189 387 2229 salis,
405 2190 530 2221 Omnia
553 2195 652 2222 erant
672 2191 859 2231 Megarica,

163 2244 196 2269 et
212 2240 447 2271 vendebantur
463 2241 582 2272 eodem
600 2240 677 2274 die.y
701 2242 784 2273 Duc.

205 2289 218 2309 ‘¹
243 2291 375 2331 Hallus]
399 2292 488 2323 Vide
504 2293 514 2310 ‘
528 2291 652 2324 Allex.‘
675 2292 755 2324 Ant.
773 2292 858 2331 Aug.

207 2339 337 2381 Hullus]
363 2342 409 2371 Ut
434 2351 538 2382 supra
563 2341 706 2373 ‘Allus.'
729 2342 745 2372 ὁ
769 2342 861 2372 ποδὸς

162 2388 260 2427 μέγας
276 2389 437 2422 δάκτυλος.
463 2392 610 2424 Glossae.
632 2393 701 2423 Jos.
717 2392 803 2424 Scal.

207 2444 220 2458 ε’
245 2439 363 2478 Hermo]
389 2442 532 2473 Mutilus
558 2452 633 2473 esse
659 2443 860 2474 videturliic

163 2490 270 2528 locus,
293 2490 347 2530 qui
375 2489 487 2521 forsan
505 2492 550 2523 ita
567 2493 778 2533 supplendus
794 2494 837 2524 sit
852 2504 859 2524 :

166 2540 300 2571 Hammo
313 2541 545 2578 cognominatus
559 2547 605 2574 est
619 2544 760 2584 Jupiter,
776 2544 860 2584 quia.

166 2591 256 2622 Nam
272 2590 315 2620 de
331 2590 418 2621 Jove
434 2591 488 2622 hic
505 2594 628 2633 agitur,
650 2604 763 2635 quem,
786 2604 860 2625 cum

167 2641 292 2672 Libero
310 2641 398 2680 patri
415 2651 475 2680 per
503 2643 617 2682 Libyae
642 2643 779 2676 deserta
796 2645 861 2676 iter

167 2699 244 2721 cum
261 2690 413 2721 exercitu
438 2689 587 2731 facienti,
614 2693 736 2733 sitique
754 2695 859 2733 arido,

907 1133 1023 1164 arietis
1040 1132 1181 1164 formam
1198 1131 1344 1168 indutus,
1362 1130 1489 1164 fontem
1515 1132 1602 1174 pede

907 1183 959 1213 vel
973 1193 1077 1214 cornu
1094 1181 1250 1214 effossum
1264 1182 1465 1221 ostenderit,
1478 1182 1520 1213 ab
1533 1192 1605 1214 are·

908 1242 963 1269 na,
987 1242 1061 1273 quae
1083 1232 1205 1264 Graece
1223 1231 1322 1271 ἄμμος
1349 1231 1487 1271 dicitur,
1504 1232 1605 1263 Ham·

908 1293 1025 1314 monem
1038 1283 1313 1323 cognominatum
1327 1287 1362 1314 et
1375 1282 1436 1313 sub
1449 1282 1604 1323 ejusdem

911 1334 1027 1364 arietis
1059 1343 1204 1373 persona
1233 1333 1362 1364 cuitum
1392 1332 1494 1363 fuisse
1525 1331 1605 1373 poe-

910 1389 955 1414 1ae
971 1381 1115 1414 fabulati
1140 1388 1230 1422 suut,
1252 1382 1341 1414 unde
1360 1383 1492 1415 Graecis
1517 1386 1606 1422 Κριο-

909 1435 1084 1476 πρόσωπος,
1101 1436 1302 1466 ‘arietinum
1319 1435 1446 1476 caput?
1477 1435 1606 1466 Latinis

912 1488 921 1503 ‘
938 1486 1116 1526 corniger-,¹
1171 1485 1239 1516 Sed
1267 1495 1380 1516 verum
1395 1489 1448 1516 est
1468 1485 1605 1515 Hammo

910 1547 975 1567 non
993 1547 1010 1567 a
1028 1536 1150 1567 Graeco
1167 1535 1265 1574 ἅμμος
1281 1545 1393 1571 arena,
1416 1535 1473 1566 sed
1492 1535 1534 1565 ab
1551 1534 1607 1565 ΙΕ-

910 1586 1072 1627 gyptiaco
1089 1585 1194 1624 ἆμοῦς,
1221 1590 1258 1616 ut
1276 1585 1474 1616 Herodotus
1490 1590 1525 1616 et
1541 1585 1608 1616 Eu·

908 1637 1010 1667 stath.
1029 1636 1116 1676 apud
1136 1636 1279 1676 Dionys.
1296 1635 1447 1666 tradunt.
1494 1635 1609 1666 Docet

910 1693 1023 1719 autem
1041 1686 1256 1718 doctissimus
1280 1686 1472 1717 Bocbartus
1487 1685 1608 1718 Jovem

912 1748 984 1770 esse
1004 1737 1104 1768 Cham
1118 1736 1189 1767 sive
1204 1736 1301 1775 Ham,
1317 1735 1422 1766 filium
1437 1735 1537 1770 Noae,
1550 1735 1608 1776 qui

912 1790 945 1820 in
972 1788 1106 1819 steriles
1123 1785 1252 1818 Africae
1277 1795 1394 1816 arenas
1418 1785 1609 1825 ablegatum,

914 1839 960 1870 ibi
985 1848 1046 1879 per
1068 1838 1174 1868 multa
1190 1837 1315 1868 saecula
1333 1836 1445 1867 cultus
1468 1840 1521 1866 est
1548 1834 1608 1865 sub

916 1889 1049 1920 nomine
1084 1887 1181 1919 Jovis
1214 1886 1301 1917 Ham
1327 1895 1387 1917 seu
1409 1885 1607 1917 Hammonis.

915 1939 1078 1980 AEgyptii‚
1096 1938 1226 1970 mollito
1251 1947 1333 1969 sono
1348 1937 1462 1969 densae
1485 1937 1611 1978 aspira-

915 1991 1029 2030 tionis,
1044 1989 1162 2028 ἀμμοῦν
1185 1989 1237 2020 vel
1259 1988 1354 2027 ἆμοῦν
1377 1987 1549 2022 dicebant,
1574 1992 1610 2018 et

915 2040 956 2072 ab
975 2050 1015 2071 eo
1034 2045 1104 2071 tota
1113 2038 1228 2071 Africa
1238 2038 1402 2070 Ammonia
1415 2038 1492 2068 oiim
1506 2037 1610 2068 nomi-

915 2097 1017 2130 nata3
1049 2096 1087 2122 ut
1112 2100 1155 2127 ex
1172 2089 1369 2121 Alexandro
1396 2087 1610 2129 Poiyhistore

915 2146 1062 2173 testatur
1079 2141 1285 2180 Stephanus.
1308 2140 1389 2171 Duc.

957 2190 968 2212 s
989 2189 1255 2229 Hamotrahones]
1280 2190 1490 2228 Piscatores,
1505 2193 1540 2219 et
1555 2188 1611 2229 qui

916 2252 1003 2274 unco
1016 2241 1112 2283 quasi
1124 2242 1220 2272 hamo
1234 2241 1400 2273 cadavera
1413 2238 1610 2270 trahebant:

914 2293 968 2324 hic
994 2298 1107 2324 autem
1133 2293 1358 2323 Romanorum
1383 2299 1509 2320 morem
1528 2289 1611 2320 allu-

914 2342 978 2381 dit,
991 2341 1079 2383 apud
1097 2351 1179 2382 quos
1197 2340 1429 2372 damnatorum
1446 2340 1612 2370 cadavera

914 2402 1001 2424 unco
1020 2393 1052 2423 in
1067 2392 1250 2423 Gemonias
1266 2391 1316 2423 vei
1330 2391 1363 2422 in
1378 2390 1443 2421 alia
1455 2390 1530 2422 loca
1543 2395 1610 2420 tra·

914 2442 1094 2473 bebantur.
1118 2442 1217 2472 Idem.

958 2499 973 2520 ἕ
991 2493 1134 2533 Honula]
1151 2492 1179 2523 A
1194 2492 1319 2523 Graeco
1330 2490 1412 2526 ναὸν,
1425 2499 1486 2530 per
1501 2493 1611 2520 trans·

915 2544 1113 2583 positionem
1125 2542 1208 2581 ἆνὸν,
1221 2542 1388 2582 digamma
1402 2540 1530 2571 AEoiico
1548 2539 1610 2570 Fa-

915 2593 979 2633 νὸν,
995 2593 1121 2624 fanum.
1169 2592 1254 2624 Inde
1269 2591 1424 2630 furnulum,
1447 2595 1480 2621 et
1500 2590 1610 2630 posito

915 2645 935 2674 Ιι
951 2654 1013 2684 pro
1023 2643 1053 2682 f,
1071 2648 1108 2674 ut
1123 2652 1216 2683 saepe
1233 2641 1321 2682 apud
1340 2641 1497 2676 Veteres,
1513 2639 1608 2670 hanu-

916 2695 988 2725 Ium.
1036 2692 1125 2724 Vide
1143 2690 1299 2724 ¹sanu1n.’
1324 2690 1419 2720 Idem.
