1835 2906
387 151 448 180 nn
480 149 751 180 vnnssonuM
785 145 1193 179 smmch‘rroNE
1228 147 1318 177 mn.
1356 148 1423 178 xr.
1545 138 1636 179 425

246 246 289 286 id
310 246 425 300 quod
447 244 596 286 Graeci
628 244 806 300 μύλικρον
839 243 1082 298 appellant,
1106 242 1182 283 sed
1214 244 1344 285 etiam
1367 248 1511 285 tumor
1534 257 1638 284 ven-

246 314 338 361 tris,
358 313 433 366 qui
465 313 598 354 etiam
633 313 872 366 virginibus
913 311 1026 353 solet
1055 311 1241 360 evenire,
1274 310 1399 364 eujus
1437 311 1636 351 meminit

247 378 458 420 Afranius
498 380 540 419 in
572 380 770 433 virgine:
804 379 957 420 Ferme
987 377 1162 430 virgini,
1198 382 1403 430 tanquam
1440 377 1634 429 gravidae

245 447 430 496 mulieri,
447 447 606 488 crescit
627 452 788 496 uterus,
808 446 1053 487 molucrum
1074 447 1274 493 vocatur,
1289 444 1439 484 transit
1453 444 1545 484 sine
1559 443 1638 484 do·

246 514 429 555 loribus.
488 514 690 555 Cloatius
711 514 847 555 etiam
867 514 910 554 in
937 513 1060 554 libris
1086 524 1326 553 sacrorum.
1387 510 1637 551 Molucrum

246 582 365 622 aiunt
394 594 492 623 esse
521 582 686 634 lignum
707 581 930 634 quoddam
951 579 1227 633 quadratum,
1247 578 1321 619 ubi
1338 578 1416 618 im·
1456 578 1638 631 [PAUL.

246 648 452 689 molatur.
511 647 636 689 Idem
657 648 801 688 AElius
822 647 866 687 in
895 647 1208 701 explanatione
1226 645 1462 686 carminum
1497 644 1642 684 Salia»

247 715 355 755 rium
376 715 531 756 eodem
547 715 721 755 nomine
743 715 960 768 appellari
983 715 1057 763 ait,
1080 714 1197 767 quod
1220 713 1301 754 sub
1321 712 1438 752 mola
1476 711 1639 763 [Fsss'r‚

248 786 536 835 supponatur.

597 780 806 823 Aurelius
831 780 1009 835 Opilius
1031 782 1242 835 appellat,
1265 780 1338 821 ubi
1357 779 1557 820 molatur.

193 847 411 899 Momar,d
433 849 572 890 Siculi
594 849 774 890 stultum
793 853 991 890 vocantx*

191 916 408 967 Momen,'³
436 920 720 958 momentum.
771 916 1029 958 Lucretius:
1054 916 1249 957 Momine
1271 915 1308 955 si
1330 927 1430 968 par·
1461 913 1641 967 [PAUn

248 997 306 1025 vo
336 989 549 1038 possent⁵
580 984 773 1037 impulsa
791 984 970 1026 moveri.

193 1050 394 1092 Monilef
429 1052 593 1092 dictum
634 1056 705 1092 est
738 1055 918 1093 ornatus
958 1051 1201 1100 muliebris,
1231 1050 1404 1104 qualem
1437 1048 1645 1089 habuisse

251 1117 501 1173 Eriphylem
534 1119 698 1160 fabulae
730 1120 898 1160 ferunt:
941 1133 1001 1160 ex
1031 1132 1083 1160 eo
1117 1119 1247 1158 etiam
1280 1117 1412 1170 equis
1440 1127 1647 1169 praepen-

251 1186 357 1227 dens
379 1199 406 1227 a
421 1187 538 1228 collo
554 1190 854 1228 ornamentum
876 1187 1040 1227 monile
1058 1185 1327 1240 appellatur.

196 1252 587 1295 Monimentum⁶³
616 1258 701 1303 est,
743 1253 862 1308 quod
894 1254 1057 1295 mortui
1099 1265 1238 1295 causa
1279 1251 1568 1294 aedificatum:
1599 1252 1642 1290 et

798 1361 938 1375 eeeeeee

941 1361 1040 1374 eeeee

238 1420 255 1447 4
283 1415 333 1447 ΑΙ.
349 1417 579 1457 appeltam—5
604 1417 751 1450 Quidam
767 1417 848 1451 libb.
865 1419 892 1449 si
905 1430 924 1450 α
938 1429 1033 1459 parvo
1046 1419 1255 1459 possunt.—6
1279 1414 1333 1446 At.
1351 1415 1597 1446 Monumentum.

846 1526 993 1559 NOTAE

195 1600 279 1620 crum
288 1594 425 1630 vocatur,
437 1593 551 1622 transit
561 1591 626 1622 sine
637 1591 801 1622 doloribus.
812 1591 899 1623 Dae.

238 1641 252 1660 d
276 1642 416 1682 Momar]
433 1642 545 1673 Sicula
561 1652 638 1681 vox,
652 1647 689 1672 ut
705 1642 807 1672 etiam
825 1642 898 1682 ipse

196 1695 304 1722 notat.
318 1693 434 1731 Μῶμαρ
450 1692 632 1732 significat,
643 1691 766 1732 μέμψιν,
777 1690 899 1732 αἶσχος.

196 1741 346 1773 Isidorus
360 1743 391 1773 in
409 1743 560 1776 Glossis:
578 1746 587 1762 ‘
599 1744 743 1780 Momar,
756 1744 900 1779 Siculus,

196 1793 333 1833 stultus,
361 1794 416 1834 qui
453 1794 521 1825 cito
552 1799 708 1825 movetur
735 1793 776 1824 ad
809 1797 901 1826 rem.’

199 1844 362 1874 Plautus:
400 1844 507 1877 ‘Quid
526 1850 574 1885 tu,
590 1855 609 1876 ο
624 1854 766 1884 momar,
787 1844 898 1875 Sicule

198 1893 308 1929 homo,
337 1894 551 1935 praesumis?
583 1895 651 1925 Ubi
682 1903 747 1925 non
765 1899 898 1925 tantum

197 1952 339 1983 momar,
370 1944 429 1976 sed
460 1948 496 1976 et
524 1945 670 1980 Siculus,
689 1953 750 1985 pro
773 1945 898 1977 Stulto-

198 1994 268 2024 Jos.
293 1993 376 2025 Scal.

241 2044 382 2086 Momar]
422 2044 573 2086 Hesych.
615 2046 734 2085 μῶμαρ,
776 2044 899 2085 μέμψις,

199 2089 321 2134 αἶσχός,
337 2094 461 2135 ὄνειδος,
477 2095 488 2112 ‘
503 2096 650 2134 Momar,
665 2095 900 2136 opprobrium,

198 2145 359 2187 dedecus,
374 2146 524 2177 crimen.'
570 2146 695 2177 Isidor.
727 2146 759 2176 in
791 2145 906 2176 Gloss.

198 2194 365 2233 ‘muman
395 2197 539 2231 Siculus,
566 2198 700 2232 stultns,
743 2196 800 2237 qui
835 2196 904 2227 cito

200 2252 356 2278 movetur
378 2247 420 2278 ad
447 2248 542 2278 iram.
566 2247 681 2278 Plaut.
728 2246 821 2279 Quid
856 2252 906 2279 tn,

200 2307 220 2328 ο
246 2297 390 2332 Momar,
425 2298 538 2329 Sicule
566 2299 675 2336 homo,
698 2291 909 2338 praesumis?'

200 2346 299 2378 Idem
316 2347 398 2378 ibid.
422 2351 430 2364 ¹
446 2348 663 2382 Marsiculus,
681 2348 737 2388 qui
754 2347 823 2378 cito
838 2356 907 2377 mo·

203 2401 302 2427 vetur
319 2396 360 2427 ad
376 2397 469 2428 iram.
488 2397 600 2427 Plaut.
625 2397 716 2429 Quid
734 2396 794 2437 ais,
808 2396 907 2427 homo

203 2445 421 2477 marsicnle?
466 2446 552 2478 Quae
582 2447 699 2486 procul
731 2446 834 2477 dubio
859 2447 907 2477 ita

203 2496 438 2527 emendanda:
462 2505 591 2534 momar,
615 2496 749 2531 Siculus,
771 2496 823 2535 qui
846 2497 907 2527 cito

203 2550 341 2577 movetur
367 2548 406 2577 acl
430 2547 520 2577 iram.
552 2546 662 2576 Plani.
701 2546 786 2580 Quid
816 2550 863 2582 lu,
890 2557 907 2576 ο

204 2606 333 2635 momar,
348 2597 435 2628 homo
457 2594 588 2627 Sicule?
637 2596 724 2626 Haec
740 2595 818 2627 inde
835 2606 906 2627 cor-

206 2647 374 2687 ruptelam
387 2651 537 2686 traxere,
553 2645 642 2687 quod
660 2647 693 2677 in
708 2647 717 2664 ‘
729 2647 827 2677 homo
842 2656 911 2677 rno-

207 2705 279 2729 mar
306 2697 432 2729 sicule'
464 2707 512 2729 mo
543 2697 633 2737 prior
660 2697 791 2737 syllaba
821 2698 910 2730 vocis

952 1599 1160 1622 momarcum
1175 1599 1222 1620 mo
1243 1585 1424 1629 posteriori
1449 1583 1543 1615 vocis
1565 1582 1653 1613 homo

953 1642 1092 1678 coaluit,
1109 1646 1143 1672 et
1168 1649 1267 1671 unam
1291 1643 1423 1669 tantum
1440 1634 1568 1667 effecit.
1612 1633 1654 1664 In

954 1702 1053 1724 versu
1072 1691 1185 1723 Plauti
1204 1700 1269 1721 nou
1296 1694 1428 1720 tantum
1447 1695 1577 1726 momar,
1592 1684 1651 1715 sed

955 1748 989 1775 et
1003 1744 1116 1774 siculus
1133 1752 1193 1783 pro
1209 1742 1316 1772 stulto.
1342 1739 1425 1770 Dac-

996 1799 1008 1814 θ
1024 1793 1165 1833 Momen]
1183 1791 1212 1822 A
1226 1790 1345 1830 supino
1357 1793 1496 1827 motum,
1511 1794 1658 1824 momen,

953 1848 1173 1875 momentum.
1218 1841 1355 1879 Moveo,
1384 1837 1564 1874 movimw,
1589 1845 1659 1866 mo-

953 1903 1041 1925 men.
1059 1892 1106 1923 Ut
1117 1902 1136 1922 a
1148 1892 1157 1908 ‘
1168 1889 1291 1929 luceo,’
1302 1885 1484 1923 ‘lucimen,'
1496 1890 1504 1904 ¹
1516 1886 1629 1917 lumen
1640 1883 1662 1923 ς’

953 1954 972 1974 a
987 1944 996 1960 ‘
1010 1942 1122 1984 pono‚'
1151 1947 1159 1960 ‘
1174 1939 1352 1983 ponimen‚’
1381 1943 1389 1957 ¹
1403 1936 1551 1980 pomen‚’
1568 1935 1657 1968 unde

955 1994 963 2010 ‘
976 1991 1196 2034 pomentum‚’
1212 1994 1276 2022 &c.
1301 1990 1400 2020 Idem.

999 2043 1010 2063 s
1030 2042 1166 2082 Monile]
1191 2042 1439 2073 Ornamentum
1465 2048 1507 2069 ex
1525 2047 1607 2069 auro
1624 2042 1661 2068 et

957 2094 1107 2135 gemmis,
1138 2092 1227 2134 quod
1270 2100 1313 2122 ex
1352 2089 1529 2120 mulierum
1571 2086 1659 2118 collo

958 2145 1097 2186 pendet,
1129 2143 1228 2184 quale
1270 2139 1452 2180 Polynices
1485 2137 1658 2177 Eriphylae

959 2195 1156 2236 Amphiarai
1181 2192 1277 2224 uxori
1304 2191 1411 2230 dedit,
1435 2193 1472 2220 ut
1499 2187 1660 2228 Amphia-

959 2256 1051 2277 raum
1070 2244 1111 2275 ad
1137 2243 1261 2274 bellum
1289 2238 1532 2280 capessendum
1560 2245 1661 2277 coge-

959 2300 1022 2325 ret.
1048 2293 1208 2334 Apollod.
1223 2292 1282 2323 lib.
1298 2300 1353 2322 ιιι.
1378 2290 1478 2321 Idem.

1003 2350 1018 2372 g
1042 2342 1284 2381 Munimentum]
1318 2340 1382 2371 Vel
1424 2341 1664 2377 monumentum,

961 2401 999 2427 ut
1050 2396 1195 2425 Veteres
1249 2390 1457 2425 scribebant,
1501 2388 1664 2430 quiequid

962 2445 1127 2485 scripturn
1145 2444 1196 2474 vel
1214 2442 1342 2474 factum
1364 2440 1535 2472 memoriae
1552 2449 1666 2476 causa,

962 2501 998 2527 et
1029 2494 1165 2535 proprie
1194 2494 1226 2524 in
1262 2491 1502 2523 defunctorum
1539 2499 1665 2521 memo—

962 2546 1058 2579 riam,
1074 2544 1144 2574 sive
1160 2542 1306 2573 cadaver
1334 2542 1520 2579 contineat,
1535 2540 1605 2570 sive
1623 2539 1666 2570 sit

964 2595 1075 2632 inane,
1089 2591 1179 2633 quod
1196 2590 1313 2622 Graeci
1332 2594 1455 2621 vocant
1471 2588 1664 2627 κενοτάφιον.

965 2645 1065 2675 Varr.
1093 2642 1151 2673 lib.
1178 2651 1213 2673 v.
1238 2641 1310 2672 ‘Sic
1340 2640 1560 2678 monimenta,
1589 2648 1664 2679 quae

965 2695 998 2726 in
1015 2692 1191 2734 sepulcris,
1219 2696 1254 2723 et
1277 2690 1354 2723 ideo
1368 2689 1550 2722 secundum
1567 2688 1668 2725 viam„
