1835 2906
189 109 273 151 202

635 122 784 153 SEXTI
819 124 1020 154 POMPEII
1056 124 1193 156 FES'rl

243 216 397 258 curiah
429 216 668 268 dicebatur,
691 219 768 259 ubi
801 223 968 261 tantum
997 220 1108 262 ratio
1138 234 1361 263 sacrorum
1384 223 1625 276 gerebatur.

246 285 392 327 Curiae
413 287 542 328 etiam
564 288 855 338 nominantur,
875 290 918 330 in
947 290 1109 343 quibus
1129 290 1475 345 uniuscujusque
1493 292 1629 345 partis

244 354 403 407 populi
435 353 624 396 Romani
654 356 759 410 quid
791 357 1009 409 geriturz⁷
1041 359 1195 412 quales
1221 361 1325 399 sunt
1351 372 1432 408 eae,
1454 358 1496 398 in
1518 371 1629 412 quas

246 419 465 462 Romulus
497 423 711 476 populum
747 424 970 466 distribuit
1002 438 1182 467 numero
1215 425 1412 478 triginta:
1441 425 1628 481 (quibus

247 493 409 542 postea.
427 488 608 532 additaei
638 494 740 532 ‘sunt
758 492 950 546 quinque
965 491 1027 547 :)⁸
1057 498 1107 534 ut
1126 493 1167 534 in
1197 506 1280 535 sua
1303 493 1488 547 quisque
1510 492 1631 534 curia

792 610 907 622 eeeeee

235 675 252 702 7
278 672 331 704 ΑΙ.
346 675 577 715 (ligeritum-8
600 676 688 708 Vide
707 678 787 709 Not.
804 687 837 719 g,
853 680 917 710 &c.

910 611 1025 623 cccccc

847 787 984 819 NOTAE

192 857 260 888 siut
284 858 340 888 ilia
363 858 487 890 verba:
512 859 618 900 quibus
643 863 747 900 postea
772 862 886 892 addita*

192 912 264 939 sunt
274 909 423 950 quinque:
449 921 522 952 quae
538 911 676 943 fortasse
689 913 787 944 Pauli
799 918 886 944 sunt.

194 959 257 990 His
275 960 392 992 amotis
408 966 523 992 cetera
543 971 622 992 vera
639 968 731 1001 sunt,
747 968 886 1003 praeter-

194 1019 293 1049 quam
319 1010 406 1052 quod
435 1012 476 1043 de
504 1013 692 1044 nominibus
720 1014 886 1045 curiarum

193 1060 333 1099 scribit3
357 1061 446 1102 quod
474 1064 641 1095 nonnullis
668 1063 790 1096 falsum
818 1075 890 1097 esse

194 1111 338 1144 videtur.
354 1112 432 1144 Ant.
449 1115 534 1153 Aug.

241 1163 354 1203 Curia]
379 1163 545 1196 Asconius
573 1165 606 1196 in
628 1166 726 1198 Varr.
744 1176 800 1199 111.
816 1177 891 1198 sen-

195 1213 259 1243 tire
276 1213 409 1245 videtui·
434 1215 542 1247 tribus
560 1222 595 1248 et
619 1218 730 1249 curias
755 1219 890 1250 easdem

195 1273 282 1296 esse.
318 1265 327 1281 ‘
345 1265 491 1305 Tribus,‘
528 1267 651 1308 inquit,
687 1269 697 1285 ‘
724 1270 892 1311 principio

195 1318 265 1345 tres
290 1313 441 1355 fuerunt,
468 1317 544 1348 Tat.
577 1318 674 1351 Ram.
701 1319 784 1352 Luc.
815 1330 891 1361 pos-

196 1368 251 1394 tea
274 1364 317 1395 de
340 1366 529 1398 nominibus
555 1368 752 1400 Sabinarum
778 1371 890 1411 piures

195 1414 297 1446 factae
308 1421 398 1456 sunt,
410 1417 532 1458 quibus
546 1418 809 1460 deprecantibus
822 1422 891 1453 bel-

195 1466 262 1497 lum
281 1472 456 1507 parentum
475 1470 738 1513 maritorumque
759 1471 891 1504 finitum

196 1522 273 1554 θεῖς
297 1517 337 1548 ad
356 1523 560 1559 postremum
576 1530 691 1554 xxxv.
704 1521 805 1554 factae
820 1524 841 1555 :’
858 1529 893 1556 et

196 1566 228 1596 in
252 1567 363 1598 Verri.
390 1578 428 1599 11.
451 1570 461 1587 ‘
477 1570 662 1611 Legitimos
689 1583 804 1606 omnes
830 1576 891 1607 tri-

195 1616 256 1647 bus
274 1616 399 1649 habent
413 1618 577 1652 divisores
591 1632 680 1662 suos,
694 1634 776 1665 quos
790 1624 891 1657 Plau-

198 1672 251 1697 tus
267 1668 443 1708 magistros
460 1670 637 1703 Curiarum
658 1679 757 1706 vocat
774 1676 806 1706 in
824 1676 893 1707 Au-

198 1718 266 1750 lul.'
312 1719 400 1751 Vide
429 1722 583 1754 Verrium
613 1725 702 1765 apud
734 1726 775 1758 A.
802 1727 894 1759 Gen.

197 1768 254 1799 lib.
271 1777 377 1800 xvm.
394 1780 422 1801 c.
441 1774 490 1802 17.
516 1773 572 1804 ubi
597 1776 811 1809 scribendum
830 1784 894 1817 est,

199 1820 298 1852 tribus
318 1832 434 1863 quoque
458 1829 487 1855 et
512 1827 627 1865 curius,
654 1838 716 1868 pro
740 1840 779 1860 eo
807 1831 894 1871 quod

199 1874 252 1901 est
269 1871 300 1900 in
319 1873 476 1913 vulgatis,
491 1876 644 1908 decurias.
670 1879 742 1910 Ful.
759 1881 872 1912 Ursiu.

245 1921 359 1961 Curia]
380 1924 533 1956 Calabra.
559 1926 783 1960 Glossarium:
810 1932 895 1963 ‘Ca·

201 1971 307 2011 labra,
333 1973 444 2013 ἱππ-ὼν,
475 1976 609 2013 βουλή;’
631 1988 711 2010 sane
734 1980 798 2012 hoc
823 1991 896 2013 ver-

200 2022 244 2053 bo
267 2022 386 2054 ἱππῶνα
409 2025 592 2066 significari
623 2038 792 2071 nunquam
819 2033 897 2073 legi.

200 2073 312 2113 Supra
338 2076 526 2107 monuimus
559 2078 665 2119 inepti
695 2082 895 2114 mutilatoris

201 2124 304 2155 verba
332 2135 418 2161 esse,
441 2127 551 2166 quibus
576 2132 681 2168 postea
706 2134 779 2162 sune
807 2133 894 2163 addi-

201 2178 242 2204 tae
274 2176 415 2216 quinque.
474 2178 538 2210 Illa
567 2189 648 2211 vero
681 2183 781 2213 etiam
806 2193 897 2214 men—

202 2226 320 2257 dosum
361 2228 534 2261 tinniunt:
583 2232 706 2263 nomina
741 2234 898 2266 curiarum

202 2276 368 2315 virginum.
419 2279 614 2318 Legendum
639 2283 727 2313 enim
755 2284 897 2324 Curium,

204 2332 263 2358 aut
280 2328 442 2359 Curetium
458 2330 638 2369 Virginum:
656 2333 721 2372 vel,
738 2334 765 2364 si
781 2335 898 2376 mavis,

208 2377 414 2409 Curiensium.
458 2380 656 2413 Sabinarum
687 2384 775 2415 enirn
799 2385 899 2427 virgi-

204 2435 283 2457 num
318 2429 452 2460 nomina
488 2431 644 2473 imposita
681 2434 799 2466 Curiis.
828 2437 898 2468 Jos.

204 2476 287 2508 Scal.

251 2527 362 2567 Curia]
384 2528 504 2560 Tribus
529 2532 635 2563 modis
659 2534 830 2575 accipitur
849 2547 899 2567 cu·

206 2578 265 2608 riu.
308 2579 371 2609 Sed
396 2589 438 2609 ex
461 2581 578 2612 eadem
604 2593 737 2625 semper
760 2587 899 2626 origine,

207 2638 328 2670 nempe
344 2640 362 2660 a
381 2640 465 2661 cura.
513 2633 640 2673 Primo,
657 2645 718 2675 pro
744 2637 819 2668 loco
842 2638 899 2668 ubi

209 2684 344 2711 senatus
369 2681 535 2713 consedit.
582 2684 688 2716 Varro
712 2686 769 2719 lib.
796 2697 835 2719 11.
858 2688 899 2719 de

942 863 1012 894 vita
1034 872 1111 903 pop.
1131 864 1170 894 R.
1194 867 1203 880 ⁴
1222 863 1343 903 Itaque
1359 865 1499 903 propter
1517 871 1633 894 curam

941 913 1032 944 locus
1055 923 1201 954 quoque,
1217 923 1284 954 quo
1303 922 1397 943 suam
1421 912 1562 953 quisque
1585 922 1636 943 se-

941 968 1038 994 nator
1052 962 1196 1002 confert,
1211 963 1337 994 curiam
1361 960 1535 1002 appellat.y
1577 962 1634 993 Se·

941 1014 1064 1052 cundo,
1080 1023 1154 1055 quae
1171 1019 1206 1045 et
1223 1013 1330 1054 prima
1345 1013 1437 1044 vocis
1452 1013 1560 1053 origo,
1574 1022 1635 1053 pro

939 1063 1014 1095 loco
1039 1064 1096 1095 ubi
1127 1064 1320 1095 sacerdotes
1345 1063 1505 1104 cujusque
1533 1062 1636 1093 curiae

942 1122 994 1144 res
1025 1113 1156 1144 divinas
1189 1118 1406 1153 peragerent,
1437 1118 1474 1143 ut
1503 1111 1635 1143 ‘curiae

942 1164 1097 1197 veteres!
1120 1164 1276 1205 Denique
1287 1173 1347 1204 pro
1359 1162 1529 1203 trigesima
1540 1166 1638 1202 parte

943 1216 1058 1256 populi
1090 1215 1184 1247 Rom.
1216 1216 1272 1255 qui
1298 1215 1330 1244 in
1360 1214 1501 1253 triginta
1527 1213 1637 1245 curias

943 1266 1066 1297 divisus
1081 1265 1156 1297 fuit.
1204 1265 1294 1296 Duas
1317 1264 1447 1305 priores
1470 1262 1640 1305 significa-

943 1318 1053 1349 tiones
1083 1317 1205 1348 Festus
1236 1317 1411 1357 amplexus
1441 1321 1506 1354 est,
1536 1320 1574 1346 ut
1602 1318 1639 1345 et

944 1369 1041 1399 Varr.
1058 1368 1115 1399 lib.
1133 1377 1183 1398 vr.
1204 1371 1213 1385 ‘
1231 1367 1342 1399 Curiae
1369 1366 1511 1398 duorum
1536 1375 1639 1406 gene-

946 1429 1030 1458 rum,
1045 1429 1121 1450 nam
1139 1425 1174 1450 et
1191 1419 1248 1450 ubi
1272 1423 1432 1450 curarent
1448 1417 1640 1448 sacerdotes

947 1479 1000 1500 res
1025 1469 1165 1509 divinas,
1183 1474 1221 1500 ut
1244 1468 1347 1500 curiae
1365 1474 1509 1507 veteres,
1524 1472 1559 1499 et
1582 1467 1640 1498 ubi

946 1525 1084 1551 senatus
1106 1519 1280 1558 humanas,
1297 1522 1332 1550 ut
1357 1518 1458 1549 Curia
1481 1517 1640 1556 Hostilia,

946 1570 1035 1612 quod
1047 1570 1172 1611 primus
1185 1568 1364 1601 aedificavit
1379 1568 1545 1599 Hostilius
1558 1566 1641 1598 rex.’

948 1621 1047 1661 Apud
1066 1621 1201 1652 Festum
1223 1629 1284 1660 pro
1305 1620 1430 1658 geritur
1453 1617 1586 1659 quidam
1605 1617 1643 1648 li-

948 1672 998 1703 bri
1015 1671 1141 1702 babent
1162 1671 1328 1709 digeritur.
1373 1669 1480 1706 Male,
1497 1674 1535 1699 ut
1550 1667 1641 1698 vide-

950 1726 1015 1758 tur,
1032 1731 1107 1752 nam
1125 1730 1218 1752 sacra
1234 1720 1354 1752 Festus
1376 1719 1550 1759 inteiligit,
1565 1727 1641 1759 quae

949 1773 1090 1814 singulae
1115 1773 1218 1804 curiae
1243 1771 1276 1802 in
1299 1780 1395 1802 sacra
1419 1779 1476 1800 sua
1494 1769 1565 1800 aede
1581 1778 1643 1810 per

949 1823 1142 1855 sacerdotes
1158 1832 1235 1853 suos
1253 1820 1472 1862 peragebant.
1489 1820 1570 1851 Dae.

991 1872 1004 1893 ¹¹
1031 1872 1164 1904 Calabra
1182 1872 1295 1912 Curia]
1322 1870 1374 1901 Ad
1398 1869 1517 1901 collem
1541 1869 1644 1910 Capi·

949 1924 1087 1954 tolinum
1105 1923 1182 1954 sita.
1225 1922 1282 1953 Sic
1296 1921 1387 1952 dicta
1401 1930 1419 1951 a
1432 1921 1570 1959 calando,
1582 1920 1643 1951 boc

947 1979 1009 2012 est,
1032 1975 1177 2005 vocando.
1221 1972 1320 2005 Quod
1345 1973 1516 2003 universus
1541 1980 1645 2011 popu-

951 2025 999 2055 lus
1015 2024 1056 2055 ad
1081 2033 1154 2055 eam
1171 2023 1353 2062 calaretur,
1370 2027 1562 2055 vocaretur,
1577 2021 1645 2050 sin-

948 2076 1032 2115 gulis
1056 2074 1205 2106 calendis
1228 2073 1269 2103 ad
1296 2082 1399 2103 nonas
1423 2076 1458 2102 et
1479 2071 1645 2102 nundinas

948 2124 1160 2157 ediscendas.
1207 2123 1305 2154 Unde
1322 2123 1428 2163 liquet
1444 2122 1529 2154 lianc
1545 2121 1646 2153 fuisse

950 2177 1127 2208 maximam
1165 2174 1307 2213 curiam,
1335 2172 1488 2204 omnibus
1529 2173 1646 2213 populi

949 2227 1053 2258 curiis
1069 2235 1291 2265 communem,
1303 2234 1401 2265 quam
1416 2234 1516 2265 supra
1530 2225 1649 2265 trigin-

953 2285 988 2310 ta
1000 2279 1145 2319 reliquas
1161 2287 1179 2308 a
1194 2276 1335 2308 Romulo
1346 2281 1538 2308 exstructas
1549 2276 1650 2317 Capi-

953 2330 1070 2362 tolium
1096 2329 1184 2360 inter
1203 2333 1238 2358 et
1264 2327 1434 2358 Palatium
1461 2326 1649 2358 aedificasse

955 2382 1101 2413 Numam
1132 2383 1279 2410 testatur
1307 2378 1488 2418 Dionysius
1518 2377 1576 2408 lib.
1606 2386 1647 2408 11.

953 2442 1028 2473 cap.
1043 2434 1075 2462 6.
1100 2430 1195 2461 Idem.

997 2482 1004 2503 ¹
1028 2481 1147 2518 Quibus
1171 2484 1201 2511 et
1225 2481 1332 2519 postea
1351 2476 1483 2517 additae]
1507 2478 1582 2508 Non
1600 2478 1647 2508 vi-

953 2533 1016 2564 ‹leo
1040 2541 1099 2563 cur
1122 2531 1196 2561 liaec
1219 2528 1322 2559 verba
1344 2527 1422 2558 viris
1446 2526 1555 2557 doctis
1578 2537 1647 2558 sus-

954 2589 1053 2624 pecta
1067 2583 1147 2620 sint,
1163 2590 1238 2611 cum
1256 2578 1352 2608 tribus
1367 2581 1400 2607 et
1416 2576 1509 2607 carice
1527 2585 1645 2616 perpe.

955 2640 1011 2666 tuo
1037 2641 1137 2663 unum
1166 2634 1201 2660 et
1227 2628 1314 2659 idem
1340 2626 1477 2664 fuerint,
1495 2626 1584 2656 aliud
1602 2637 1644 2658 ex

955 2685 1018 2716 alio
1031 2680 1213 2715 conflatum
1227 2687 1347 2718 corpus
1367 2677 1505 2708 Romani
1520 2678 1646 2718 populi.
