1835 2906
189 124 272 166 186

631 133 778 165 SExri
797 125 1016 163 ῬοΜΡΕιι
1051 130 1190 161 Fsssrr

190 227 413 271 Convallis
429 233 445 249 ³⁴
475 230 540 268 est
557 227 765 280 planities
788 240 846 268 ex
863 225 979 267 omni
998 227 1119 279 parte
1138 224 1454 278 comprehensa
1472 222 1627 265 monti-

244 297 343 346 bus,
363 295 624 337 collibusve.
668 295 816 336 Vallis
848 294 1020 335 duobus
1050 293 1259 333 lateribus
1284 292 1455 333 inclusa
1486 291 1629 344 plani-

247 364 347 404 ties.

405 361 549 403 Vallis
571 362 884 404 deminutivum
903 359 1128 401 Vallicula
1143 359 1261 400 facit.

191 429 424 472 Conventae
440 434 455 452 2
469 435 487 459 y
517 430 711 471 conditio
728 429 968 476 dicebatur,
987 440 1086 467 cum
1107 427 1271 480 primus
1292 438 1430 466 sermo
1447 424 1502 465 de
1518 436 1628 477 nup-

247 498 338 547 tiis,
359 501 404 538 et
426 509 576 537 earum
597 496 848 536 conditione
870 494 1124 535 habebatur.
1676 486 1680 491 ’

191 565 472 606 Conventus²
502 567 692 616 quatuor
712 561 856 601 modis
876 560 1139 613 intelligitur.
1199 557 1316 605 Un0,
1333 571 1431 599 cum
1450 557 1631 611 quemli-

246 632 320 673 bet
339 630 554 671 hominem
571 630 627 670 ab
645 629 795 682 aliquo
828 631 1092 669 conventum
1113 639 1210 667 esse
1231 617 1417 666 dicimus
1436 639 1447 677 3
1480 624 1631 673 altero,

248 711 346 740 cum
368 697 635 750 significatur
655 695 884 737 multitudo
905 708 961 736 ex
983 695 1284 748 compluribus
1307 692 1534 744 generibus
1556 690 1632 732 ho-

246 767 411 807 minum
436 768 659 805 contracta
687 764 730 804 in
760 775 896 803 unum
924 763 1097 813 locum3
1130 761 1269 809 tertio,
1292 773 1388 800 cum
1415 771 1442 799 a
1474 759 1633 810 magis·

247 833 432 873 tratibus
445 830 605 884 judicii
625 842 765 871 causa
784 828 978 882 populus
1005 830 1310 880 congregatur3
1340 829 1512 878 quarto,
1534 837 1633 864 cum

247 900 441 952 aliquem
461 899 504 938 in
524 898 672 938 locum
692 896 931 949 frequentia
963 895 1185 936 hominum
1203 892 1540 947 supplicationis
1557 894 1634 932 aut

247 966 548 1020 gratulationis
569 977 707 1006 causa
726 963 958 1016 colligitur.

791 1072 929 1085 ccccccc

931 1071 1029 1083 ‘NG‘

234 1146 254 1174 2
281 1140 348 1172 Alii
366 1142 524 1172 Conventa
542 1140 595 1171 vel
613 1139 792 1170 Conventio.
835 1139 926 1170 Scal.
943 1142 978 1170 et
1002 1138 1085 1169 Dae.
1101 1134 1283 1176 legendum
1309 1136 1448 1165 monent
1477 1133 1634 1163 Conventa

195 1185 342 1217 conditio.

841 1245 871 1276 N
879 1242 982 1275 OTAE

194 1312 373 1352 legendnm
424 1311 468 1342 sit
507 1310 659 1348 Gonia-oli,
696 1313 736 1339 ut
773 1317 886 1348 supra.

193 1363 293 1396 Quod
318 1368 353 1392 et
387 1361 459 1401 ipse
490 1359 738 1391 Grammaticus
775 1357 887 1388 decla-

193 1418 258 1450 rat,
274 1421 348 1442 cum
372 1411 454 1441 dicit
475 1411 483 1427 ‘
499 1408 754 1441 conniventibus
772 1409 886 1449 palpe-

192 1462 286 1494 bris.’
309 1463 376 1493 Jos.
394 1461 478 1492 Scnl.

236 1517 251 1531 Χ
278 1511 450 1550 Convallis]
473 1510 502 1542 A
522 1520 577 1541 con
594 1514 629 1541 et
647 1510 750 1540 vallis.
796 1508 888 1539 Male

192 1563 313 1598 Varro,
328 1562 383 1601 qui
402 1563 410 1578 ‘
423 1561 585 1590 convallis
598 1560 605 1571 ’
620 1559 685 1590 dici
703 1563 800 1599 putat
812 1559 820 1574 ‘
834 1568 887 1589 ca·

193 1617 271 1642 vata
288 1610 402 1641 vallis.'
428 1611 508 1641 Dae.

235 1667 248 1688 5
290 1661 472 1700 Conventae]
521 1659 668 1690 Omnino
708 1656 888 1698 legendum

196 1714 354 1743 (fanventa
370 1710 515 1741 conditio.
556 1709 642 1740 Nam
659 1713 693 1739 et
711 1708 743 1738 id
762 1708 890 1748 simpli-

194 1763 281 1793 citer
304 1761 483 1792 dicebatur
511 1760 673 1795 conditio¹
705 1758 793 1789 unde
822 1757 889 1789 for-

194 1812 282 1842 mula
308 1810 461 1850 repudii:
487 1811 496 1826 ‘
514 1810 718 1840 Conditione.
746 1814 803 1839 tua
825 1817 889 1838 non

194 1861 304 1892 utorz’
342 1865 377 1890 et
405 1859 494 1900 quod
523 1859 713 1897 dicebatur,
739 1859 891 1889 ‘Paren-

194 1917 246 1942 tes
264 1911 377 1942 liberis
402 1910 469 1940 suis
488 1909 699 1940 conditiones
717 1907 890 1950 quaerere.’

193 1963 262 1992 Jos.
278 1960 360 1992 Scal-

240 2012 406 2042 Conventae
418 2008 569 2048 conditio]
586 2007 795 2047 Legendum‚
806 2012 842 2038 ut
858 2007 890 2038 in

195 2060 359 2100 margine,
397 2062 544 2089 conventa
590 2058 735 2096 conditio,
762 2067 834 2097 quae
858 2062 892 2087 et

192 2111 328 2142 conditio
359 2110 514 2141 absolute
539 2109 738 2147 dicebatur3
763 2108 794 2139 id
826 2113 892 2147 est,

196 2161 403 2203 conjunctio,
422 2161 473 2191 vel
497 2160 610 2200 pactio
635 2159 840 2199 nuptiarum,
857 2163 893 2189 et

197 2212 453 2252 sponsaliorum.
500 2211 612 2241 l’laut.
638 2209 751 2240 Aulul.
774 2219 831 2240 ιιι.
860 2213 891 2240 5.

196 2263 204 2277 ‘
236 2261 379 2292 Narravi
411 2260 528 2291 amicis
566 2259 681 2290 multis
718 2260 890 2290 consilium

196 2321 308 2343 meum
326 2312 379 2342 De
396 2310 589 2341 conditione
605 2309 693 2341 hac!
724 2309 809 2340 Inde
825 2309 893 2340 for·

196 2363 286 2393 mula
312 2361 462 2400 repudii:
494 2363 503 2377 ‘
522 2360 716 2391 conditione
743 2366 801 2391 tua
826 2369 893 2390 non

197 2411 303 2444 utor:’
327 2416 362 2441 et
394 2411 481 2450 quod
499 2411 687 2450 dicebatur,
710 2410 719 2427 ‘
734 2414 892 2450 parentes

196 2461 312 2493 liberis
350 2461 418 2489 suis
457 2460 667 2491 conditiones
713 2458 891 2500 quaerere?

199 2510 395 2544 Notandum
425 2510 525 2539 etiam
558 2510 691 2540 conditio
725 2509 892 2541 interdum

198 2571 264 2593 nou
290 2561 332 2591 de
355 2560 494 2600 nuptiis,
517 2559 575 2590 sed
594 2560 636 2590 de
652 2561 778 2600 stupris
796 2561 895 2590 intel·

201 2612 271 2651 ligi.
314 2611 454 2641 Sueton.
473 2608 615 2649 August.
640 2619 715 2650 cap.
736 2613 789 2641 69.
824 2609 833 2625 ‘
851 2610 895 2640 Et

201 2661 411 2696 conditiones
450 2661 608 2701 quaesitas
646 2670 705 2701 per
748 2660 893 2692 amicos)

943 1308 1024 1338 Dae.

983 1362 995 1376 2
1021 1356 1210 1396 Conventus]
1236 1355 1312 1386 Hoc
1336 1353 1438 1394 priori
1458 1352 1557 1384 modo
1573 1353 1636 1383 Te-

943 1411 1029 1438 rent.
1050 1407 1179 1446 Hecyr.
1197 1415 1230 1436 v.
1250 1408 1279 1436 l.
1304 1408 1312 1421 ‘
1332 1404 1410 1435 Non
1432 1404 1495 1434 lioe
1517 1402 1560 1433 de
1587 1403 1635 1432 ni-

941 1457 1008 1488 hilo
1036 1456 1123 1498 quod
1149 1457 1277 1487 Laches
1304 1464 1391 1485 nunc
1415 1463 1466 1484 me
1492 1462 1637 1484 conven-

943 1512 1013 1538 tum
1033 1506 1189 1547 expetit.’
1235 1505 1366 1546 Reliqui
1390 1510 1458 1535 tres
1483 1504 1571 1534 modi
1589 1513 1639 1534 se-

943 1561 1084 1597 quentes
1101 1555 1142 1586 ad
1160 1565 1260 1585 unum
1283 1560 1316 1585 et
1333 1554 1475 1584 eundem
1496 1557 1638 1593 possunt

944 1605 1077 1637 referri.
1137 1605 1224 1637 Nam
1258 1615 1277 1635 a
1306 1603 1525 1635 conventibus
1555 1611 1638 1643 quos

945 1657 1180 1697 Magistratus,
1195 1656 1263 1685 sive
1283 1655 1316 1685 in
1333 1654 1442 1684 Italiae
1459 1652 1640 1693 praefectu·

945 1707 989 1737 ris
1014 1712 1049 1737 et
1073 1706 1105 1736 in
1127 1704 1309 1746 provinciis
1327 1704 1405 1743 suis,
1421 1703 1492 1733 sive
1510 1702 1638 1741 Romae,

945 1758 1001 1799 qui
1018 1762 1053 1789 et
1069 1758 1279 1788 conventiones
1299 1754 1511 1793 dicebantur,
1527 1757 1564 1784 ut
1581 1762 1639 1793 pa-

946 1814 996 1841 tet
1012 1818 1053 1839 ex
1071 1809 1237 1846 Varrone,
1254 1806 1362 1847 quivis
1383 1804 1438 1835 alii
1460 1809 1565 1835 coetus
1580 1803 1638 1834 ho-

945 1860 1070 1889 minum
1088 1866 1299 1898 quacumque
1320 1855 1363 1886 de
1385 1864 1498 1893 causa,
1514 1863 1641 1884 conven-

945 1912 994 1938 tus
1018 1907 1101 1937 dicti
1128 1911 1216 1937 sunt.
1258 1904 1325 1935 Sed
1348 1913 1414 1935 non
1436 1908 1641 1944 praetereun-

946 1958 1036 1996 dum,
1052 1960 1214 1987 com-entus
1237 1955 1369 1985 nomine
1397 1957 1561 1993 praeterea
1583 1951 1639 1983 ‹lc-

946 2007 1068 2048 signari
1099 2015 1218 2046 corpus
1249 2005 1369 2036 civium
1402 2004 1640 2040 Romanorum,

946 2059 1001 2099 qui
1029 2059 1059 2088 in
1088 2057 1259 2098 quibusvis
1288 2054 1423 2095 oppidis
1450 2059 1548 2083 extra
1576 2053 1639 2083 La-

948 2110 1042 2144 tium,
1056 2105 1251 2147 neg-otiandi
1268 2113 1365 2135 causa
1379 2102 1560 2143 degebant,
1573 2112 1640 2143 qua

947 2158 1175 2198 appellatione
1203 2154 1469 2186 secernebantur
1485 2153 1526 2184 ab
1543 2153 1640 2192 oppi-

947 2207 1042 2238 danis
1061 2206 1148 2246 apud
1158 2205 1303 2235 Tullium
1317 2203 1513 2243 saepissime.
1549 2203 1592 2233 Et
1607 2202 1641 2233 in

947 2257 1044 2288 Orat.
1071 2265 1130 2295 pro
1151 2256 1245 2285 Sext.
1269 2255 1278 2269 ‘
1296 2255 1340 2284 Et
1361 2258 1430 2283 tum
1454 2257 1641 2283 conventus

946 2308 1003 2338 ille
1021 2308 1159 2346 Capuae,
1185 2305 1255 2345 qui,
1278 2308 1418 2343 propter
1438 2302 1580 2332 salutem
1603 2301 1641 2332 il-

947 2357 1011 2387 lius
1050 2356 1152 2393 urbis,
1190 2353 1367 2384 consulatu
1409 2356 1640 2382 conservatam

947 2416 1034 2445 meo,
1055 2415 1106 2436 me
1130 2413 1230 2434 unum
1256 2408 1435 2442 patronum
1451 2400 1640 2441 adoptavit,

947 2458 1024 2488 huic
1041 2456 1128 2496 apud
1145 2465 1197 2486 me
1215 2454 1376 2485 maximas
1396 2453 1521 2493 gratias
1546 2451 1642 2492 egit.’

946 2508 1015 2538 Ubi
1055 2508 1064 2523 ‘
1093 2510 1280 2538 conventus
1312 2504 1368 2534 ille
1405 2501 1556 2542 Capuae,’
1587 2506 1640 2532 est

948 2567 1070 2597 corpus
1095 2556 1217 2587 civium
1244 2555 1469 2585 Romanorum
1495 2551 1551 2593 qui
1576 2552 1639 2583 Ca-

949 2618 1024 2649 puae
1044 2607 1226 2647 degebant.
1251 2604 1345 2634 Idem.
